1988 3250
187 207 285 241 oar.
299 193 371 255 vi]
694 193 1130 239 POLICRATICVS
1666 206 1750 249 7²9
1769 207 1799 238 a

186 313 381 356 numinis
400 312 666 356 sollicitatur
685 311 833 369 gratia
853 314 900 354 et
919 311 1046 368 quasi
1070 311 1287 368 religiosis
1306 312 1510 369 precibus
1528 313 1646 357 inui-

185 385 322 434 tatur,
338 381 415 438 qui
435 382 546 425 luxu
566 384 612 424 et
631 380 927 431 immunditia,
938 380 1025 437 piis
1044 381 1268 424 mentibus
1287 381 1477 432 inimica,
1492 383 1645 439 procul

183 450 405 508 abigitur3
434 450 651 507 siquidem
671 453 751 492 aut
765 449 887 492 Deus
906 449 1079 492 sobrius
1098 463 1188 492 non
1208 452 1276 492 est
1295 452 1375 492 aut
1395 451 1436 493 ei
1456 451 1645 495 ebrietas

183 519 397 576 displicet.
454 520 560 563 Sine
579 533 786 562 mensura
804 518 974 560 bibitur
989 518 1045 560 ad
1060 532 1311 561 mensuram
1326 532 1336 570 ;
1366 522 1412 562 et
1431 520 1469 562 is
1488 521 1645 564 ceteris
1661 521 1690 559 b

145 613 166 648 5
183 588 410 646 praeualet
429 589 505 645 qui
524 590 604 631 aut
623 587 730 645 gula
748 590 828 630 aut
847 586 948 630 dolo
962 586 1126 629 strauit
1139 590 1220 630 aut
1235 587 1345 630 uicit
1358 592 1645 645 compotores.

297 663 504 706 Inuenies
533 662 623 706 illic
652 662 728 719 qui
759 661 962 705 Nestoris
991 661 1142 704 ebibat
1170 676 1321 714 annos,

354 724 463 778 quot
491 721 552 764 sit
580 735 658 778 per
685 720 841 764 calices
870 719 992 763 facta
1021 719 1180 762 Sibilla
1208 734 1354 763 senex.

183 795 318 840 Potus
338 796 515 853 quidem
535 796 733 839 animum
758 810 786 838 a
811 794 930 839 curis
949 794 1140 845 redimit,
1160 794 1296 838 soluit
1319 799 1524 847 mentem,
1543 811 1644 840 con-

181 868 353 922 ceptam
373 866 563 909 letitiam
590 864 867 908 dissimulare
893 879 983 907 non
1007 867 1177 921 potest;
1207 865 1458 922 prorumpit
1477 865 1525 907 in
1545 880 1647 909 can·

125 958 168 984 ιο
183 934 272 978 tica
290 937 336 978 et
355 935 412 978 ab
432 935 495 979 eis
519 935 576 978 ab
600 934 829 978 libidinem
856 933 1015 991 uergit.
1074 933 1277 990 Cythara
1307 933 1495 977 crinitus
1515 934 1647 992 Iopas

181 1019 271 1048 non
290 1004 535 1048 stulticinia
554 1004 626 1048 uel
647 1003 845 1048 bucolica
865 1006 1074 1060 personat
1092 1006 1342 1046 amatorum
1363 1003 1440 1046 sed
1460 1018 1513 1047 ea
1533 1018 1646 1061 quae

180 1074 325 1118 ciuilis
345 1077 589 1118 conuentus
615 1076 897 1117 uenustatem
926 1073 1112 1117 deceant
1133 1076 1179 1116 et
1199 1073 1490 1130 philosophici
1511 1074 1644 1117 maie-

180 1146 354 1188 statem.
412 1144 594 1187 Vtinam
630 1143 677 1186 in
702 1142 1061 1187 Christianorum
1096 1142 1267 1186 cetibus
1298 1147 1648 1187 rememorentur

179 1211 258 1255 illa
281 1227 393 1269 quae
419 1212 467 1255 in
496 1212 724 1255 luxurioso
748 1211 936 1255 Didonis
962 1211 1169 1254 conuiuio
1193 1211 1382 1255 crinitus
1411 1215 1457 1255 et
1480 1212 1644 1256 incom-

122 1303 162 1337 15
178 1281 349 1338 positus
379 1281 510 1339 Iopas
544 1281 782 1338 personuit.
843 1280 1026 1323 Vtinam
1058 1280 1256 1324 bucolica
1290 1280 1362 1324 uel
1397 1281 1646 1325 stulticinia

178 1353 426 1394 amatorum
449 1350 760 1407 conquiescant
786 1349 834 1392 111
858 1349 989 1392 domo
1015 1350 1241 1407 sapientis,
1261 1352 1307 1392 et
1330 1364 1383 1393 ea
1410 1350 1456 1393 in
1483 1351 1643 1394 auditu

178 1419 374 1463 omnium
394 1424 599 1463 resonent
619 1434 731 1476 quae
758 1422 838 1462 aut
864 1419 1037 1476 prosint
1067 1422 1147 1462 aut
1175 1419 1270 1462 sine
1298 1420 1577 1476 turpitudine
1597 1425 1642 1464 et
1659 1438 1686 1469 c

178 1490 458 1547 corruptione
492 1489 780 1534 demulceant
852 1489 912 1532 Et
946 1489 1125 1546 quidem
1157 1489 1383 1546 eleganter
1414 1489 1563 1534 innuit
1594 1491 1643 1534 in

177 1558 348 1603 cantico
367 1559 582 1603 citharedi
597 1563 728 1616 poeta
743 1559 1023 1603 doctissimus
1044 1562 1245 1602 ueterum
1266 1559 1549 1616 grauitatem,
1565 1561 1642 1617 qui

118 1649 162 1675 ιο
177 1627 226 1671 111
258 1630 360 1672 cetu
393 1628 515 1672 ciuili
550 1628 687 1672 nichil
726 1629 1026 1672 admittebant
1066 1629 1151 1672 nisi
1191 1629 1309 1686 quod
1342 1632 1528 1672 naturae
1562 1634 1644 1674 aut

177 1711 348 1741 morum
393 1697 684 1742 instructione
726 1698 921 1756 polleret.
991 1698 1201 1741 Plausum
1247 1699 1443 1742 conuiuii
1490 1700 1643 1743 uarius

174 1781 317 1810 sermo
342 1767 635 1824 prosequitur,
665 1782 802 1825 eoque
830 1768 1015 1811 Veneris
1046 1768 1201 1811 munia
1226 1772 1490 1825 procurante
1517 1784 1642 1814 mens

175 1835 297 1880 ebria
343 1836 525 1894 longum
566 1837 844 1880 insolubilem
883 1841 929 1882 et
970 1837 1232 1894 pestiferum
1276 1838 1392 1881 bibit
1434 1853 1641 1891 amorem,

175 1919 306 1962 quem
343 1905 506 1949 diffinit
542 1906 828 1964 philosophus
866 1921 959 1951 esse
997 1907 1396 1964 concupiscentiam
1442 1909 1641 1953 coeundi.

174 2007 199 2043 4
221 1997 269 2043 is]
286 1997 360 2034 hiis
376 1999 409 2035 A
482 2007 531 2082 uf,
558 2001 834 2046 compotatores
849 1998 936 2035 0²8²
1050 2009 1094 2036 10
1110 1998 1266 2036 Cithara
1281 1998 1369 2035 CAS
1464 2011 1582 2047 yopas
1599 2000 1639 2036 M

179 2055 217 2082 11
244 2044 466 2083 stultissima
654 2057 694 2092 13
721 2045 935 2084 christianis
952 2046 992 2082 M
1088 2046 1251 2094 cetibus]
1269 2046 1415 2093 legibus
1433 2047 1472 2084 M
1597 2058 1637 2096 15

174 2103 291 2140 yopas
307 2092 346 2128 Μ
487 2103 533 2139 24
557 2093 813 2141 phylosophus
830 2094 870 2130 M

175 2182 300 2234 specie
317 2180 386 2236 reli
416 2180 511 2218 ‘onis
527 2181 869 2235 conversabantur-3
892 2180 966 2217 hoc
982 2180 1066 2234 loco
1082 2182 1214 2235 tamen
1231 2192 1299 2227 pro
1324 2193 1528 2236 agapetum
1548 2181 1637 2228 poni

176 2227 334 2273 videtur,
366 2239 380 2263 1
439 2230 507 2273 est,
539 2240 793 2266 convivorum
826 2228 927 2274 apud
968 2228 1205 2282 Christianos
1233 2230 1378 2265 veteres
1410 2228 1638 2286 habitorum.

176 2274 508 2369 ἳὲἳῗέἕὲοὲἰῗ.
518 2275 1083 2378 ῗὲἕῗῗέὲοῗῦῗξὲξῗῗῗῖἷ
1101 2276 1507 2369 ἒῗῗῗὲᾴ.,”ἓέῗῦῗ’ᾄῗ
1520 2277 1638 2370 ἕὲἶὶἶῖζ

179 2379 247 2414 114
262 2372 392 2416 seqq.),
403 2369 506 2407 Grat.
522 2372 626 2407 Doer.
644 2370 674 2407 Ι.
687 2369 994 2417 xlii-(Friedberg
1008 2370 1033 2406 i.
1056 2381 1133 2418 151,
1153 2374 1245 2416 152).
1389 2382 1412 2417 4
1438 2372 1575 2407 bibitur
1589 2374 1639 2407 ad

176 2427 401 2452 mensuram:
426 2429 457 2453 v.
473 2416 538 2454 Ov.
554 2419 654 2455 Fast.
670 2417 725 2454 iii.
745 2426 762 2464 5
768 2427 812 2464 32
828 2420 878 2454 ad
894 2430 1151 2464 numerumque
1167 2419 1302 2454 bibunt.
1419 2419 1443 2455 6
1467 2420 1639 2455 Inuem’es

177 2465 271 2500 etc.:
295 2463 362 2500 Ov.
380 2465 479 2500 Faet.
494 2463 549 2501 iii.
570 2473 646 2511 533,
667 2474 744 2511 534.
902 2475 922 2510 7
948 2471 1055 2512 quot:
1081 2478 1173 2512 quae
1190 2464 1256 2503 Ov.
1396 2478 1528 2502 senex:
1555 2478 1639 2503 suos

176 2509 240 2546 Ov.
385 2521 428 2547 10
453 2513 610 2558 Cythara
633 2514 789 2548 crinitus
811 2513 941 2558 Iopas:
966 2513 1077 2560 Verg.
1102 2514 1194 2548 Aen.
1220 2512 1247 2548 i.
1273 2523 1367 2558 7403
1394 2513 1441 2548 cf.
1473 2513 1639 2550 Macrob.

175 2558 251 2599 Sat.
269 2556 331 2592 vii.
354 2567 368 2594 1
391 2557 409 2604 §
431 2568 442 2594 1
449 2569 484 2641 ὃ
625 2569 671 2604 24
695 2561 831 2606 daeffim't
844 2561 1080 2608 philosophus
1095 2562 1190 2597 etc.:
1216 2572 1250 2596 v.
1267 2560 1329 2596 Ar.
1353 2561 1438 2606 Top.
1455 2560 1502 2596 vi.
1522 2570 1554 2606 7.
1572 2562 1639 2605 146

176 2615 211 2640 a.
226 2614 249 2650 9
261 2606 280 2639 ὀ
292 2605 376 2650 ἔρως
391 2605 447 2640 ἐπι
472 2606 550 2651 υμία
565 2608 751 2644 συνουσίας
766 2607 884 2649 ἱστίη
909 2607 1010 2653 quod
1022 2609 1150 2644 tamen
1164 2607 1278 2644 vertit
1293 2607 1474 2644 Boethius
1488 2607 1636 2655 (Migne

175 2652 261 2687 P.L.
272 2650 359 2686 lxiv.
373 2652 457 2698 979)
471 2664 575 2688 amor
585 2655 868 2699 concupiscentia
879 2656 1121 2691 conventionis
1133 2660 1193 2691 est.
1230 2655 1370 2691 Forsan
1384 2655 1461 2691 alia
1478 2667 1564 2691 usus
1579 2658 1636 2692 est

177 2697 339 2735 Ioannes
364 2697 676 2754 interpretatione
700 2711 724 2736 a
747 2699 891 2738 Graeco
916 2702 1078 2747 quodam
1110 2703 1258 2738 natione
1288 2704 1493 2739 Seven-itane
1519 2702 1633 2746 facta,

176 2756 289 2791 quam
310 2747 434 2781 Metal.
462 2746 515 2782 111.
542 2755 559 2793 5
588 2747 671 2794 (902
698 2756 731 2790 c,
749 2747 795 2794 1))
821 2760 943 2794 nuper
958 2748 999 2784 in
1015 2749 1139 2785 lucem
1158 2749 1342 2796 prodiisse
1361 2749 1534 2796 legimus.
1571 2749 1634 2786 Sic

176 2793 300 2828 Metal.
332 2791 372 2828 11.
403 2803 450 2829 20
479 2794 560 2840 (885
588 2794 632 2839 n)
663 2805 800 2831 novam
833 2797 1110 2850 Analyte'corum
1147 2795 1507 2843 interpretationem
1547 2809 1634 2834 cum

177 2839 388 2876 Boethiana
405 2840 562 2878 confert.
610 2841 667 2878 Of.
686 2841 1001 2881 Schaarschmidt.
1017 2844 1173 2879 Iohann.
1192 2844 1331 2880 saresb.
1350 2856 1390 2890 p.
1411 2854 1488 2881 121.

1461 2916 1528 2951 259
