1988 3250
150 183 248 216 mr.
263 167 368 230 x1x]
664 164 1105 211 POLIORATICVS
1629 162 1716 214 789
1735 172 1767 203 a

150 289 295 334 Iulius
335 287 470 333 Cesar
505 286 675 344 primus
714 285 864 329 orbem
903 284 1166 342 prudentiae
1205 286 1252 327 et
1297 283 1361 327 rei
1410 284 1619 327 militaris

150 359 323 403 uiribus
350 356 606 414 adquisiuit.
665 354 812 397 Homo
841 367 1160 411 perpaucorum
1182 356 1228 396 et
1253 353 1324 396 cui
1347 353 1521 396 nullum
1542 368 1618 396 ex·

150 442 297 486 presse
316 426 503 470 similem
524 425 668 468 adhuc
687 423 828 467 edidit
847 426 1011 465 natura
1029 422 1297 464 mortalium.
1357 422 1480 465 Licet
1500 423 1618 465 enim

150 497 304 540 Cicero
329 510 430 539 eum
457 493 619 538 alicubi
644 493 904 537 criminetur
930 491 1048 548 quod
1075 491 1188 534 citra
1211 505 1385 534 omnem
1405 491 1619 534 utilitatis

108 583 131 618 ,5
150 569 230 609 aut
258 564 504 608 honestatis
532 563 720 621 speciem
750 561 1053 604 delectabatur
1082 559 1269 610 iniuriis,
1295 559 1405 602 adeo
1434 562 1487 602 ut
1517 574 1617 602 eum

148 635 294 692 ipsum
314 648 493 692 peccare
513 633 701 684 iuuaret,
722 631 838 674 idem
859 634 1009 674 tamen
1036 629 1175 673 tantis
1202 628 1409 671 laudibus
1429 628 1616 671 eundem

149 704 277 748 effert
300 706 352 747 ut
379 703 561 746 deorum
586 704 762 746 censeat
789 714 951 743 munus
972 714 1027 743 ex
1054 698 1301 741 uirtutibus
1321 700 1617 754 temperatum

151 773 351 816 Romano
371 772 594 815 indultum
615 770 811 828 imperio,
832 771 988 827 utpote
1016 768 1093 826 qui
1120 782 1200 811 nec
1220 766 1442 825 prosperis
1463 766 1617 809 extolli

150 856 230 886 nec
251 841 449 884 aduersis
468 841 618 898 frangi
638 840 826 890 nouerit,
840 838 1101 896 magnificus
1120 837 1215 880 sine
1235 836 1509 886 crudelitate,
1525 835 1618 878 sine
1637 838 1666 877 b

87 921 136 951 10
152 911 403 956 temeritate
451 910 771 967 magnanimus.
850 908 1066 962 Quamuis
1105 906 1221 950 enim
1261 906 1300 948 si
1340 905 1455 948 alius
1493 908 1620 955 esset,

150 983 299 1038 posset
333 979 590 1023 temerarius
619 978 775 1029 uideri,
806 977 943 1022 Cesar
973 980 1123 1020 tamen
1156 975 1305 1019 audax
1348 974 1491 1017 uideri
1530 988 1620 1016 non

151 1049 294 1100 debet,
313 1049 438 1093 cuius
458 1049 666 1092 uoluntas
685 1047 867 1091 deorum
887 1046 1113 1104 aspirante
1133 1044 1287 1088 fauore
1308 1058 1481 1101 semper
1499 1043 1621 1086 infra

151 1122 418 1177 potestatem
447 1118 548 1162 fuit.
607 1117 751 1160 Nemo
781 1115 925 1160 ferum
955 1117 1167 1172 expertus
1196 1117 1265 1158 est
1294 1113 1514 1164 Cesarem,
1533 1112 1621 1155 nisi

152 1189 359 1247 superbia
402 1188 657 1240 rebellaret;
705 1189 971 1245 prouocatus
1011 1184 1187 1228 iniuriis
1226 1198 1393 1241 pronus
1433 1182 1524 1226 fuit
1561 1183 1620 1225 ad

92 1271 135 1305 15
153 1259 353 1311 ueniam;
393 1273 502 1316 quos
532 1258 642 1301 uicit
680 1256 852 1300 uiribus
880 1254 1119 1313 prudentia
1153 1254 1401 1297 antecessit.
1460 1253 1620 1296 Exces-

151 1343 227 1372 sus
257 1329 351 1372 eius
370 1328 639 1371 uidebantur
662 1341 839 1384 sperare
855 1328 900 1368 et
919 1325 977 1368 ad
1006 1324 1225 1368 iustitiam
1252 1323 1473 1380 aspirare;
1502 1323 1620 1380 quod

151 1413 209 1442 ex
239 1413 290 1442 eo
320 1398 458 1442 conici
493 1399 639 1455 potest
670 1395 787 1453 quod
822 1395 995 1438 nullum
1027 1398 1204 1452 tempus
1239 1394 1324 1437 sibi
1351 1393 1497 1436 uoluit
1527 1407 1619 1435 esse

151 1467 454 1526 philosophiae
483 1481 651 1524 expers.
713 1465 798 1508 His
827 1465 1009 1508 uidetur
1038 1464 1222 1508 Orosius
1251 1478 1332 1520 pro
1362 1466 1489 1520 parte
1519 1477 1619 1506 con-

152 1537 328 1582 sentire.
387 1536 502 1581 Cum
537 1536 655 1579 enim
686 1535 733 1578 in
771 1535 935 1593 Egipto
970 1548 1134 1591 magna
1168 1548 1271 1592 pars
1303 1533 1497 1576 militum
1526 1532 1621 1575 eius

94 1621 138 1646 ιο
153 1606 391 1659 cecidisset,
407 1609 453 1650 et
467 1606 571 1664 ipse,
584 1606 700 1650 sicut
715 1605 920 1648 Lucanus
935 1604 1149 1654 meminit,
1161 1606 1393 1661 cogeretur
1407 1602 1621 1659 respicere

154 1675 341 1720 Sceuam
376 1675 464 1734 qui,
497 1674 713 1733 singulari
752 1674 923 1718 uirtute
955 1674 1153 1717 eminens
1188 1673 1307 1716 inter
1346 1672 1621 1723 cesai-ianoe,

148 1745 321 1789 obsedit
1634 1753 1659 1783 c

457 1826 597 1869 muris
625 1826 868 1870 calcantem
898 1825 1046 1868 menia
1075 1824 1301 1882 Magnum,

154 1916 454 1961 insistentium
471 1916 750 1975 Egiptiorum
771 1917 818 1960 ui
839 1931 1016 1974 pressus
1032 1915 1168 1960 Cesar
1187 1915 1395 1973 scapham
1411 1914 1622 1965 ascendit,

95 1999 136 2033 ²5
155 2001 244 2044 qua
262 2001 366 2030 mox
385 1987 576 2044 pondere
591 1986 870 2044 sequentium
891 1988 1082 2043 grauata
1097 1987 1142 2028 et
1157 1999 1301 2028 mersa
1316 1999 1395 2042 per
1409 1984 1622 2028 ducentos

101 2085 112 2100 .
154 2070 309 2114 passus
349 2056 406 2099 ad
447 2071 607 2099 nauem
646 2071 738 2099 una
775 2071 911 2099 manu
952 2056 1080 2106 elata,
1114 2070 1202 2112 qua
1241 2058 1387 2098 cartas
1427 2054 1620 2104 tenebat,

153 2125 350 2168 natando
378 2126 592 2183 peruenit.
652 2125 739 2169 Hic
769 2128 930 2176 tamen,
963 2125 1069 2182 quia
1098 2140 1190 2167 rem
1222 2124 1444 2182 publicam
1485 2124 1621 2166 armis

154 2197 458 2252 occupauerat,
477 2195 682 2239 tirannus
702 2198 935 2253 reputatus
956 2198 1023 2238 est
1044 2198 1089 2238 et
1108 2209 1272 2252 magna
1292 2197 1419 2251 parte
1439 2196 1621 2236 senatus

153 2264 452 2308 consentiente
483 2265 648 2308 strictis
677 2265 946 2323 pugionibus
969 2265 1136 2309 occisus
1163 2264 1210 2306 in
1235 2263 1469 2321 Capitolio.
1532 2263 1620 2306 Sed

95 2348 136 2380 30
155 2336 201 2377 et
230 2332 292 2375 ibi
321 2333 565 2377 honestatis
587 2349 755 2378 memor
778 2335 960 2393 *extitit3
1000 2338 1053 2377 ut
1079 2334 1197 2376 enim
1225 2333 1546 2376 animaduertit
1574 2348 1620 2376 se

153 2470 177 2505 4
203 2471 289 2497 eum
306 2459 427 2496 cicero
444 2459 468 2495 S
635 2461 709 2543 ἢὸ
731 2459 855 2507 ipsum
872 2471 1030 2507 peccare
1046 2471 1133 2497 eum
1150 2458 1196 2494 A¹
1367 2469 1409 2505 ¹3
1434 2460 1491 2496 est
1508 2470 1574 2495 om.
1595 2457 1620 2494 S

159 2517 202 2553 ¹9
226 2509 366 2553 egypto
382 2507 435 2543 Β·
459 2508 623 2555 aegypto

202 2626 226 2661 4
248 2617 368 2652 Cicero
381 2616 477 2653 etc.:
504 2628 536 2652 v.
552 2618 594 2652 de
609 2618 674 2661 Off.
691 2615 745 2654 iii.
758 2626 800 2654 21
818 2615 860 2663 §§
877 2618 1003 2663 82-85‚
1016 2616 1057 2653 ii
1074 2627 1119 2661 24
1134 2616 1151 2663 ξ
1168 2617 1226 2662 84.
1366 2618 1389 2653 6
1413 2618 1509 2652 idem
1525 2618 1620 2652 etc.:

154 2663 264 2700 Vnde
291 2663 421 2700 laudes
443 2662 612 2699 Caesaris
634 2675 730 2710 quae
747 2667 955 2710 sequuntur
977 2664 1230 2710 desumpserit
1252 2663 1424 2708 Ioannes,
1443 2663 1620 2719 equidem

155 2721 306 2795 2²&ae
323 2756 412 2794 Luc
425 2714 838 2815 ¹121..'”.‘;.⁹;‘f';12‘31⁸522⁰:²
864 2723 897 2748 v
914 2711 1264 2803 trattati&
1282 2760 1352 2795 ete
1367 2722 1433 2794 ,²3
1450 2713 1622 2794 33:2⁶.

158 2814 199 2852 15
220 2804 238 2852 ξ
259 2815 314 2851 34.
456 2815 502 2851 30
526 2810 567 2840 ut
583 2807 680 2840 em'm
695 2807 958 2842 animaduertit
973 2807 1068 2843 etc.:
1095 2817 1127 2841 v.
1148 2805 1252 2842 Suet.
1268 2807 1340 2842 Iul.
1358 2807 1415 2842 82.

1446 2875 1512 2919 3⁶⁵
