1988 3250
210 246 300 295 596
317 242 346 283 d
689 244 951 289 IOANNIS
991 243 1508 290 SARESBERIENSIS
1657 246 1771 304 [ΜΒ.
1784 258 1838 291 vt

362 425 470 484 Cap.
487 435 526 483 5.
556 426 659 470 Duo
678 442 761 471 esse
775 426 1031 484 praecipua
1053 441 1169 483 quae
1187 427 1384 471 militem
1391 427 1598 485 faciunt,
1617 427 1836 472 delectum

801 497 966 540 scilicet
986 501 1024 540 et
1045 501 1400 541 sacramentum.

418 596 490 641 Ne
513 611 585 641 me
611 600 763 641 tamen
789 600 920 655 putes
944 597 1164 640 inimicari
1194 597 1381 640 militiae
1411 600 1457 641 et
1485 597 1600 641 uitia
1628 612 1834 656 persona-

360 681 461 710 rum
504 667 554 709 in
593 667 736 710 officia
775 670 1042 724 retorquere,
1083 681 1165 725 ego
1203 667 1500 724 patrocinium
1543 668 1638 711 eius
1676 668 1835 725 quouis

358 737 579 780 renitente
608 736 800 793 suscipio
831 739 878 779 et
906 750 1004 779 eam
1036 739 1216 779 auctore
1246 735 1438 779 Domino
1466 736 1834 780 sufficientissime
1852 748 1871 783 5

359 807 589 850 excusabo.
650 805 870 849 Professio
897 820 1088 862 namque
1113 808 1207 848 tam
1237 805 1475 849 laudabilis
1504 809 1573 849 est
1595 821 1729 863 quam
1758 821 1834 850 ne—

358 876 560 927 cessaria,
580 878 627 919 et
654 890 787 932 quam
813 890 943 918 nemo
970 875 1227 933 uituperare
1253 878 1400 933 potest
1430 876 1555 919 salua
1584 876 1835 919 reuerentia

359 944 444 988 Dei
483 960 512 988 a
555 959 643 1002 quo
689 947 758 988 est
803 945 1026 988 instituta.
1105 945 1282 988 Veteris
1320 945 1614 988 Instrumenti
1653 945 1834 989 reuolue

359 1014 520 1057 seriem
548 1017 594 1058 et
622 1014 824 1057 inuenies
853 1014 919 1057 ita
948 1029 1042 1058 esse
1071 1016 1125 1057 ut
1154 1014 1263 1058 dico.
1323 1014 1475 1058 Nichil
1504 1014 1622 1058 enim
1651 1014 1708 1057 ad
1738 1029 1832 1058 rem

212 1093 295 1135 597
314 1095 344 1124 a
360 1084 536 1136 attinet,
575 1083 613 1126 si
653 1083 730 1126 isti
769 1084 1138 1140 praeuaricantur
1176 1083 1385 1141 quoniam
1430 1083 1493 1127 eis
1531 1083 1606 1127 lex
1644 1083 1831 1127 militiae
1851 1102 1894 1128 ιο

359 1153 506 1210 posita
532 1167 622 1195 non
649 1155 728 1203 est,
747 1167 828 1196 nec
852 1153 1013 1210 aliquis
1038 1167 1202 1206 eorum,
1223 1155 1276 1196 ut
1301 1155 1418 1196 recte
1442 1152 1685 1210 loquamur,
1705 1152 1832 1196 miles

358 1224 437 1264 est.
497 1221 615 1279 Lege
634 1222 771 1266 libros
791 1226 885 1266 tam
906 1222 1220 1266 ecclesiasticos
1240 1237 1373 1280 quam
1399 1222 1648 1265 mundanos
1669 1222 1831 1279 quibus

358 1290 511 1348 agitur
534 1291 589 1334 de
615 1306 663 1334 re
686 1291 896 1344 militari3
926 1294 972 1335 et
997 1291 1234 1334 manifeste
1259 1291 1460 1334 inuenies
1483 1291 1571 1334 duo
1595 1305 1687 1334 esse
1718 1305 1831 1348 quae

358 1360 547 1403 militem
573 1359 757 1411 faciunt,
777 1361 1034 1404 electionem
1054 1361 1221 1404 scilicet
1241 1363 1287 1404 et
1306 1362 1642 1403 sacramentum.
1706 1359 1830 1404 Haec

359 1430 478 1472 enim
499 1429 587 1473 duo
606 1430 858 1473 communia
878 1433 984 1473 sunt
1003 1430 1073 1472 his
1093 1430 1171 1487 qui
1191 1429 1467 1488 spiritualem
1487 1433 1533 1472 et
1558 1429 1829 1486 corporalem
1849 1448 1890 1484 15

357 1498 566 1541 militiam
598 1501 816 1542 exercent.
887 1499 984 1542 Hos
1019 1499 1137 1542 enim
1172 1499 1230 1542 ad
1263 1498 1559 1542 ministerium
1593 1498 1749 1541 altaris
1784 1501 1830 1542 et

356 1568 528 1611 cultum
558 1568 764 1612 ecclesiae
793 1571 926 1611 uocat
954 1568 1110 1626 lingua
1138 1567 1371 1625 pontificis,
1398 1567 1498 1610 illos
1526 1566 1583 1609 ad
1612 1566 1829 1610 defensio-

357 1652 458 1680 nem
484 1637 549 1680 rei
576 1637 779 1695 publicae
808 1637 935 1695 eligit
962 1637 1116 1695 lingua
1143 1637 1277 1680 ducis.
1337 1636 1405 1679 De
1425 1635 1586 1693 quibus
1605 1635 1757 1679 officiis
1785 1639 1831 1680 et

356 1706 464 1750 locis
484 1707 636 1764 quales
657 1710 703 1750 et
722 1707 915 1764 qualiter
934 1707 991 1750 ad
1012 1707 1278 1750 alterutrum
1298 1706 1489 1749 officium
1514 1705 1704 1762 eligendi
1725 1705 1829 1759 sint,

356 1777 575 1820 maiorum
596 1777 762 1834 scripta
781 1777 1020 1821 declarant.
1061 1776 1160 1827 Sed,
1177 1776 1283 1833 quia
1301 1789 1419 1818 nunc
1439 1774 1647 1818 secularis
1667 1775 1829 1818 militia
1847 1793 1892 1818 20

356 1850 564 1890 uersatur
587 1847 634 1889 in
661 1847 878 1900 manibus,
904 1847 977 1890 uel
996 1847 1209 1904 Vegetius
1236 1846 1434 1888 Renatus
1461 1859 1594 1901 super
1617 1844 1829 1888 electione

357 1916 552 1960 militum
587 1917 808 1960 audiatur.
868 1916 948 1960 Ait
982 1931 1108 1974 ergo:
1147 1915 1203 1958 In
1243 1915 1325 1958 hoc
1358 1914 1498 1957 totius
1528 1913 1592 1956 rei
1626 1914 1829 1971 publicae

311 1989 341 2027 b
358 1985 478 2028 salus
497 1986 703 2036 uertitur,
723 1989 776 2029 ut
799 1986 967 2029 tirones
993 2000 1083 2029 non
1105 1987 1282 2028 tantum
1309 1983 1565 2040 corporibus
1591 1983 1667 2026 sed
1691 1983 1827 2026 etiam

358 2055 519 2098 animis
548 2055 919 2112 praestantissimi
948 2055 1232 2113 delegantur;
1266 2053 1385 2096 uires
1413 2052 1539 2110 regni
1560 2055 1607 2095 et
1636 2052 1827 2096 Romani

357 2124 549 2167 nominis
593 2124 935 2167 fundamentum
975 2124 1023 2166 in
1068 2124 1212 2181 prima
1257 2122 1452 2166 delectus
1499 2121 1826 2166 examinatione
1845 2137 1888 2173 ²5

355 2193 615 2237 consistunt.
695 2193 789 2236 Nec
828 2194 925 2236 leue
965 2193 1046 2236 hoc
1085 2196 1269 2250 putetur
1308 2191 1498 2235 officium
1538 2194 1618 2234 aut
1661 2191 1826 2248 passim

357 2263 706 2320 quibuscumque
737 2263 1050 2313 mandandum,
1080 2262 1198 2320 quod
1228 2261 1346 2319 apud
1376 2264 1549 2303 ueteres
1585 2260 1703 2303 inter
1731 2262 1826 2303 tam

356 2332 485 2375 uaria.
517 2347 680 2390 genera
714 2333 935 2375 uirtutum
975 2333 1208 2389 praecipue
1247 2334 1422 2375 constat
1457 2345 1550 2373 esse
1582 2330 1827 2375 laudatum.

358 2401 577 2445 quentus
616 2402 747 2452 enim,
791 2402 861 2444 cui
909 2401 1109 2444 defensio
1151 2400 1479 2457 prouinciarum
1527 2399 1740 2450 imminet,
1780 2402 1826 2443 et

356 2471 554 2514 moribus
587 2470 799 2514 excellere
830 2470 962 2513 debet
997 2474 1042 2514 et
1080 2470 1263 2513 uiribus.
1326 2470 1547 2513 Honestas
1579 2469 1697 2511 enim
1732 2469 1824 2513 ido·
1842 2483 1888 2517 30

355 2555 487 2584 neum
519 2541 705 2583 militem
737 2540 884 2583 reddit
912 2543 958 2583 et
988 2540 1264 2592 uerecundia,
1285 2539 1391 2582 dum
1421 2538 1628 2596 prohibet
1658 2538 1825 2596 fugere,

355 2652 378 2687 8
404 2663 479 2697 qua.
496 2650 535 2686 M
669 2659 708 2699 15
736 2648 912 2686 comunis.
930 2647 954 2685 S
1087 2651 1128 2687 18
1154 2651 1194 2686 ct
1212 2650 1373 2685 inseruit
1405 2660 1473 2686 om.
1493 2647 1657 2685 CBASM
1777 2658 1823 2695 23

355 2701 507 2746 tyrone·
524 2698 555 2734 A

402 2807 444 2833 22
472 2797 519 2832 In
537 2796 601 2833 hoc
615 2798 723 2831 totius
741 2798 814 2832 etc.
831 2807 845 2850 ².
865 2806 896 2830 v.
915 2794 1049 2841 Veget.
1069 2793 1092 2830 i.
1112 2803 1144 2839 7.
1298 2796 1342 2831 28
1363 2795 1580 2851 pmecr‘pue:
1606 2795 1647 2829 in
1664 2795 1823 2831 Ser-torto

346 2843 1183 2938 25355213?⁶v231¹33²v2'3552¹3¹5·00mp0332·„{?
1195 2842 1634 2937 rzaeza’ffsszzsssssdkr‘
1665 2843 1762 2878 ‘²⁶²'²²
1789 2846 1822 2879 “

467 2963 508 2998 16
