1988 3250
242 230 322 280 675
339 225 371 270 d
697 223 960 271 IOANNIS
999 223 1517 270 SARESBERIENSIS
1654 223 1769 286 [LIB-
1783 236 1857 270 vn

387 346 472 391 etsi
491 347 776 405 nonpopulo,
795 350 946 392 tamen
967 350 1188 405 quatenus
1207 345 1394 404 quisque
1413 347 1562 403 potest
1590 346 1857 390 dominatur.

388 416 494 460 Non
514 417 633 460 enim
652 417 708 461 de
728 418 799 461 his
818 418 1054 461 institutus
1070 419 1138 460 est
1152 430 1296 460 sermo
1311 415 1388 472 qui
1404 418 1511 459 sunt
1523 416 1703 460 omnino
1718 415 1858 459 animi

387 485 579 531 defecati
614 490 660 530 et
693 487 965 531 subiectione
995 486 1208 531 continua
1241 485 1487 542 gaudentes
1515 484 1649 528 alicui
1680 485 1728 528 in
1760 486 1860 528 uita

235 560 320 610 676
341 571 372 601 a
387 570 589 614 praeesse
612 556 844 614 refugiunt
851 570 862 609 3
891 557 989 599 uita
1012 555 1161 612 potius
1187 554 1470 612 politicorum
1494 554 1759 598 excutienda
1780 556 1860 598 est.

389 625 532 679 Quem
552 625 687 669 michi
707 625 834 668 dabis
854 625 973 668 inter
992 625 1091 668 illos
1112 624 1188 681 qui
1209 638 1299 666 non
1319 623 1430 666 uelit
1453 623 1526 666 uel
1544 638 1685 667 unum
1704 626 1858 681 poten·
1879 643 1899 678 5

387 695 454 738 tia
482 695 683 740 anteire?
742 695 853 748 Quis
883 697 951 737 est
980 694 1057 751 qui
1084 693 1199 736 nolit
1225 693 1310 736 sibi
1338 693 1408 735 ius
1439 707 1532 736 esse
1557 693 1606 736 in
1632 692 1860 750 aliquem?

389 763 501 818 Quis
520 767 588 807 est
608 764 686 821 qui
705 764 768 808 sic
789 764 1018 807 subditum
1043 765 1207 806 tractet
1233 762 1349 805 sicut
1378 777 1425 805 se
1451 762 1588 806 uellet
1610 762 1795 806 tractari
1821 762 1861 805 si

388 834 676 878 subderetur?
735 833 855 876 Dum
871 848 976 890 ergo
991 833 1177 876 ambitio
1192 832 1437 883 inualescit‚
1451 832 1621 876 calcata
1634 832 1861 889 aequitate

388 903 588 961 procedit
626 903 850 946 iniustitia
881 906 937 953 et,
969 902 1208 945 tirannidis
1242 916 1484 959 procurans
1517 904 1678 953 ortum,
1707 900 1858 945 omnia

388 972 550 1030 quibus
579 972 657 1015 illa
682 972 839 1016 crescit
866 972 1116 1029 exequitur.
1174 971 1263 1024 Qui
1291 985 1396 1029 ergo
1423 971 1514 1015 suis
1542 985 1634 1014 non
1659 971 1861 1028 preualet
1881 989 1924 1014 ιο

387 1042 572 1093 1111111118,
592 1042 755 1085 nititur
781 1041 948 1084 alienis.
1009 1040 1090 1083 Est
1117 1040 1269 1083 uidere
1297 1040 1646 1098 quamplurimos
1669 1054 1862 1097 aucupes

389 1114 675 1168 potestatum,
705 1111 923 1154 honorum
957 1124 1124 1167 procos,
1157 1110 1369 1153 adherere
1407 1109 1676 1167 potentibus,
1710 1125 1758 1154 se
1797 1110 1862 1154 rei

389 1179 591 1238 publicae
611 1180 776 1224 muniis
796 1180 1052 1230 immiscere,
1072 1182 1344 1236 temptantes
1364 1179 1485 1222 uiam
1506 1194 1595 1236 qua
1613 1194 1660 1223 se
1688 1179 1862 1236 possint

390 1249 567 1294 elabere
582 1249 654 1293 uel
675 1264 732 1292 ex
752 1249 939 1292 aduerso
955 1249 1002 1291 in
1018 1248 1160 1291 altum
1175 1248 1341 1299 tollere,
1354 1263 1442 1306 quo
1457 1263 1563 1306 prae
1577 1248 1677 1292 aliis
1691 1249 1864 1306 possint

390 1321 471 1363 aut
502 1318 660 1361 saltem
691 1333 817 1375 posse
852 1317 1024 1361 ratione
1059 1318 1269 1361 consortii
1304 1318 1555 1362 uideantur.
1613 1317 1863 1361 Effundunt
1882 1334 1923 1370 15

342 1391 373 1432 b
390 1388 670 1446 patrimonia,
700 1388 872 1430 labores
900 1388 1136 1430 immensos
1171 1387 1496 1444 aggrediuntur
1526 1389 1572 1431 et
1605 1387 1863 1445 perferunt3

390 1457 558 1501 instare
581 1457 803 1514 obsequiis
831 1460 876 1499 et
902 1457 1132 1500 blanditiis
1159 1457 1396 1500 sollicitare
1427 1471 1536 1514 quos
1562 1460 1746 1515 captant
1772 1472 1863 1501 non

391 1530 615 1571 uerentur.
676 1526 864 1569 Nullum
899 1541 1004 1583 ergo
1036 1526 1228 1570 officium
1258 1526 1508 1584 gratuitum
1537 1529 1617 1580 est,
1641 1541 1732 1570 non
1766 1526 1862 1570 dux

390 1599 472 1640 aut
498 1596 646 1648 iudex,
666 1596 867 1639 centurio
894 1599 974 1638 aut
993 1596 1196 1647 decanus,
1217 1595 1294 1639 sed
1322 1611 1403 1640 nec
1429 1610 1587 1653 praeco
1613 1610 1692 1640 nec
1718 1611 1860 1654 caupo

390 1665 478 1709 11181
499 1665 555 1708 ad
576 1665 769 1722 pretium
790 1664 878 1708 fiet.
937 1665 1000 1708 At
1020 1665 1128 1709 haec
1149 1665 1197 1707 in
1217 1665 1459 1723 prophanis
1479 1665 1739 1717 tolerabilia,
1754 1665 1862 1709 dum
1882 1689 1926 1715 20

390 1749 506 1793 quae
517 1734 694 1791 publica
709 1737 815 1777 sunt
830 1734 1015 1777 ambitio
1030 1749 1119 1777 non
1134 1738 1390 1792 corrumpat
1403 1749 1412 1787 ;
1442 1750 1547 1778 nam
1563 1749 1864 1793 quaecumque

391 1804 570 1862 publica
608 1807 725 1854 sunt,
755 1804 911 1860 pietati
942 1804 1105 1847 debent
1135 1807 1180 1848 et
1216 1805 1320 1848 fidei
1356 1805 1626 1858 consecrari;
1667 1807 1864 1848 ceterum

346 1915 349 1917 Α
391 1874 499 1918 11888
538 1873 841 1916 ambitiosiora
880 1876 987 1916 sunt
1026 1877 1072 1917 et
1110 1875 1191 1916 uix
1230 1878 1311 1917 aut
1349 1889 1593 1932 numquam
1635 1875 1778 1932 gratis
1815 1875 1865 1919 in

391 1943 584 2000 aliquem
615 1942 791 1986 cadunt.
851 1943 939 1986 Sed
964 1946 1175 2000 poterunt
1202 1944 1256 1987 de
1280 1944 1350 1987 his
1374 1959 1486 2001 quae
1515 1946 1622 1987 sunt
1645 1944 1703 1987 ab
1727 1944 1864 1988 Insti-

392 2013 566 2057 tutione
588 2012 767 2055 Traiani
798 2013 1000 2069 superius
1028 2013 1148 2056 dicta
1176 2013 1386 2057 sufficere.
1447 2013 1723 2057 Domesticas
1748 2014 1862 2058 cala·
1882 2036 1925 2072 ²⁵

392 2082 572 2126 mitates
592 2085 637 2125 et
657 2082 902 2124 thalamum
924 2083 1167 2139 sapientiae
1189 2083 1439 2140 expositum
1456 2083 1799 2127 fornicatoribus
1819 2086 1866 2128 et

392 2150 633 2196 sanctuarii
664 2151 887 2194 interioris
915 2166 1131 2194 recessum
1163 2152 1209 2194 in
1237 2152 1532 2209 prostibulum
1562 2155 1867 2209 permutatum

391 2221 487 2265 sine
510 2219 682 2278 gemitu
703 2223 748 2263 et
769 2219 960 2263 lacrimis
985 2235 1153 2277 nequeo
1178 2221 1418 2278 deplorare.
1477 2221 1648 2265 Domus
1674 2236 1867 2280 namque

352 2306 378 2338 c
393 2291 606 2336 orationis
627 2289 951 2347 negotiationis,
967 2289 1158 2333 Domino
1175 2290 1449 2347 prohibente,
1467 2290 1588 2334 facta
1604 2294 1671 2334 est
1686 2291 1865 2346 domus3

393 2362 440 2405 et
479 2359 694 2418 templum
735 2358 974 2402 fundatum
1011 2358 1059 2402 in
1099 2359 1245 2416 lapide
1285 2359 1497 2403 adiutorii
1546 2360 1593 2403 in
1640 2360 1865 2405 latronum
1883 2380 1927 2416 3ο

392 2429 647 2488 speluncam
687 2442 864 2470 uersum
905 2430 984 2472 est.
1054 2427 1283 2485 Siquidem
1326 2429 1519 2472 Ecclesia
1564 2429 1671 2473 data
1710 2434 1778 2474 est
1817 2430 1866 2475 in

392 2498 685 2556 direptionem
706 2498 805 2540 aliis
827 2498 984 2554 palam,
1005 2497 1104 2540 aliis
1131 2497 1244 2541 clam
1269 2499 1587 2555 occupantibus
1607 2514 1704 2543 eam
1722 2514 1732 2553 ;
1760 2514 1866 2544 nam

397 2603 441 2640 16
465 2601 716 2649 agrediuntur
733 2601 821 2637 GBS

446 2693 525 2720 lor
515 2685 599 2718 1:110
635 2684 658 2719 i.
671 2695 702 2720 8.
736 2682 919 2730 tyrannis.
1112 2691 1153 2727 13
1180 2686 1392 2727 temmptant
1427 2694 1462 2717 m
1459 2683 1527 2717 ‘tan
1561 2683 1634 2719 etc.
1650 2695 1658 2720 ε
1685 2694 1716 2720 v.
1750 2682 1863 2732 Verg.

397 2730 521 2775 Geor-q.
543 2730 594 2766 iii.
615 2732 648 2774 8,
666 2741 699 2776 9.
772 2741 811 2776 14
833 2743 902 2777 pon
904 2731 949 2764 m·
951 2730 1090 2766 teta:
1119 2691 1167 2765 0³1⁸.
1179 2728 1343 2812 Verqdd
1349 2742 1403 2765 en.
1417 2742 1448 2765 v.
1461 2740 1541 2775 23¹·
1608 2739 1651 2777 25
1677 2733 1865 2777 superius.

395 2789 434 2815 111
450 2778 547 2814 hbro
565 2778 709 2824 quinto.
863 2779 906 2814 28
934 2778 1071 2813 Domue
1088 2779 1161 2813 ctc.
1215 2789 1235 2811 v
1310 2779 1379 2813 att.
1400 2776 1474 2812 xxi.
1498 2787 1561 2831 13·
1588 2777 1719 2816 Ioann.
1739 2778 1778 2816 ii.
1801 2780 1865 2822 16,

394 2825 577 2864 8120181.
607 2828 709 2863 Dm·
736 2824 783 2861 11.
806 2826 857 2862 16.
878 2838 914 2871 q.
935 2834 954 2870 7
985 2824 1032 2861 ad
1057 2824 1140 2861 init.
1169 2824 1243 2869 (ed.
1269 2824 1403 2861 Fuedl
1394 2837 1483 2879 erg
1499 2823 1523 2862 i.
1551 2837 1590 2872 p.
1614 2828 1711 2874 800).
1819 2836 1866 2874 30

394 2877 433 2910 in
450 2875 513 2920 1a1
502 2875 572 2909 nde
589 2875 653 2909 adi
655 2875 786 2910 utor-ii:
818 2885 850 2908 v.
874 2873 999 2919 [ch.
1019 2871 1082 2909 vii.
1105 2882 1168 2915 12;
1195 2871 1242 2908 cf.
1260 2872 1343 2909 Act.
1358 2873 1454 2919 App.
1474 2872 1522 2910 iv.
1542 2883 1597 2911 11.

509 2945 569 2979 162
