1988 3250
174 225 274 260 off.
289 212 374 274 111]
683 181 1121 258 PomoRAriovs
1484 245 1486 247 .
1659 207 1749 263 640·
1769 225 1794 254 c

173 338 219 379 et
238 334 486 378 defluxione
503 332 703 383 Occeani‚
719 331 774 374 de
793 334 896 374 ortu
912 330 1019 383 Nili,
1035 331 1090 373 de
1110 331 1346 374 humorum
1366 332 1414 374 in
1429 332 1636 382 animali-

173 403 255 446 bus
274 402 530 459 corporibus
552 403 792 458 augmento
817 402 863 442 et
891 399 1186 453 diminutione
1213 400 1271 442 ad
1295 404 1466 443 motum
1493 401 1637 452 lunae,

171 472 226 516 de
245 472 383 515 uariis
402 470 583 514 latentis
603 472 789 512 naturae
809 468 1000 519 secretis,
1014 468 1069 511 de
1089 468 1242 511 officiis
1262 472 1308 511 et
1326 470 1465 513 uariis
1479 471 1636 527 figuris

169 555 401 585 causarum
422 554 534 597 quae
554 539 601 581 in
621 537 920 582 contractibus
935 540 1015 580 aut
1030 538 1156 594 quasi
1176 538 1488 589 contractibus,
1500 540 1635 582 male-

132 628 152 663 5
170 610 281 654 ficiis
319 612 398 652 aut
441 609 567 666 quasi
602 607 841 659 maleficiis,
876 610 956 650 aut
995 606 1094 650 aliis
1133 621 1281 649 rerum
1316 606 1472 650 formis
1511 609 1635 652 uarie

169 678 385 729 oriuntur,
405 677 459 720 de
478 680 641 720 natura
668 679 713 719 et
737 676 943 733 operibus
973 676 1079 727 eius,
1099 676 1154 718 de
1184 676 1375 719 ueritate
1405 679 1451 719 et
1480 677 1636 733 primis

169 762 316 791 rerum
355 747 496 790 initiis
535 746 583 788 in
623 746 784 803 quibus
823 745 1068 787 humanum
1107 745 1336 802 ingenium
1376 745 1535 796 deficit,
1575 761 1633 789 an
1652 747 1680 787 d

168 817 315 875 angeli
334 816 514 860 omnino
533 830 614 858 sua
633 830 723 858 non
743 814 937 858 habeant
956 818 1036 858 aut
1056 814 1206 871 qualia
1226 814 1421 857 habeant
1440 829 1634 872 corpora,

167 885 214 930 'et
252 901 365 943 quae
403 885 475 943 pie
514 887 790 942 quaeruntur
820 884 874 927 de
908 884 1005 941 ipso
1037 883 1132 927 Deo
1165 884 1242 941 qui
1277 884 1416 927 totius
1447 888 1635 928 naturae

110 971 152 998 ιο
167 955 396 999 rationalis
430 954 604 998 excedit
632 953 1022 1010 inuestigationem
1062 956 1108 996 et
1146 968 1280 1010 super
1318 954 1477 1003 omnia,
1521 969 1634 1011 quae

166 1028 313 1068 mente
334 1026 519 1082 possunt
537 1023 718 1080 concipi,
738 1023 975 1066 exaltatur.
1035 1023 1220 1066 Possent
1240 1023 1287 1065 in
1308 1023 1425 1066 hunc
1452 1024 1633 1066 modum

166 1094 363 1138 enarrari
402 1108 535 1151 quam
574 1093 767 1150 plurima
806 1108 919 1150 quae
958 1092 1021 1136 sic
1059 1093 1383 1136 dubitationem
1419 1094 1633 1150 sapientis

165 1163 411 1207 admittunt
431 1165 483 1206 ut
505 1166 655 1206 tamen
676 1162 899 1206 dubitatio
925 1162 1023 1220 ipsa
1046 1162 1233 1219 uulgum
1254 1166 1517 1220 praetereat.
1576 1163 1631 1206 In

164 1233 235 1276 his
263 1233 414 1290 itaque
443 1231 574 1276 facile
603 1232 861 1275 crediderim
890 1232 1206 1275 Achademicos
1236 1236 1364 1275 tanto
1389 1232 1631 1276 modestius

109 1318 147 1355 15
165 1302 390 1346 dubitasse
420 1304 587 1359 quanto
618 1316 692 1344 eos
726 1302 992 1345 temeritatis
1027 1302 1335 1359 praecipitium
1371 1302 1631 1359 diligentius

163 1371 439 1430 praecauisse
468 1371 682 1429 repperio.
754 1371 879 1414 Adeo
899 1371 1077 1428 quidem
1098 1375 1162 1422 ut,
1182 1386 1283 1414 cum
1305 1371 1424 1428 apud
1445 1372 1630 1429 scripto-

163 1455 235 1485 res
252 1441 301 1484 in
319 1441 426 1484 locis
445 1455 534 1484 non
554 1441 718 1498 passim
739 1441 888 1483 dubiis
908 1441 1046 1483 uerba
1066 1441 1389 1498 quodammodo
1409 1442 1629 1499 ambigua,

165 1510 314 1569 qualia
335 1513 441 1554 sunt
464 1510 595 1554 haec:
623 1509 665 1554 si
677 1510 797 1567 forte
814 1510 1003 1566 sortasse
1024 1515 1070 1554 et
1087 1510 1307 1568 forsitan,
1328 1510 1630 1568 proferuntur,

164 1580 456 1624 Achademico
474 1580 680 1624 dicantur
706 1580 775 1623 usi
799 1584 1160 1638 temperamento,
1184 1595 1235 1623 eo
1264 1580 1383 1637 quod
1410 1584 1629 1638 tempera-

107 1669 150 1695 20
165 1650 299 1694 tiores
313 1650 413 1693 aliis
427 1650 708 1693 Achademici
726 1649 906 1701 fuerint,
922 1651 998 1708 qui
1019 1665 1193 1694 omnem
1210 1651 1343 1694 ueriti
1363 1654 1470 1694 sunt
1490 1655 1626 1695 teme·
1645 1653 1722 1703 641
1741 1665 1773 1694 a

164 1719 307 1763 rariae
325 1719 602 1763 diffinitionis
621 1719 769 1763 subire
789 1723 942 1764 notam
964 1724 1009 1764 et
1029 1720 1339 1778 praecipitium
1360 1719 1583 1766 falsitatis.

163 1847 271 1907 Cap.
290 1863 329 1907 3.
380 1849 505 1894 V‘nde
533 1849 648 1893 dicti
676 1849 771 1894 sim
802 1849 1095 1894 Achade‘mici
1107 1870 1126 1901 ;
1171 1855 1209 1895 et
1239 1851 1344 1909 quis
1374 1851 1514 1895 timor
1542 1856 1627 1896 aut

269 1919 424 1976 passio
451 1919 616 1964 mattis
645 1920 896 1964 secundum
926 1920 1160 1978 Ayelliwm
1196 1925 1235 1965 et
1265 1921 1431 1965 Stoicos
1464 1922 1521 1965 in
1555 1937 1625 1966 sa-

269 1988 471 2045 pientem
501 1989 645 2032 cadat.

102 2100 146 2138 ⁸⁵
219 2078 500 2142 Achademici
520 2080 698 2138 quidem
718 2081 827 2125 dicti
851 2085 958 2125 sunt
979 2082 1037 2125 ab
1057 2082 1339 2134 Achademia,
1359 2084 1476 2128 unde
1497 2084 1626 2128 Plato

162 2149 315 2193 extitit
333 2149 556 2201 oriundus,
578 2151 654 2208 qui
675 2151 863 2194 eundem
883 2166 989 2195 suae
1009 2152 1266 2196 natiuitatis
1287 2153 1431 2200 locum
1459 2157 1505 2198 et
1531 2159 1624 2199 stu-

159 2217 291 2261 dendi
310 2233 394 2262 usu
414 2222 460 2262 et
479 2219 793 2277 discipulorum
808 2220 1061 2278 frequentia
1075 2222 1421 2280 meritorumque
1441 2239 1623 2267 suorum

158 2286 411 2331 celebritate
430 2287 537 2331 fecit
551 2288 781 2346 insignem.
839 2290 974 2333 Illum
990 2305 1097 2334 uero
1112 2291 1255 2335 locum
1271 2293 1428 2335 ceteris
1443 2298 1620 2350 praetu-

158 2354 214 2399 lit
239 2370 291 2399 eo
317 2356 434 2413 quod
454 2357 511 2400 ad
531 2358 835 2413 incutiendum
854 2359 1072 2412 timorem,
1092 2375 1181 2418 quo
1200 2361 1314 2404 uitia
1332 2363 1621 2419 reprimeren-

100 2444 144 2479 30
159 2428 236 2469 tur
254 2429 299 2469 et
317 2427 471 2484 agnita
493 2427 743 2472 conditione
770 2429 840 2472 sui
866 2430 1083 2474 modestia
1107 2431 1283 2475 fidelius
1307 2437 1620 2484 reseruaretur,

158 2562 180 2590 2
205 2555 384 2599 agmento
401 2553 426 2591 S
567 2566 612 2592 22
631 2562 715 2603 poet
728 2559 798 2594 aut
814 2559 897 2595 add.
914 2569 987 2605 que
1003 2559 1036 2596 A

205 2664 250 2718 qs
273 2665 385 2718 {llum
408 2677 493 2702 uero
518 2667 632 2702 locum
657 2669 753 2704 etc.:
778 2668 858 2704 Hoc
885 2667 979 2705 alibi
1004 2680 1082 2706 non
1108 2682 1177 2717 rep
1206 2670 1281 2713 eri5
1307 2682 1458 2708 causam
1483 2674 1615 2709 tamen

157 2709 234 2747 loci
249 2710 415 2766 eligendi
438 2712 540 2749 haud
566 2713 787 2751 dissimilem
805 2715 957 2752 Platoni
976 2717 1154 2754 attribuit
1207 2718 1322 2754 ieron.
1342 2721 1420 2755 adv.
1439 2721 1553 2755 Iovin.
1572 2720 1614 2756 ii.

158 2767 181 2804 9
199 2757 344 2805 (Migne
359 2760 399 2796 P.
416 2761 461 2796 L.
477 2759 581 2796 xxiii.
600 2763 683 2807 298)
701 2763 806 2798 Plato
822 2789 831 2799 .
852 2789 862 2798 .
879 2790 888 2799 .
906 2769 948 2798 ut
959 2770 1079 2809 posset
1095 2777 1227 2801 uacare
1237 2767 1498 2813 philosophiae,
1515 2769 1616 2813 eleyic

155 2805 389 2841 Academiam
404 2808 534 2842 uillam
549 2809 595 2843 ub
611 2810 698 2844 urbe
709 2811 845 2855 promat,
860 2822 934 2846 non
946 2812 1061 2847 solum
1073 2814 1247 2848 desertam
1259 2815 1320 2848 sed
1336 2818 1369 2848 at
1382 2816 1614 2860 pestilentem,

156 2857 198 2888 ut
213 2864 301 2888 cum
316 2857 348 2889 et
362 2855 573 2891 assiduitate
587 2856 789 2892 morborum
805 2858 968 2894 libidinis
983 2860 1391 2906 impetuefiunqeretur.

1460 2942 1504 2976 99
