1988 3250
274 222 360 262 662
377 218 407 260 d
743 215 1006 261 IOANNIS
1045 210 1562 260 SARESBERIENSIS
1690 212 1804 275 [ΜΒ.
1819 225 1892 259 vn

376 339 405 379 d
421 337 695 396 interrogas;
735 338 889 382 littera
927 337 1103 381 inutilis
1143 340 1222 388 est,
1261 351 1342 380 nec
1375 336 1622 380 curandum
1669 339 1739 380 est
1784 335 1892 394 quid

422 407 640 464 loquatur.
701 407 750 451 Si
777 408 930 459 instas,
950 405 1197 450 moneberis
1227 406 1382 464 fugere
1409 405 1618 462 quoniam
1648 406 1894 463 perniciosa

422 479 490 519 est
528 480 574 520 et
612 477 784 520 occidit.
845 476 966 521 Caue
1001 491 1057 520 ne
1089 490 1267 533 serpens
1302 475 1363 518 sis
1397 475 1474 532 qui
1506 477 1671 518 terram
1702 475 1894 518 comedit

420 546 625 590 omnibus
640 547 795 590 diebus
810 546 931 589 uitae
946 561 1064 589 suae.
1126 545 1222 588 Aut
1237 544 1479 587 ludendum
1499 547 1580 587 aut
1599 544 1892 587 fabulandum

420 618 501 658 aut
524 616 859 673 disceptandum
884 619 952 659 est
978 616 1088 668 tibi3
1123 628 1227 657 nam
1255 614 1332 671 qui
1360 614 1588 657 uerbosior
1614 617 1692 665 est,
1712 614 1893 657 uidetur
1908 624 1930 660 5

420 685 602 728 doctior.
660 685 754 728 Nec
783 685 1029 728 curandum
1054 687 1122 727 est
1148 684 1267 727 unde
1291 685 1371 726 aut
1395 683 1503 740 quid
1530 683 1585 726 de
1613 698 1700 740 quo
1727 681 1892 726 sentiat

420 757 500 797 aut
519 753 718 811 proferat
738 745 911 811 aliquis,
924 754 1030 796 dum
1046 754 1268 810 loquatur.
1327 752 1421 795 Nec
1442 751 1581 795 refert
1603 767 1692 809 qua
1707 752 1892 810 quisque

420 824 592 867 ratione
611 825 795 875 nitatur,
818 825 924 867 dum
945 839 1034 867 non
1055 823 1318 866 instantiam
1338 822 1415 865 sed
1434 822 1638 865 umbram
1659 822 1753 865 eius
1773 821 1892 879 quis-

420 907 506 950 que
526 893 631 936 dare
651 893 852 936 sufficiat.
912 893 1031 946 Quid
1051 906 1207 935 uerum
1233 894 1314 934 aut
1341 891 1517 942 falsum,
1538 891 1646 948 quid
1665 890 1892 948 probabile

420 964 500 1004 aut
519 976 608 1004 non
628 963 854 1019 probabile
874 962 945 1013 sit,
958 962 1127 1005 frustra
1147 961 1388 1018 quaeritur,
1403 975 1503 1004 cum
1519 960 1724 1004 omnibus
1743 960 1891 1018 imago
1910 975 1954 1002 10

419 1031 716 1087 probabilium
754 1031 1046 1088 praeferatur.
1122 1030 1281 1073 Statue
1328 1030 1446 1087 quod
1492 1030 1697 1080 uolueris,
1737 1029 1892 1072 statim

269 1104 356 1153 663
375 1114 405 1143 a
421 1100 532 1143 illud
552 1101 703 1157 aliqua
732 1100 978 1143 similitudo
1008 1102 1222 1151 euacuat;
1258 1112 1362 1142 nam
1383 1099 1501 1156 quod
1527 1099 1701 1156 optinet
1726 1099 1775 1141 in
1801 1112 1892 1141 uno

420 1170 554 1212 simili
584 1170 696 1212 uelis
725 1170 839 1212 nolis
869 1170 916 1211 in
946 1169 1034 1212 alio
1063 1168 1293 1226 optinebit.
1369 1168 1558 1212 Constat
1592 1170 1743 1211 tamen
1773 1167 1890 1224 quod

419 1254 525 1282 uero
564 1239 706 1282 simile
746 1242 814 1282 est
851 1254 941 1282 non
981 1239 1135 1282 statim
1175 1253 1268 1281 esse
1302 1251 1458 1280 uerum
1493 1241 1539 1280 et
1573 1238 1690 1294 quod
1726 1237 1890 1280 falsum

418 1309 599 1352 uidetur
618 1323 706 1351 non
726 1323 899 1365 semper
918 1307 1081 1351 falsum
1098 1323 1201 1351 esse.
1231 1327 1233 1330 ⁴
1262 1307 1311 1350 Si
1331 1307 1656 1364 propositorum
1676 1307 1888 1350 similium
1908 1323 1950 1362 ¹5

418 1378 823 1421 dissimilitudinem
863 1377 1019 1420 niteris
1058 1377 1241 1434 aperire,
1274 1392 1367 1419 rem
1407 1376 1584 1419 inanem
1624 1376 1888 1434 aggrederis.

418 1447 514 1490 Aut
533 1448 650 1490 enim
671 1449 716 1490 te
737 1447 809 1489 uel
829 1446 1018 1489 clamore
1039 1446 1296 1503 praepediet
1315 1448 1396 1488 aut
1415 1446 1684 1502 superfluam
1710 1460 1888 1502 operam

418 1517 648 1567 deridebit,
668 1531 769 1559 cum
796 1515 994 1558 omnium
1021 1515 1232 1557 similium
1255 1515 1451 1572 aliquam
1481 1515 1889 1558 dissimilitudinem

417 1601 510 1629 esse
532 1588 757 1643 oporteat3
787 1584 983 1641 alioquin
999 1599 1087 1627 non
1106 1587 1199 1627 tam
1218 1584 1382 1627 similia
1407 1598 1540 1641 quam
1560 1584 1712 1627 eadem
1728 1584 1888 1628 merito

419 1655 680 1698 dicerentur.
741 1654 907 1697 Docere
927 1668 1006 1697 cur
1027 1654 1093 1696 ita
1112 1668 1201 1696 non
1225 1653 1285 1697 sit
1312 1668 1401 1697 non
1425 1652 1555 1696 modo
1575 1653 1788 1696 friuolum
1810 1653 1886 1697 sed
1907 1667 1952 1695 αα

376 1714 381 1718 ,
418 1724 620 1768 irrisione
640 1723 949 1781 dignissimum
968 1722 1202 1766 iudicatur.
1262 1722 1427 1765 Statim
1448 1722 1678 1779 quaeritur
1697 1738 1754 1765 an
1775 1723 1887 1767 uelis

417 1794 690 1846 concionari;
729 1793 885 1836 dicunt
914 1806 960 1834 se
990 1794 1043 1834 ut
1071 1791 1445 1848 Peripatheticum
1477 1806 1566 1835 non
1599 1791 1888 1849 Ermagoram

419 1864 607 1906 audiant
621 1862 876 1906 conuenisse
884 1875 894 1914 ;
922 1875 1022 1904 cum
1039 1864 1189 1904 tamen
1202 1861 1556 1904 deambulatione
1571 1863 1617 1903 et
1631 1861 1889 1905 circuitione

373 1936 403 1975 b
421 1933 596 1975 uiarum
616 1933 765 1990 potius
785 1946 918 1988 quam
939 1931 1143 1988 diligenti
1171 1931 1514 1988 inuestigatione
1541 1945 1688 1973 rerum
1711 1931 1887 1988 Peripa-

418 2002 606 2046 theticos
635 2002 877 2044 imitentur.
938 1999 986 2043 Si
1018 2003 1167 2043 tamen
1197 2000 1304 2043 haec
1333 1999 1390 2042 ad
1413 2000 1583 2056 copiam
1611 1999 1886 2056 eloquentiae
1905 2017 1948 2053 ²⁵

417 2072 757 2129 comparandam
778 2072 1036 2113 exerceatur
1062 2069 1323 2126 disceptatio
1343 2072 1389 2112 et
1408 2069 1571 2112 similia
1590 2073 1636 2112 et
1655 2069 1887 2112 dissimilia

421 2218 466 2245 ιο
485 2213 567 2254 post
584 2209 650 2244 aut
666 2209 750 2243 add.
768 2207 860 2254 quid
878 2208 917 2244 M
1104 2209 1146 2245 16
1170 2206 1364 2263 egrederis
1381 2206 1483 2244 CB¹S
1672 2218 1716 2245 22
1743 2207 1889 2256 peripa-

418 2255 579 2292 teticum
598 2256 628 2291 B
821 2265 863 2302 25
892 2254 1110 2301 eloquentie
1128 2267 1278 2302 copiam
1294 2255 1340 2290 Αι

468 2393 499 2424 2,
518 2393 538 2427 3
561 2383 765 2435 pemiciq'qa
782 2386 832 2417 est
849 2387 880 2417 et
897 2383 1043 2419 occidit:
1070 2393 1117 2418 sc.
1139 2383 1282 2424 littera:
1307 2393 1340 2418 v.
1359 2391 1380 2418 2
1397 2380 1479 2436 Cor.
1496 2381 1550 2417 iii.
1568 2383 1601 2418 6.
1701 2392 1721 2428 3
1742 2392 1888 2438 sev-pene

419 2431 491 2467 etc.
508 2442 516 2465 ε
542 2441 573 2465 v.
593 2429 686 2465 Gen.
706 2440 759 2464 ιιι.
784 2439 835 2473 ¹4·
988 2439 1031 2465 22
1059 2431 1382 2476 Peripatheucum:
1409 2429 1469 2466 Sic
1487 2429 1658 2466 hommes
1674 2430 1814 2467 saeouh
1831 2429 1887 2467 xii

418 2475 661 2513 dialecticum
695 2487 825 2512 vocare
861 2476 962 2512 soliti
995 2479 1107 2520 sunt3
1150 2477 1434 2513 dialecticorum
1473 2489 1562 2522 ergo
1603 2477 1707 2514 illius
1747 2477 1887 2515 aetatis

419 2524 587 2562 omnium
607 2522 783 2569 princeps
802 2523 1027 2559 Abaelardus
1052 2523 1268 2569 saepissime
1292 2525 1553 2569 Peripateticus
1574 2526 1767 2561 Palatinus
1788 2537 1886 2561 nun-

419 2574 606 2618 cupatum
631 2570 737 2606 cuius
754 2570 956 2616 discipulos
973 2571 1179 2617 degeneres
1222 2583 1284 2607 uos
1299 2573 1418 2607 adhuc
1439 2573 1628 2608 dialectica
1650 2574 1830 2609 detinebat
1845 2574 1887 2609 in

419 2625 536 2655 monte
570 2618 604 2654 S.
640 2618 851 2655 Genovefee
881 2620 1017 2662 (Metal.
1053 2618 1092 2654 ii.
1127 2623 1182 2663 ιο)
1240 2630 1284 2655 oc
1317 2617 1399 2655 loco
1429 2619 1705 2665 reprehendere
1736 2619 1887 2657 videtur

421 2666 581 2703 Ioannes
600 2667 752 2707 nostem
777 2666 824 2701 cf.
843 2667 1043 2710 Metaloyn’ct'
1057 2665 1179 2702 locum
1197 2665 1274 2702 iam
1292 2665 1462 2703 citatum.
1621 2669 1884 2713 Ermayomm:

420 2713 475 2751 De
501 2713 732 2759 Hermagora
755 2713 903 2748 rhetore
931 2724 1006 2748 non
1034 2713 1270 2759 philosopho.
1289 2713 1353 2760 qui
1379 2714 1621 2756 tamen,dum
1647 2715 1693 2751 de
1717 2716 1797 2752 arte
1819 2726 1887 2751 sua.

420 2759 562 2803 scribit.
581 2759 820 2806 quae-tione·
845 2760 1024 2806 quandam
1052 2759 1331 2807 philosophicae
1353 2761 1458 2807 quasi
1484 2761 1624 2798 oratori
1651 2762 1885 2808 pertinentes

418 2807 596 2845 tractavit
612 2810 659 2850 et,
680 2809 722 2843 ut
741 2806 796 2843 ait
813 2806 953 2851 Cicero,
971 2819 1033 2844 mc
1047 2810 1136 2855 quid
1151 2810 1249 2844 dicae
1273 2810 1452 2845 attendere
1475 2822 1538 2846 nec
1562 2811 1650 2856 quid
1668 2811 1887 2856 polliceatur

418 2857 619 2902 ‘naucum
636 2856 789 2899 uidetur,
807 2867 838 2891 v.
857 2854 932 2892 Cio.
950 2856 993 2891 de
1010 2856 1147 2891 Invent.
1165 2855 1190 2892 i.
1206 2857 1229 2893 6
1247 2854 1265 2903 ὅ
1286 2858 1320 2894 8.

564 2928 625 2968 138
