1988 3250
187 212 274 255 682
292 213 323 254 b
648 211 910 258 IOANNIS
950 211 1466 258 SARESBERIENSIS
1610 210 1719 272 [Lm.
1731 220 1806 256 vn

290 338 322 377 b
340 330 520 388 quidem
557 332 608 377 in
640 333 773 378 rebus
805 333 1010 392 gerendis
1042 335 1251 377 strenuus
1284 335 1331 378 et
1363 333 1459 377 sine
1486 347 1652 392 magna
1678 333 1807 391 copia

338 401 592 446 litterarum
635 403 929 455 acutissimus,
968 403 1017 446 in
1060 402 1217 460 primis
1266 403 1607 460 prouincialium
1650 403 1804 446 facun-

336 470 557 523 dissimus,
595 487 749 516 eorum
790 487 881 515 non
920 472 1066 529 impar
1111 471 1297 529 eloquio,
1335 472 1556 516 uerendus
1600 472 1806 515 omnibus

335 540 572 598 priuilegio
591 542 838 599 potestatis,
858 544 904 585 et
927 555 1101 584 morum
1122 541 1343 598 elegantia
1368 541 1647 592 uenerabilis,
1666 554 1806 597 eoque

335 610 583 654 mirabilior
616 611 665 654 in
695 611 899 668 partibus
931 610 1021 653 iuis
1055 610 1174 667 quod
1203 610 1322 654 inter
1346 610 1669 668 Longobardos,
1695 623 1805 667 quos
1822 622 1845 660 5

336 680 630 736 parcissimos,
647 695 703 723 ne
719 695 877 723 auaros
897 680 1053 732 dicam,
1068 694 1162 722 esse
1181 682 1368 731 constat,
1388 679 1581 723 faciebat
1600 682 1807 736 sumptus

337 748 573 792 immensos
604 752 650 792 et
680 749 828 806 gentis
862 763 967 791 suae
996 748 1373 805 magnificentiam
1407 748 1647 792 exhibebat
1659 762 1670 801 3
1708 750 1807 790 erat

336 818 456 861 enim
490 818 705 876 Anglicus
739 818 932 861 natione.
992 817 1065 860 Ad
1099 831 1201 860 eum
1231 817 1388 874 utique
1421 818 1510 861 uiri
1544 820 1636 861 tres
1664 831 1812 860 acces-—

336 891 503 938 serunt,
532 888 669 931 abbas
708 887 902 944 quidam,
928 886 1044 930 alter
1082 886 1429 939 archidiaconus,
1459 887 1621 930 tertius
1666 886 1808 930 laicus

337 957 519 1013 quidam
545 957 824 1014 praepositus
847 956 976 1013 regis,
997 956 1152 999 fratris
1175 956 1245 998 sui
1272 955 1419 999 clerici
1449 970 1627 999 causam
1657 969 1805 1013 agens,
1825 974 1868 999 10

304 1035 311 1049 ·
335 1026 501 1083 singuli
531 1026 644 1069 clam
674 1040 755 1083 pro
784 1026 874 1068 iam
904 1025 1023 1068 dicto
1050 1025 1307 1082 episcopatu
1332 1025 1546 1082 grandem
1573 1025 1806 1082 pecuniam

335 1095 580 1138 offerentes.
641 1095 760 1148 Quid
789 1095 962 1139 multa?
992 1090 995 1091 ⁷
1020 1094 1250 1137 Adhibitis
1280 1094 1577 1137 familiaribus
1609 1108 1806 1137 seorsum

293 1177 320 1208 c
336 1179 436 1208 cum
470 1179 735 1221 unoquoque
767 1179 918 1207 eorum
949 1163 1161 1207 conuenit
1189 1163 1244 1206 de
1273 1164 1429 1221 pretio.
1491 1163 1671 1220 Emptio
1700 1177 1809 1221 ergo

336 1237 382 1277 et
420 1234 620 1277 uenditio
654 1233 851 1290 undique
890 1233 1089 1290 perfecta
1124 1236 1204 1286 est,
1240 1233 1294 1276 de
1326 1233 1546 1276 solutione
1580 1232 1807 1290 implenda

334 1302 702 1347 sufficientissime
732 1310 925 1352 cautum,
951 1302 1212 1360 pignoribus
1239 1305 1284 1345 et
1313 1302 1646 1346 fideiussoribus
1675 1301 1805 1353 datis,
1824 1314 1869 1353 ις

334 1371 515 1429 diesque
535 1372 759 1429 praefixus
775 1374 843 1414 est
858 1371 1060 1415 electioni
1080 1372 1322 1415 solenniter
1341 1371 1639 1415 celebrandae.
1688 1370 1804 1415 Cum

334 1441 487 1499 itaque
506 1442 563 1484 ad
584 1442 701 1484 diem
721 1441 1037 1498 archiepiscopi
1065 1441 1257 1499 episcopi
1277 1444 1323 1484 et
1341 1441 1509 1485 multae
1529 1440 1805 1484 uenerabiles

334 1525 548 1573 personae
567 1511 887 1561 conuenissent,
907 1510 1138 1567 praefatus
1158 1510 1445 1554 cancellarius
1464 1510 1805 1568 competitorum

333 1595 490 1625 causas
528 1583 575 1624 et
613 1580 722 1637 quid
757 1594 858 1623 cum
897 1594 1162 1637 unoquoque
1197 1594 1349 1623 eorum
1385 1580 1547 1638 egisset
1585 1579 1804 1637 exposuit,

334 1649 485 1693 dicens
519 1663 566 1692 se
605 1648 766 1692 exinde
800 1663 858 1692 ex
890 1649 1194 1706 episcoporum
1229 1649 1452 1692 sententia
1486 1663 1803 1707 processurum.
1824 1671 1868 1696 ιο

334 1718 602 1776 Dampnatis
614 1733 719 1776 ergo
731 1718 1094 1776 competitoribus
1107 1718 1369 1770 simoniacis,
1381 1733 1551 1776 pauper
1562 1718 1805 1778 monachus

334 1791 382 1832 et
401 1787 540 1831 totius
564 1787 628 1830 rei
657 1788 839 1845 ignarus
866 1787 1074 1831 canonice
1101 1787 1266 1831 electus
1294 1787 1566 1845 approbatus
1593 1790 1638 1831 et
1665 1787 1804 1831 intro-

334 1857 495 1901 ductus
529 1860 608 1900 est.
667 1856 743 1900 Illi
778 1860 929 1900 tamen
961 1857 1101 1900 coacti
1133 1860 1240 1900 sunt
1273 1856 1444 1900 soluere
1479 1857 1526 1899 id
1557 1857 1606 1899 in
1641 1871 1729 1914 quo
1757 1871 1813 1901 se-

332 1926 642 1984 obligauerant
670 1940 810 1983 usque
840 1926 897 1968 ad
932 1926 1223 1969 nouissimum
1254 1926 1558 1983 quadrantem.
1618 1926 1804 1970 Vtinam

332 1996 399 2041 ita
431 1999 594 2054 agatur
627 2010 728 2040 cum
763 1995 907 2053 procis
938 1995 1103 2038 nostris
1137 1995 1214 2053 qui
1245 2010 1397 2039 omnes
1429 1996 1554 2040 sedes
1583 1995 1803 2040 olfaciunt
1823 2022 1838 2045 2
1843 2021 1863 2055 5

338 2132 368 2167 1,
386 2132 407 2158 2
433 2121 648 2158 litterarum
679 2120 791 2168 copia
827 2119 867 2156 M
1030 2128 1048 2167 ς
1076 2119 1330 2167 langobardos
1362 2119 1387 2156 S
1552 2122 1574 2158 8
1598 2120 1729 2169 itaque
1761 2120 1804 2159 M

334 2180 358 2217 9
379 2175 459 2216 posi
476 2168 762 2205 archidiaconus
778 2170 862 2204 add.
879 2170 918 2205 et
935 2166 968 2203 A
1110 2179 1146 2214 9,
1163 2178 1205 2204 10
1229 2167 1383 2215 quidam
1401 2167 1520 2205 laicus
1537 2168 1614 2205 c¹A
1761 2179 1805 2207 10

334 2228 486 2254 causam
505 2215 633 2253 clerici
651 2216 695 2252 Βι
883 2216 925 2253 16
950 2214 1178 2253 sollenniter
1194 2216 1247 2252 A:
1273 2215 1404 2252 nollem
1435 2215 1536 2253 niter
1551 2215 1576 2252 S
1757 2227 1802 2256 21

334 2262 532 2302 Damnatis
549 2264 577 2301 C
674 2275 854 2300 monacus
870 2262 899 2299 C
1043 2273 1087 2299 22
1113 2263 1318 2310 aprobatus
1335 2262 1396 2299 CB

329 2380 505 2426 plurimis
523 2380 647 2415 diebus
667 2383 904 2415 commoratus
926 2383 985 2414 eet.
1036 2378 1130 2414 Erat
1154 2383 1273 2414 autem
1298 2379 1498 2415 Radbertus
1521 2380 1616 2415 idem
1636 2381 1807 2426 potentn's·

333 2429 448 2463 simus
462 2429 557 2462 inter
566 2428 699 2462 amicos
711 2428 813 2480 regis,
824 2429 1041 2471 pecuniosus
1057 2431 1087 2461 et
1099 2428 1255 2462 donatus
1266 2426 1462 2462 honoribus
1474 2439 1578 2472 mayn
1585 2429 1625 2463 is.
1662 2426 1806 2465 Scribit

334 2485 483 2520 quoque
493 2473 648 2510 Ioannes
656 2474 735 2519 (qui
747 2485 785 2509 m
798 2473 931 2509 eadem
942 2473 1094 2509 civitate
1107 2476 1146 2509 at
1177 2485 1222 2509 ue
1234 2472 1419 2509 Robertus
1430 2476 1542 2510 natus
1555 2473 1778 2521 est)inE'p.8
1783 2484 1801 2523 5

332 2522 382 2559 ad
402 2521 553 2558 Petrum
570 2520 788 2561 cellensem.
803 2520 837 2556 S.
856 2519 1019 2566 Remigii
1037 2520 1138 2567 apud
1212 2532 1292 2556 mos
1304 2521 1505 2558 abbatemt
1535 2523 1668 2558 Graeco
1684 2522 1802 2570 (vino)

330 2581 400 2617 quo
418 2581 471 2604 me
491 2570 636 2604 Siculus
657 2570 897 2604 cancellarius
919 2570 968 2603 ad
990 2570 1185 2613 perniciem
1210 2570 1404 2615 salutisque
1428 2570 1658 2615 dispendium
1706 2575 1807 2607 otaro

332 2621 573 2653 oonnueuerae.
614 2615 669 2651 Cf.
688 2615 730 2651 R.
748 2614 853 2652 Pauli
868 2614 907 2651 in
921 2617 1108 2660 Gottinyer
1119 2616 1358 2651 Nachrn'cheen
1379 2618 1465 2661 1878
1481 2628 1516 2663 p.
1534 2618 1621 2663 5263
1683 2643 1692 2653 .
1707 2616 1805 2655 Rosa

333 2663 374 2700 in
393 2665 516 2699 Herm.
533 2663 556 2699 i.
573 2674 608 2709 p.
625 2663 706 2709 376,
747 2662 784 2698 ui
803 2675 888 2699 eum
906 2662 1118 2708 suspicatur
1135 2663 1295 2700 eundem
1315 2663 1429 2699 fuisse
1442 2666 1557 2710 atque
1572 2664 1804 2701 Roboratum

332 2709 441 2747 illum
456 2710 518 2764 eui
534 2676 946 2764 Platoniqi‘l‘haedonin
963 2710 1168 2747 versionem
1187 2710 1326 2747 dicavit
1341 2710 1555 2766 Aristippus
1567 2711 1805 2750 Cataniennin

332 2757 631 2800 archidiaconus,
654 2757 832 2804 Diogenis
857 2756 994 2794 Lacu-tii
1016 2759 1055 2794 et
1077 2758 1148 2795 Grc
1177 2757 1246 2794 orii
1268 2758 1497 2795 Nazianzeni
1519 2759 1675 2795 Latinus
1693 2759 1805 2797 inter-

333 2817 441 2853 pres:
475 2805 516 2841 Κ.
550 2805 592 2842 Α.
621 2805 737 2851 Kchr,
763 2806 831 2841 1)ιέ
862 2806 1031 2841 Urkunde
1056 2807 1122 2842 dor
1183 2807 1637 2844 omnanm'sch-Sicilischen
1661 2808 1809 2855 Kbm'yc·

331 2865 395 2901 pp.
414 2862 458 2900 75
476 2864 580 2900 seqq.
725 2862 768 2900 23
794 2854 932 2890 nolum
948 2855 1044 2891 eta:
1071 2864 1102 2890 v.
1122 2852 1234 2890 Matt.
1255 2865 1286 2891 v.
1307 2854 1364 2891 26.

443 2933 505 2969 ¹74
