1988 3250
185 185 283 220 σΑΡ.
297 171 412 234 1111]
702 172 1140 219 POLICRATICVS
1667 179 1758 221 666
1777 189 1803 220 c

182 307 342 351 sequar
379 293 456 350 qui
490 292 688 336 litteram
721 292 867 350 aperit
905 295 951 336 et
989 293 1117 350 quasi
1155 294 1386 351 superficie
1425 295 1651 353 patefacta

181 377 369 414 sensum,
389 365 443 406 ut
464 362 530 406 ita
549 362 705 414 dicam,
724 362 983 406 historicum
1007 362 1148 406 docet.

180 507 287 566 Cap.
305 520 370 564 13.
402 506 524 561 Quae
538 507 633 551 εἰπέ
648 507 895 551 massaria
910 510 948 551 et
964 507 1099 564 quasi
1117 507 1266 551 claues
1279 507 1646 565 philosophandi,

291 581 331 621 et
342 577 461 633 quod
472 576 744 632 simplicitas
757 576 909 619 amica
921 575 1116 620 ueritati
1129 579 1187 619 est
1193 594 1212 626 ;
1225 579 1263 619 et
1275 576 1391 633 quid
1403 578 1462 620 sit
1475 578 1647 622 luctari

138 667 159 702 5
291 660 397 690 cum
417 645 575 702 anyelo
592 645 666 689 uel
687 644 836 689 cibare
856 660 988 694 ουτω
1019 649 1058 688 et
1079 646 1194 702 quid
1220 645 1277 689 sit
1297 649 1382 689 aut
1395 648 1541 703 prosit
1562 648 1645 691 ad-

289 715 523 760 uocatione
542 714 798 772 sapientiae
817 714 1072 772 ‘relinquere
1086 714 1312 771 patriam.

233 815 356 869 Quae
375 829 482 858 uero
501 814 593 857 sint
615 813 810 858 discendi
831 813 989 864 claues,
1010 828 1123 870 quae
1143 813 1560 871 philosophantibus
1587 817 1645 859 ad

174 883 433 927 intuendam
461 884 648 942 speciem
673 882 878 926 ueritatis
907 883 1028 925 uiam
1057 897 1108 926 eo
1136 882 1361 926 tendentis
1388 885 1644 940 expediunt,

173 967 309 997 senex
342 953 628 998 Carnotensis
661 952 813 1011 paucis
849 952 1077 1009 expressit.
1139 952 1210 1003 Et,
1244 952 1348 996 licet
1382 954 1513 996 metri
1550 955 1644 998 eius

115 1039 158 1064 10
174 1022 396 1066 suauitate
422 1037 512 1066 non
534 1022 695 1080 capiar,
723 1035 900 1065 sensum
931 1021 1127 1079 approbo
1158 1024 1203 1064 et
1232 1021 1642 1079 philosophantium

172 1090 302 1135 credo
321 1091 544 1135 mentibus
563 1091 756 1135 fideliter
775 1090 1081 1149 ingerendum.
1141 1090 1221 1133 Ait
1242 1105 1369 1148 ergo:

286 1183 412 1227 Mens
441 1184 634 1236 humilis,
664 1183 863 1227 studium
894 1182 1146 1240 quaerendi,
1174 1182 1272 1225 uita
1302 1183 1465 1240 quieta,
1657 1182 1686 1223 d

286 1242 548 1285 scrutinium
577 1242 776 1292 tacitum,
807 1244 1058 1299 paupertas,
1087 1244 1208 1284 terra
1237 1241 1393 1290 aliena,

285 1300 392 1344 haec
422 1315 616 1344 reserare
645 1300 789 1344 solent
817 1299 973 1342 multis
1002 1300 1188 1343 obscura
1217 1299 1416 1356 legendo,

113 1401 153 1437 15
229 1390 485 1434 Humilibus
504 1406 695 1448 namque
711 1391 790 1434 dat
810 1391 1003 1448 gratiam
1024 1390 1244 1434 Dominus
1264 1394 1310 1434 et
1330 1391 1418 1434 illis
1433 1391 1639 1435 ueritatis

168 1459 509 1518 intelligentiam
543 1460 717 1504 confert
752 1460 829 1518 qui
859 1460 1018 1504 timore
1053 1460 1222 1503 initiati
1253 1460 1292 1504 ei
1323 1461 1370 1502 in
1403 1460 1638 1503 dilectione

168 1531 214 1573 et
233 1530 490 1574 executione
505 1530 815 1573 mandatorum
832 1544 1013 1572 suorum
1031 1530 1223 1573 fideliter
1237 1530 1466 1574 adherent.
1506 1530 1637 1580 Nam,

169 1612 226 1642 ex
244 1599 498 1643 testimonio
517 1599 742 1658 sapientis,
759 1600 836 1657 qui
856 1599 1088 1643 confidunt
1108 1599 1155 1642 in
1172 1599 1365 1643 Domino
1385 1599 1639 1657 intelligent

168 1668 416 1720 ueritatem,
449 1669 649 1726 superbis
680 1673 830 1713 autem
863 1670 1031 1712 resistit
1071 1670 1204 1713 Deus.
1264 1669 1375 1723 Quis
1407 1684 1458 1712 eo
1491 1669 1638 1712 inuito

109 1753 153 1779 20
169 1737 580 1795 philosophabitur?
627 1742 709 1782 aut
747 1754 799 1783 eo
838 1739 1058 1782 renitente
1098 1739 1145 1782 in
1188 1739 1338 1796 aliquo
1385 1739 1637 1796 optinebit?

169 1805 412 1850 Humilitas
441 1810 509 1851 est
538 1810 590 1851 ut
619 1822 698 1851 nec
728 1822 961 1866 personam
991 1808 1189 1851 docentis
1218 1811 1505 1865 contempnat
1534 1809 1635 1865 quis

165 1878 245 1919 aut
274 1890 579 1934 quamcunque
609 1877 850 1928 scientiam,
875 1878 962 1920 nisi
988 1877 1105 1920 forte
1135 1892 1269 1935 quam
1299 1878 1455 1935 religio
1485 1892 1633 1935 repro-

163 2004 185 2041 7
235 1995 573 2044 hylosophantibus
590 1998 630 2035 M
726 1982 732 1993 ¹
805 2009 849 2035 10
871 1997 1250 2045 phylosophantilum
1268 1998 1308 2034 M
1488 1999 1531 2034 16
1551 2004 1633 2044 post

192 2043 200 2051 ‘
219 2044 368 2082 ectione
386 2047 468 2082 add.
487 2045 551 2082 dei
567 2046 607 2082 M
749 2056 796 2083 20
819 2046 1160 2093 phylosophabitur
1177 2046 1217 2082 M
1321 2044 1509 2082 obtinebit
1526 2045 1631 2082 CBM

163 2100 204 2128 21
233 2094 454 2129 contemnat
470 2092 497 2128 C

210 2209 231 2246 7
256 2202 416 2238 discendi
441 2204 580 2239 claues:
619 2203 666 2240 cf.
698 2204 835 2239 clauem
863 2205 1033 2240 scientiae
1067 2202 1155 2240 Luc.
1191 2203 1241 2240 xi.
1277 2213 1333 2250 52.
1477 2213 1499 2248 9
1524 2214 1634 2238 senex

165 2246 414 2286 carnotenus:
452 2249 476 2286 i.
489 2261 521 2287 e.
556 2250 769 2287 Bernartius
804 2250 1056 2296 Carnotensis,
1080 2251 1126 2288 de
1159 2263 1233 2297 quo
1272 2251 1319 2287 ef.
1356 2262 1471 2298 supra
1508 2249 1549 2285 ii.
1585 2261 1630 2286 22

163 2294 249 2341 (454
261 2296 298 2342 0)
313 2307 323 2341 3
348 2298 470 2334 Metal.
487 2297 512 2333 i.
533 2307 564 2345 5,
582 2297 608 2335 i.
630 2309 666 2335 11
689 2299 940 2343 (Carnotenst‘s
955 2311 1063 2335 senex
1078 2299 1319 2343 Bernartius),
1338 2298 1362 2335 i.
1379 2309 1434 2343 24,
1448 2298 1487 2334 ii.
1503 2306 1556 2342 17,
1582 2298 1630 2335 iv.

162 2350 230 2388 35:
267 2354 300 2379 v.
327 2344 425 2381 Hist.
449 2347 515 2382 litt.
540 2347 583 2381 de
604 2347 641 2381 la
657 2347 798 2382 France
822 2346 888 2382 xii.
905 2358 971 2393 pp.
991 2348 1055 2383 261
1077 2358 1204 2400 seqq3;
1238 2345 1383 2382 Clerval
1412 2348 1483 2382 Les
1506 2340 1632 2382 E'coles

160 2390 204 2425 a„
236 2390 404 2428 ahorn-03
435 2404 484 2428 a„
514 2394 641 2448 Moygn
675 2396 752 2439 Age
785 2405 848 2447 pp,
887 2399 953 2439 158
980 2405 1094 2440 seqq„
1123 2406 1227 2430 cuius
1260 2393 1367 2430 iuxta
1398 2393 1628 2430 sententiam
1731 2407 1816 2471 &Q
1845 2412 1988 2493 ”323¹

163 2434 376 2474 Rex-nardus
391 2438 633 2477 Garnotensls
650 2440 835 2485 distingui
851 2441 964 2478 debet
984 2452 1007 2477 a
1031 2441 1224 2477 Ber-nardo
1243 2440 1426 2483 siluestri,
1444 2440 1628 2477 librorum
1643 2433 1698 2498 ⁰2(

161 2482 320 2537 duorum
346 2487 388 2521 de
415 2487 648 2524 Universitate
667 2489 803 2524 Mundi
831 2499 854 2524 a
876 2488 916 2524 C.
944 2487 980 2525 S.
1002 2488 1150 2525 Bar-ach
1174 2491 1213 2525 et
1235 2488 1268 2525 J.
1291 2488 1449 2525 Wrobel
1475 2500 1508 2524 a.
1537 2490 1628 2532 1876

160 2530 348 2567 editorum
373 2535 538 2571 auctore.
683 2545 724 2572 12
748 2537 854 2571 Mens
880 2537 1030 2572 humih‘s
1057 2538 1156 2573 etc.:
1196 2536 1274 2572 Hos
1302 2535 1505 2572 versiculos
1534 2547 1627 2581 quos

160 2580 319 2623 sapienti
351 2582 505 2624 cuidam,
529 2581 648 2618 tacito
682 2582 847 2626 nomine,
881 2583 1069 2626 attribuit,
1103 2583 1224 2620 fusius
1257 2585 1537 2620 commentatus
1570 2585 1628 2619 est

161 2623 274 2670 Hugo
300 2625 346 2663 de
371 2625 407 2663 S.
431 2627 597 2673 Victore,
621 2631 743 2666 Erud.
769 2631 916 2666 Didasc.
942 2630 996 2666 iii.
1026 2641 1141 2676 13-20
1175 2630 1319 2678 ‹Migne
1352 2633 1394 2667 P.
1420 2632 1463 2666 L.
1489 2629 1625 2666 clxxvi.

161 2678 230 2717 773
242 2672 372 2718 seqq.).
420 2710 422 2714 ,
504 2685 547 2720 14
572 2678 716 2713 multis:
742 2679 920 2714 nonnulla
937 2677 1037 2725 Hug.
1054 2677 1100 2714 de
1119 2677 1155 2714 S.
1171 2677 1218 2714 V.
1346 2687 1387 2725 15
1413 2679 1628 2714 Humilibus

160 2719 224 2772 dat
238 2721 416 2775 qratiam:
446 2732 460 2758 1
480 2722 578 2759 Petr.
595 2735 627 2759 v.
647 2733 679 2770 5.
791 2726 867 2761 illis
881 2727 1051 2761 ueritatis
1067 2727 1163 2762 etc.:
1190 2737 1222 2761 v.
1240 2725 1300 2761 Ps.
1318 2736 1375 2762 cx.
1402 2736 1466 2770 10;
1494 2725 1626 2761 Ioann.

159 2776 222 2801 vu.
245 2774 297 2810 17,
315 2777 386 2804 xiv.
410 2777 472 2815 153
499 2779 514 2806 1
535 2769 666 2807 Ioann.
682 2782 714 2808 v.
732 2781 766 2808 2.
930 2774 972 2810 18
997 2775 1060 2819 qui
1077 2774 1265 2818 confidunt
1281 2775 1379 2810 etc.:
1403 2771 1495 2819 Sap.
1513 2772 1569 2808 iii.
1590 2782 1625 2818 9.

161 2821 206 2858 19
228 2815 391 2858 superbia
406 2817 499 2854 etc-2
525 2828 558 2854 v.
579 2827 595 2854 1
611 2817 711 2855 Petr.
728 2830 761 2855 v.
781 2826 813 2866 5.

213 2883 328 2904 wnnn
866 2879 897 2908 U
1447 2883 1511 2918 145
