1988 3250
284 225 367 276 786
386 225 420 268 b
762 221 1026 266 IOANNIS
1065 219 1583 266 SARESBERIENSIS
1684 219 1794 282 [Lm.
1809 232 1904 266 vnt

433 342 620 386 molesta
667 345 818 386 tamen
865 342 924 386 ad
971 342 1193 386 modicum
1238 341 1451 399 temporis
1490 343 1568 384 est.
1646 339 1766 384 Nam
1804 356 1904 387 eam

432 413 635 470 utrisque
660 412 916 470 contingere
941 411 1230 455 manifestum
1257 414 1336 462 est,
1363 411 1467 453 licet
1488 410 1711 468 (exigente
1730 411 1906 455 malitia

433 482 645 539 temporis
664 482 806 525 nostri
834 482 911 539 qui
938 482 986 524 in
1013 496 1093 524 nos
1113 481 1338 537 flagellum
1359 479 1540 522 Domini
1560 479 1726 538 iugiter
1743 495 1903 538 prouo-

433 553 601 605 camus)
615 551 755 602 malis,
775 551 822 594 id
842 553 910 594 est
930 550 1255 608 insipientibus,
1275 549 1423 607 sepius
1443 549 1722 594 concedatur.
1783 549 1904 604 Quid

434 620 553 664 enim
582 620 631 662 in
660 621 791 664 rebus
820 620 1027 663 humanis
1058 620 1257 663 Romano
1287 618 1473 675 imperio
1501 619 1728 676 potentius
1756 622 1905 677 potest
1922 632 1945 667 5

433 690 527 732 ulla
564 689 777 732 memoria
815 689 1069 733 recordari?
1146 689 1196 732 Si
1236 691 1487 745 temporum
1525 688 1660 732 series
1698 689 1756 732 ab
1794 688 1905 732 urbe

433 759 614 803 condita
633 759 902 809 reuoluatur,
923 759 1034 801 illud
1055 758 1349 801 inueniuntur
1366 757 1473 800 mali
1492 758 1678 815 gessisse
1698 757 1905 815 frequen·

434 828 537 871 tius.
597 829 708 882 Quis
738 829 857 872 enim
887 828 999 872 Gaio
1029 827 1235 885 Caligula
1264 827 1459 885 Augusti
1494 827 1629 871 tertio
1658 841 1906 871 successore

433 898 593 941 tetrior
615 901 696 941 aut
720 898 957 941 immanior
983 899 1160 954 praeter
1179 897 1415 948 Neronem,
1435 896 1513 954 qui
1537 899 1835 940 antecessores
1858 900 1906 941 et

434 981 702 1011 successores
735 982 887 1011 omnes
921 966 1202 1023 turpitudine
1241 966 1364 1008 uitae
1395 968 1441 1009 et
1473 966 1688 1010 inauditis
1721 966 1906 1024 flagitiis
1926 976 1970 1003 ¹0

435 1037 694 1094 superauit?
755 1036 842 1079 Hic
882 1037 1032 1078 autem
1065 1034 1270 1092 Caligula
1304 1036 1503 1079 omnium
1533 1036 1907 1094 flagitiosissimus

435 1110 614 1150 tantum
635 1105 753 1148 rexit
779 1108 859 1147 aut
883 1105 1031 1161 potius
1057 1105 1190 1148 torsit
1209 1105 1457 1162 imperium,
1477 1119 1530 1148 ea
1549 1105 1729 1162 quidem
1752 1106 1907 1150 crude·

394 1183 420 1214 c
436 1176 565 1219 litate
591 1177 645 1218 ut
670 1174 874 1231 propriae
903 1173 1110 1217 inuidens
1138 1173 1345 1217 felicitati
1370 1174 1425 1218 de
1453 1174 1705 1218 conditione
1725 1189 1907 1220 suorum

436 1248 686 1302 temporum
707 1247 966 1302 quereretur
986 1258 1037 1287 eo
1065 1243 1183 1300 quod
1209 1243 1345 1287 nullis
1375 1244 1699 1302 insignirentur
1726 1245 1905 1289 calami-

435 1314 606 1358 tatibus
635 1313 835 1371 publicis.
893 1312 978 1355 Ille
1008 1312 1226 1370 siquidem
1255 1317 1359 1357 ortu
1388 1328 1468 1357 suo
1492 1317 1731 1371 pacauerat
1759 1314 1907 1358 secula
1925 1325 1968 1362 1⁵

436 1383 513 1440 qui
554 1382 698 1425 delere
737 1384 923 1425 uenerat
965 1382 1328 1426 contradictionis
1369 1386 1415 1426 et
1453 1383 1610 1426 mortis
1653 1383 1907 1441 imperium.

437 1451 561 1495 Licet
595 1451 713 1494 enim
746 1451 852 1494 haec
884 1451 1159 1494 immensitas
1193 1452 1314 1508 pacis
1345 1453 1662 1496 asscriberetur
1691 1453 1912 1512 Augusto,

439 1520 619 1565 Christo
648 1523 797 1563 tamen
832 1520 982 1576 potius
1016 1520 1296 1564 asscribenda
1330 1524 1409 1572 est,
1433 1522 1510 1578 qui
1542 1523 1654 1566 ciuis
1683 1523 1909 1567 Romanus

437 1589 679 1633 indictione
699 1603 855 1632 census
875 1589 1117 1646 asscriptus
1143 1593 1212 1633 est
1238 1594 1453 1647 regnante
1479 1591 1698 1649 Augusto.
1758 1591 1906 1650 Siqui-

438 1659 538 1703 dem
559 1658 890 1716 euangeliorum
910 1662 956 1702 et
977 1659 1263 1702 historiarum
1284 1660 1480 1704 ueridica
1499 1661 1712 1705 relatione
1732 1663 1908 1706 constat
1927 1673 1972 1699 ²0

438 1729 543 1786 quia
578 1728 661 1771 sub
696 1742 747 1771 eo
781 1731 914 1771 natus
954 1731 1022 1772 est
1053 1731 1208 1772 auctor
1247 1729 1404 1773 unicus
1438 1730 1571 1787 pacis,
1602 1730 1725 1775 Deus
1763 1732 1908 1786 homo,

438 1798 627 1855 uirginis
656 1797 775 1840 filius
805 1796 1023 1853 Christus,
1058 1798 1184 1841 cuius
1213 1802 1367 1842 eterna
1396 1799 1628 1857 dispositio
1662 1800 1720 1844 ad
1754 1815 1909 1844 ueram

437 1882 590 1926 pacem
617 1869 663 1910 et
687 1866 929 1910 felicissimi
950 1867 1075 1924 regni
1103 1867 1424 1912 beatitudinem
1454 1869 1715 1927 conscripsit
1734 1870 1906 1923 electos,

436 1937 563 1982 cuius
601 1936 822 1980 aduentus
860 1937 1015 1980 multis
1063 1938 1404 1994 praenuntiatus
1442 1942 1511 1982 est
1559 1943 1605 1982 et
1653 1939 1906 1997 patefactus

391 2007 420 2048 d
438 2006 623 2050 indiciis.
674 2006 804 2057 Nam,
816 2009 869 2049 ut
889 2006 1071 2049 Orosius
1091 2006 1241 2058 refert,
1261 2022 1361 2051 cum
1382 2007 1518 2052 Cesar
1536 2007 1654 2052 Iulio
1672 2008 1908 2053 interfecto
1927 2023 1968 2059 ²5

439 2091 495 2120 ex
516 2075 752 2133 Apollonia
766 2075 940 2118 rediens
959 2076 1113 2119 urbem
1130 2076 1448 2133 ingrederetur,
1461 2078 1570 2121 hora
1584 2078 1760 2122 circiter
1773 2080 1910 2123 tertia

440 2149 621 2203 repente
647 2145 816 2202 liquido
843 2159 894 2188 ac
920 2159 1032 2202 puro
1060 2160 1213 2188 sereno
1240 2146 1429 2190 circulus
1450 2147 1507 2190 ad
1527 2148 1716 2205 speciem
1736 2148 1910 2193 celestis

440 2230 568 2259 arcus
598 2214 747 2258 orbem
777 2215 881 2258 solis
907 2214 1091 2267 ambiit;
1121 2219 1167 2258 et
1191 2216 1271 2259 hoc
1298 2220 1457 2260 octauo
1487 2217 1595 2260 Idus
1615 2217 1816 2261 Ianuarii
1836 2217 1910 2262 die

441 2285 517 2342 qui
557 2284 722 2328 dicitur
760 2283 1108 2341 Epiphaniorum
1148 2286 1345 2329 creditur
1382 2286 1603 2338 accidisse,
1645 2301 1732 2344 quo
1773 2286 1911 2332 Cesar

442 2428 489 2454 20
511 2416 823 2464 euuangeliorum
840 2416 897 2453 A:
924 2416 1218 2466 ewangeliorum
1237 2417 1261 2454 S
1369 2417 1624 2464 hystoriarum
1643 2417 1683 2455 M

492 2546 529 2573 ιι
560 2538 721 2572 omnium
729 2537 1063 2591 flaqt'tiom'm‘mus:
1089 2534 1193 2572 Oros.
1213 2535 1274 2573 vii.
1293 2545 1311 2583 5
1333 2535 1350 2583 ξ
1376 2546 1404 2573 ῐ.
1585 2547 1626 2583 13
1651 2539 1694 2574 de
1710 2539 1912 2575 conditione

443 2585 541 2637 etc3:
568 2583 672 2637 Qros.
691 2582 753 2620 vii.
775 2593 792 2630 5
820 2583 838 2631 ξ
859 2594 878 2620 2
903 2594 947 2620 ex
973 2583 1075 2638 Suet.
1098 2586 1178 2619 σοῖν·
1202 2611 1209 2620 .
1236 2594 1293 2629 3¹·
1343 2582 1398 2639 ᾨε
1425 2584 1641 2639 auctoribus
1654 2596 1759 2639 ‘quos
1785 2585 1825 2622 in
1850 2585 1912 2622 his

442 2630 623 2686 capitulis
657 2634 811 2668 secutus
841 2633 897 2685 est
925 2630 1077 2667 Orosius
1104 2643 1134 2685 xj.
1166 2596 1461 2677 anngcmeisten
1490 2644 1576 2679 app.
1609 2635 1693 2669 ent.
1730 2632 1771 2669 in
1803 2634 1912 2679 Cor-p.

442 2680 574 2724 Ser-opt.
594 2679 724 2715 Ecclea.
747 2680 827 2716 Lat.
844 2678 1124 2733 deobonenm
1144 2681 1233 2715 tom.
1252 2691 1284 2715 v.
1479 2690 1518 2727 15
1546 2681 1635 2734 Ille-2
1663 2691 1713 2717 sc.
1731 2679 1914 2719 Christus.

437 2731 637 2779 pomiferae
666 2728 783 2762 secula
802 2740 809 2763 :
825 2725 928 2781 'Iam
983 2728 1075 2762 ortis
1103 2726 1150 2761 ab
1177 2727 1346 2773 Augusto
1372 2738 1440 2773 per
1465 2727 1663 2764 duodecun
1689 2727 1769 2765 fere
1794 2739 1913 2765 annos

443 2772 601 2816 claun-3
629 2785 660 2809 v.
677 2773 782 2811 Oros.
799 2786 846 2812 vi.
864 2783 908 2811 22
927 2737 981 2821 ἐξ
994 2783 1004 2810 ι
1023 2785 1124 2819 seqq.
1299 2776 1339 2811 18
1360 2776 1427 2831 qui
1443 2777 1536 2811 ciuis
1553 2777 1624 2811 etc.
1642 2787 1651 2810 ε
1677 2774 1724 2811 cf.
1744 2774 1847 2830 Oros.
1864 2774 1911 2813 vi.

443 2830 488 2857 22
523 2819 565 2867 ξς
595 2822 619 2857 6
644 2832 746 2868 seqq.
963 2829 1005 2871 25
1048 2822 1154 2866 Nam,
1189 2826 1229 2858 ut
1264 2823 1411 2859 omme
1442 2824 1540 2860 ete:
1585 2834 1616 2859 v.
1652 2820 1754 2860 Oros.
1784 2834 1831 2860 vx.
1866 2833 1915 2862 2ο

444 2866 486 2915 §5
511 2876 585 2914 1-5·

556 2938 624 2983 2⁶0
