<?xml version="1.0" encoding="UTF-8"?>
<!DOCTYPE html PUBLIC "-//W3C//DTD XHTML 1.0 Transitional//EN"
    "http://www.w3.org/TR/xhtml1/DTD/xhtml1-transitional.dtd">
<html xmlns="http://www.w3.org/1999/xhtml" xml:lang="en" lang="en">
 <head>
  <title>
</title>
<meta http-equiv="Content-Type" content="text/html;charset=utf-8" />
  <meta name='ocr-system' content='tesseract 3.04.00' />
  <meta name='ocr-capabilities' content='ocr_page ocr_carea ocr_par ocr_line ocrx_word'/>
</head>
<body>
  <div class='ocr_page' id='page_1' title='image "./policraticisived02john_0222.png"; bbox 0 0 1988 3250; ppageno 0'>
   <div class='ocr_carea' id='block_1_1' title="bbox 253 218 378 269">
    <p class='ocr_par' dir='ltr' id='par_1_1' title="bbox 253 218 378 269">
     <span class='ocr_line' id='line_1_1' title="bbox 253 218 378 269; baseline 0.04 -12"><span class='ocrx_word' id='word_1_1' title='bbox 253 227 330 269; x_wconf 81' lang='lat'><strong>⁷0¹</strong></span> <span class='ocrx_word' id='word_1_2' title='bbox 347 218 378 262; x_wconf 78' lang='lat' dir='ltr'>b</span> 
     </span>
    </p>
   </div>
   <div class='ocr_carea' id='block_1_2' title="bbox 349 722 375 752">
    <p class='ocr_par' dir='ltr' id='par_1_2' title="bbox 349 722 375 752">
     <span class='ocr_line' id='line_1_2' title="bbox 349 722 375 752; baseline 0 0"><span class='ocrx_word' id='word_1_3' title='bbox 349 722 375 752; x_wconf 76' lang='lat' dir='ltr'><strong>c</strong></span> 
     </span>
    </p>
   </div>
   <div class='ocr_carea' id='block_1_3' title="bbox 345 1611 375 1653">
    <p class='ocr_par' dir='ltr' id='par_1_3' title="bbox 345 1611 375 1653">
     <span class='ocr_line' id='line_1_3' title="bbox 345 1611 375 1653; baseline 0 0"><span class='ocrx_word' id='word_1_4' title='bbox 345 1611 375 1653; x_wconf 84' lang='lat' dir='ltr'><strong>d</strong></span> 
     </span>
    </p>
   </div>
   <div class='ocr_carea' id='block_1_4' title="bbox 722 212 1860 273">
    <p class='ocr_par' dir='ltr' id='par_1_4' title="bbox 722 212 1860 273">
     <span class='ocr_line' id='line_1_4' title="bbox 722 212 1860 273; baseline -0.004 -13"><span class='ocrx_word' id='word_1_5' title='bbox 722 215 986 260; x_wconf 87' lang='lat' dir='ltr'>IOANNIS</span> <span class='ocrx_word' id='word_1_6' title='bbox 1027 214 1542 260; x_wconf 87' lang='lat' dir='ltr'>SARESBERIENSIS</span> <span class='ocrx_word' id='word_1_7' title='bbox 1663 212 1775 273; x_wconf 76' lang='lat' dir='ltr'><strong>[ms.</strong></span> <span class='ocrx_word' id='word_1_8' title='bbox 1789 224 1860 258; x_wconf 83' lang='lat' dir='ltr'><strong>vn</strong></span> 
     </span>
    </p>
   </div>
   <div class='ocr_carea' id='block_1_5' title="bbox 390 333 1861 464">
    <p class='ocr_par' dir='ltr' id='par_1_5' title="bbox 390 333 1861 464">
     <span class='ocr_line' id='line_1_5' title="bbox 391 333 1861 395; baseline -0.002 -15"><span class='ocrx_word' id='word_1_9' title='bbox 391 337 487 380; x_wconf 89' lang='lat' dir='ltr'><strong>eius</strong></span> <span class='ocrx_word' id='word_1_10' title='bbox 518 339 565 380; x_wconf 88' lang='lat' dir='ltr'><strong>et</strong></span> <span class='ocrx_word' id='word_1_11' title='bbox 595 340 731 395; x_wconf 84' lang='lat' dir='ltr'><strong>caput</strong></span> <span class='ocrx_word' id='word_1_12' title='bbox 761 338 857 382; x_wconf 85' lang='lat' dir='ltr'><strong>eius</strong></span> <span class='ocrx_word' id='word_1_13' title='bbox 885 337 1027 381; x_wconf 91' lang='lat' dir='ltr'><strong>nubes</strong></span> <span class='ocrx_word' id='word_1_14' title='bbox 1055 337 1268 395; x_wconf 86' lang='lat' dir='ltr'><strong>tetigerit,</strong></span> <span class='ocrx_word' id='word_1_15' title='bbox 1298 336 1425 394; x_wconf 81' lang='lat' dir='ltr'><strong>quasi</strong></span> <span class='ocrx_word' id='word_1_16' title='bbox 1454 334 1782 392; x_wconf 71' lang='lat' dir='ltr'><strong>sterquilinium</strong></span> <span class='ocrx_word' id='word_1_17' title='bbox 1808 333 1861 391; x_wconf 31' lang='lat' dir='ltr'><strong>‚in</strong></span> 
     </span>
     <span class='ocr_line' id='line_1_6' title="bbox 390 407 975 464; baseline 0.003 -15"><span class='ocrx_word' id='word_1_18' title='bbox 390 407 479 450; x_wconf 86' lang='lat' dir='ltr'><strong>fine</strong></span> <span class='ocrx_word' id='word_1_19' title='bbox 507 407 730 464; x_wconf 74' lang='lat' dir='ltr'><strong>perdetur.</strong></span> <span class='ocrx_word' id='word_1_20' title='bbox 973 417 975 419; x_wconf 76' lang='grc'><strong><em>’</em></strong></span> 
     </span>
    </p>
   </div>
   <div class='ocr_carea' id='block_1_6' title="bbox 643 543 1603 602">
    <p class='ocr_par' dir='ltr' id='par_1_6' title="bbox 643 543 1603 602">
     <span class='ocr_line' id='line_1_7' title="bbox 643 543 1603 602; baseline -0.002 -14"><span class='ocrx_word' id='word_1_21' title='bbox 643 543 752 602; x_wconf 84' lang='lat' dir='ltr'><strong>Cap.</strong></span> <span class='ocrx_word' id='word_1_22' title='bbox 777 558 842 596; x_wconf 89' lang='lat'><strong>24.</strong></span> <span class='ocrx_word' id='word_1_23' title='bbox 888 545 953 588; x_wconf 81' lang='lat' dir='ltr'><strong>De</strong></span> <span class='ocrx_word' id='word_1_24' title='bbox 983 544 1170 588; x_wconf 75' lang='lat' dir='ltr'><strong>inuidis</strong></span> <span class='ocrx_word' id='word_1_25' title='bbox 1198 547 1238 588; x_wconf 83' lang='lat' dir='ltr'><strong>et</strong></span> <span class='ocrx_word' id='word_1_26' title='bbox 1268 543 1603 588; x_wconf 78' lang='lat' dir='ltr'><strong>detractoribus.</strong></span> 
     </span>
    </p>
   </div>
   <div class='ocr_carea' id='block_1_7' title="bbox 389 640 1925 2369">
    <p class='ocr_par' dir='ltr' id='par_1_7' title="bbox 389 640 1925 2369">
     <span class='ocr_line' id='line_1_8' title="bbox 451 640 1862 700; baseline -0.001 -15"><span class='ocrx_word' id='word_1_27' title='bbox 451 641 560 685; x_wconf 92' lang='lat' dir='ltr'><strong>Ecce</strong></span> <span class='ocrx_word' id='word_1_28' title='bbox 582 657 715 699; x_wconf 91' lang='lat' dir='ltr'><strong>quam</strong></span> <span class='ocrx_word' id='word_1_29' title='bbox 735 642 869 685; x_wconf 89' lang='lat' dir='ltr'><strong>miser</strong></span> <span class='ocrx_word' id='word_1_30' title='bbox 888 645 956 685; x_wconf 89' lang='lat' dir='ltr'><strong>est</strong></span> <span class='ocrx_word' id='word_1_31' title='bbox 971 643 1072 686; x_wconf 89' lang='lat' dir='ltr'><strong>finis</strong></span> <span class='ocrx_word' id='word_1_32' title='bbox 1087 642 1390 699; x_wconf 73' lang='lat' dir='ltr'><strong>ypocritarum</strong></span> <span class='ocrx_word' id='word_1_33' title='bbox 1412 641 1488 698; x_wconf 91' lang='lat' dir='ltr'><strong>qui</strong></span> <span class='ocrx_word' id='word_1_34' title='bbox 1502 640 1644 700; x_wconf 86' lang='lat' dir='ltr'><strong>(sacro</strong></span> <span class='ocrx_word' id='word_1_35' title='bbox 1667 642 1862 684; x_wconf 89' lang='lat' dir='ltr'><strong>testante</strong></span> 
     </span>
     <span class='ocr_line' id='line_1_9' title="bbox 392 709 1902 768; baseline -0.002 -14"><span class='ocrx_word' id='word_1_36' title='bbox 392 710 582 768; x_wconf 90' lang='lat' dir='ltr'><strong>eloquio)</strong></span> <span class='ocrx_word' id='word_1_37' title='bbox 602 711 845 768; x_wconf 85' lang='lat' dir='ltr'><strong>perdentur</strong></span> <span class='ocrx_word' id='word_1_38' title='bbox 871 714 924 754; x_wconf 89' lang='lat' dir='ltr'><strong>ut</strong></span> <span class='ocrx_word' id='word_1_39' title='bbox 951 712 1280 768; x_wconf 79' lang='lat' dir='ltr'><strong>sterquilinium</strong></span> <span class='ocrx_word' id='word_1_40' title='bbox 1308 725 1396 768; x_wconf 93' lang='lat' dir='ltr'><strong>quo</strong></span> <span class='ocrx_word' id='word_1_41' title='bbox 1421 710 1559 754; x_wconf 87' lang='lat' dir='ltr'><strong>nichil</strong></span> <span class='ocrx_word' id='word_1_42' title='bbox 1585 709 1859 752; x_wconf 90' lang='lat' dir='ltr'><strong>immundius</strong></span> <span class='ocrx_word' id='word_1_43' title='bbox 1882 722 1902 756; x_wconf 86' lang='lat'>5</span> 
     </span>
     <span class='ocr_line' id='line_1_10' title="bbox 391 779 1862 838; baseline -0.002 -15"><span class='ocrx_word' id='word_1_44' title='bbox 391 783 470 823; x_wconf 89' lang='lat' dir='ltr'><strong>est.</strong></span> <span class='ocrx_word' id='word_1_45' title='bbox 527 780 712 823; x_wconf 87' lang='lat' dir='ltr'><strong>Frustra</strong></span> <span class='ocrx_word' id='word_1_46' title='bbox 733 795 837 838; x_wconf 87' lang='lat' dir='ltr'><strong>ergo</strong></span> <span class='ocrx_word' id='word_1_47' title='bbox 858 782 1181 824; x_wconf 87' lang='lat' dir='ltr'><strong>affectauerunt</strong></span> <span class='ocrx_word' id='word_1_48' title='bbox 1200 781 1404 823; x_wconf 90' lang='lat' dir='ltr'><strong>umbram</strong></span> <span class='ocrx_word' id='word_1_49' title='bbox 1424 779 1640 823; x_wconf 90' lang='lat' dir='ltr'><strong>bonorum</strong></span> <span class='ocrx_word' id='word_1_50' title='bbox 1660 792 1862 835; x_wconf 89' lang='lat' dir='ltr'><strong>operum;</strong></span> 
     </span>
     <span class='ocr_line' id='line_1_11' title="bbox 390 847 1862 906; baseline -0.001 -14"><span class='ocrx_word' id='word_1_51' title='bbox 390 864 506 900; x_wconf 89' lang='lat' dir='ltr'><strong>nam,</strong></span> <span class='ocrx_word' id='word_1_52' title='bbox 536 850 574 893; x_wconf 90' lang='lat' dir='ltr'><strong>si</strong></span> <span class='ocrx_word' id='word_1_53' title='bbox 604 850 721 893; x_wconf 92' lang='lat' dir='ltr'><strong>bona</strong></span> <span class='ocrx_word' id='word_1_54' title='bbox 751 853 909 902; x_wconf 84' lang='lat' dir='ltr'><strong>essent,</strong></span> <span class='ocrx_word' id='word_1_55' title='bbox 940 864 1098 892; x_wconf 88' lang='lat' dir='ltr'><strong>reuera</strong></span> <span class='ocrx_word' id='word_1_56' title='bbox 1126 864 1405 906; x_wconf 81' lang='lat' dir='ltr'><strong>nequaquam</strong></span> <span class='ocrx_word' id='word_1_57' title='bbox 1436 849 1739 905; x_wconf 86' lang='lat' dir='ltr'><strong>perderentur.</strong></span> <span class='ocrx_word' id='word_1_58' title='bbox 1798 847 1862 891; x_wconf 88' lang='lat' dir='ltr'><strong>Vt</strong></span> 
     </span>
     <span class='ocr_line' id='line_1_12' title="bbox 390 918 1862 976; baseline -0.002 -13"><span class='ocrx_word' id='word_1_59' title='bbox 390 919 608 963; x_wconf 89' lang='lat' dir='ltr'><strong>desideria</strong></span> <span class='ocrx_word' id='word_1_60' title='bbox 645 920 792 963; x_wconf 90' lang='lat' dir='ltr'><strong>carnis</strong></span> <span class='ocrx_word' id='word_1_61' title='bbox 831 919 1078 976; x_wconf 88' lang='lat' dir='ltr'><strong>implerent,</strong></span> <span class='ocrx_word' id='word_1_62' title='bbox 1114 933 1227 975; x_wconf 91' lang='lat' dir='ltr'><strong>quae</strong></span> <span class='ocrx_word' id='word_1_63' title='bbox 1266 918 1481 961; x_wconf 90' lang='lat' dir='ltr'><strong>aduersus</strong></span> <span class='ocrx_word' id='word_1_64' title='bbox 1515 918 1722 976; x_wconf 89' lang='lat' dir='ltr'><strong>spiritum</strong></span> <span class='ocrx_word' id='word_1_65' title='bbox 1761 933 1862 962; x_wconf 90' lang='lat' dir='ltr'><strong>con-</strong></span> 
     </span>
     <span class='ocr_line' id='line_1_13' title="bbox 389 987 1863 1047; baseline -0.002 -14"><span class='ocrx_word' id='word_1_66' title='bbox 389 989 588 1047; x_wconf 83' lang='lat' dir='ltr'><strong>cupiscit,</strong></span> <span class='ocrx_word' id='word_1_67' title='bbox 612 989 755 1032; x_wconf 88' lang='lat' dir='ltr'><strong>multa</strong></span> <span class='ocrx_word' id='word_1_68' title='bbox 787 988 1096 1032; x_wconf 87' lang='lat' dir='ltr'><strong>sustinuerunt</strong></span> <span class='ocrx_word' id='word_1_69' title='bbox 1126 988 1174 1030; x_wconf 93' lang='lat' dir='ltr'><strong>in</strong></span> <span class='ocrx_word' id='word_1_70' title='bbox 1203 987 1322 1031; x_wconf 80' lang='lat' dir='ltr'><strong>fame</strong></span> <span class='ocrx_word' id='word_1_71' title='bbox 1351 990 1398 1031; x_wconf 92' lang='lat' dir='ltr'><strong>et</strong></span> <span class='ocrx_word' id='word_1_72' title='bbox 1427 987 1515 1038; x_wconf 90' lang='lat' dir='ltr'><strong>siti,</strong></span> <span class='ocrx_word' id='word_1_73' title='bbox 1542 988 1590 1030; x_wconf 90' lang='lat' dir='ltr'><strong>in</strong></span> <span class='ocrx_word' id='word_1_74' title='bbox 1619 988 1786 1045; x_wconf 78' lang='lat' dir='ltr'><strong>frigore</strong></span> <span class='ocrx_word' id='word_1_75' title='bbox 1816 991 1863 1031; x_wconf 91' lang='lat' dir='ltr'><strong>et</strong></span> 
     </span>
     <span class='ocr_line' id='line_1_14' title="bbox 390 1057 1925 1115; baseline 0 -14"><span class='ocrx_word' id='word_1_76' title='bbox 390 1059 596 1102; x_wconf 88' lang='lat' dir='ltr'><strong>nuditate</strong></span> <span class='ocrx_word' id='word_1_77' title='bbox 616 1062 662 1101; x_wconf 89' lang='lat' dir='ltr'><strong>et</strong></span> <span class='ocrx_word' id='word_1_78' title='bbox 681 1058 911 1108; x_wconf 89' lang='lat' dir='ltr'><strong>similibus,</strong></span> <span class='ocrx_word' id='word_1_79' title='bbox 932 1058 1094 1115; x_wconf 90' lang='lat' dir='ltr'><strong>quibus</strong></span> <span class='ocrx_word' id='word_1_80' title='bbox 1118 1057 1288 1102; x_wconf 83' lang='lat' dir='ltr'><strong>Christi</strong></span> <span class='ocrx_word' id='word_1_81' title='bbox 1313 1057 1556 1114; x_wconf 89' lang='lat' dir='ltr'><strong>pretiosum</strong></span> <span class='ocrx_word' id='word_1_82' title='bbox 1578 1057 1663 1100; x_wconf 92' lang='lat' dir='ltr'><strong>emi</strong></span> <span class='ocrx_word' id='word_1_83' title='bbox 1685 1059 1861 1114; x_wconf 87' lang='lat' dir='ltr'><strong>poterat</strong></span> <span class='ocrx_word' id='word_1_84' title='bbox 1884 1070 1925 1094; x_wconf 86' lang='lat'><strong>¹0</strong></span> 
     </span>
     <span class='ocr_line' id='line_1_15' title="bbox 390 1127 1864 1185; baseline 0 -15"><span class='ocrx_word' id='word_1_85' title='bbox 390 1128 697 1185; x_wconf 89' lang='lat' dir='ltr'><strong>margaritum.</strong></span> <span class='ocrx_word' id='word_1_86' title='bbox 760 1127 864 1170; x_wconf 92' lang='lat' dir='ltr'><strong>Non</strong></span> <span class='ocrx_word' id='word_1_87' title='bbox 909 1127 1026 1170; x_wconf 92' lang='lat' dir='ltr'><strong>enim</strong></span> <span class='ocrx_word' id='word_1_88' title='bbox 1072 1127 1119 1168; x_wconf 93' lang='lat' dir='ltr'><strong>in</strong></span> <span class='ocrx_word' id='word_1_89' title='bbox 1169 1127 1263 1170; x_wconf 89' lang='lat' dir='ltr'><strong>sola</strong></span> <span class='ocrx_word' id='word_1_90' title='bbox 1305 1127 1591 1170; x_wconf 89' lang='lat' dir='ltr'><strong>immunditia</strong></span> <span class='ocrx_word' id='word_1_91' title='bbox 1639 1127 1712 1169; x_wconf 93' lang='lat' dir='ltr'><strong>uel</strong></span> <span class='ocrx_word' id='word_1_92' title='bbox 1756 1127 1864 1184; x_wconf 85' lang='lat' dir='ltr'><strong>gula</strong></span> 
     </span>
     <span class='ocr_line' id='line_1_16' title="bbox 390 1196 1862 1255; baseline 0 -14"><span class='ocrx_word' id='word_1_93' title='bbox 390 1198 640 1241; x_wconf 89' lang='lat' dir='ltr'><strong>consistunt</strong></span> <span class='ocrx_word' id='word_1_94' title='bbox 660 1212 793 1255; x_wconf 89' lang='lat' dir='ltr'><strong>opera</strong></span> <span class='ocrx_word' id='word_1_95' title='bbox 813 1197 969 1248; x_wconf 89' lang='lat' dir='ltr'><strong>carnis,</strong></span> <span class='ocrx_word' id='word_1_96' title='bbox 984 1212 1085 1240; x_wconf 90' lang='lat' dir='ltr'><strong>cum</strong></span> <span class='ocrx_word' id='word_1_97' title='bbox 1105 1196 1346 1254; x_wconf 88' lang='lat' dir='ltr'><strong>Apostolus</strong></span> <span class='ocrx_word' id='word_1_98' title='bbox 1366 1196 1424 1240; x_wconf 86' lang='lat' dir='ltr'><strong>ad</strong></span> <span class='ocrx_word' id='word_1_99' title='bbox 1444 1197 1659 1239; x_wconf 86' lang='lat' dir='ltr'><strong>Galathas</strong></span> <span class='ocrx_word' id='word_1_100' title='bbox 1678 1197 1862 1254; x_wconf 91' lang='lat' dir='ltr'><strong>loquens</strong></span> 
     </span>
     <span class='ocr_line' id='line_1_17' title="bbox 391 1266 1860 1318; baseline 0.001 -9"><span class='ocrx_word' id='word_1_101' title='bbox 391 1281 444 1310; x_wconf 90' lang='lat' dir='ltr'><strong>ea</strong></span> <span class='ocrx_word' id='word_1_102' title='bbox 463 1267 511 1310; x_wconf 90' lang='lat' dir='ltr'><strong>in</strong></span> <span class='ocrx_word' id='word_1_103' title='bbox 538 1268 693 1310; x_wconf 90' lang='lat' dir='ltr'><strong>multis</strong></span> <span class='ocrx_word' id='word_1_104' title='bbox 719 1267 844 1310; x_wconf 88' lang='lat' dir='ltr'><strong>uitiis</strong></span> <span class='ocrx_word' id='word_1_105' title='bbox 871 1266 1110 1310; x_wconf 87' lang='lat' dir='ltr'><strong>manifesta</strong></span> <span class='ocrx_word' id='word_1_106' title='bbox 1137 1282 1229 1310; x_wconf 91' lang='lat' dir='ltr'><strong>esse</strong></span> <span class='ocrx_word' id='word_1_107' title='bbox 1253 1267 1500 1318; x_wconf 90' lang='lat' dir='ltr'><strong>conuincat,</strong></span> <span class='ocrx_word' id='word_1_108' title='bbox 1521 1269 1573 1309; x_wconf 93' lang='lat' dir='ltr'><strong>ut</strong></span> <span class='ocrx_word' id='word_1_109' title='bbox 1597 1270 1703 1310; x_wconf 91' lang='lat' dir='ltr'><strong>sunt</strong></span> <span class='ocrx_word' id='word_1_110' title='bbox 1722 1266 1860 1310; x_wconf 86' lang='lat' dir='ltr'><strong>forni-</strong></span> 
     </span>
     <span class='ocr_line' id='line_1_18' title="bbox 390 1335 1860 1393; baseline 0 -14"><span class='ocrx_word' id='word_1_111' title='bbox 390 1336 518 1389; x_wconf 87' lang='lat' dir='ltr'><strong>catio,</strong></span> <span class='ocrx_word' id='word_1_112' title='bbox 546 1336 843 1387; x_wconf 86' lang='lat' dir='ltr'><strong>immunditia,</strong></span> <span class='ocrx_word' id='word_1_113' title='bbox 871 1336 1075 1387; x_wconf 88' lang='lat' dir='ltr'><strong>auaritia,</strong></span> <span class='ocrx_word' id='word_1_114' title='bbox 1105 1336 1395 1393; x_wconf 87' lang='lat' dir='ltr'><strong>impudicitia,</strong></span> <span class='ocrx_word' id='word_1_115' title='bbox 1420 1336 1611 1387; x_wconf 87' lang='lat' dir='ltr'><strong>luxuria,</strong></span> <span class='ocrx_word' id='word_1_116' title='bbox 1640 1335 1860 1379; x_wconf 84' lang='lat' dir='ltr'><strong>idolorum</strong></span> 
     </span>
     <span class='ocr_line' id='line_1_19' title="bbox 391 1405 1923 1458; baseline 0.003 -10"><span class='ocrx_word' id='word_1_117' title='bbox 391 1406 595 1456; x_wconf 89' lang='lat' dir='ltr'><strong>seruitus,</strong></span> <span class='ocrx_word' id='word_1_118' title='bbox 631 1406 854 1457; x_wconf 89' lang='lat' dir='ltr'><strong>ueneficia,</strong></span> <span class='ocrx_word' id='word_1_119' title='bbox 894 1406 1166 1457; x_wconf 86' lang='lat' dir='ltr'><strong>inimicitiae,</strong></span> <span class='ocrx_word' id='word_1_120' title='bbox 1204 1406 1519 1456; x_wconf 87' lang='lat' dir='ltr'><strong>contentiones,</strong></span> <span class='ocrx_word' id='word_1_121' title='bbox 1559 1405 1859 1458; x_wconf 84' lang='lat' dir='ltr'><strong>emulationes,</strong></span> <span class='ocrx_word' id='word_1_122' title='bbox 1884 1419 1923 1453; x_wconf 82' lang='lat'><strong>1⁵</strong></span> 
     </span>
     <span class='ocr_line' id='line_1_20' title="bbox 390 1476 1862 1530; baseline 0.001 -12"><span class='ocrx_word' id='word_1_123' title='bbox 390 1476 495 1527; x_wconf 91' lang='lat' dir='ltr'><strong>irae,</strong></span> <span class='ocrx_word' id='word_1_124' title='bbox 515 1476 652 1528; x_wconf 84' lang='lat' dir='ltr'><strong>rixae,</strong></span> <span class='ocrx_word' id='word_1_125' title='bbox 672 1476 978 1530; x_wconf 88' lang='lat' dir='ltr'><strong>dissensiones,</strong></span> <span class='ocrx_word' id='word_1_126' title='bbox 999 1477 1184 1527; x_wconf 88' lang='lat' dir='ltr'><strong>hereses,</strong></span> <span class='ocrx_word' id='word_1_127' title='bbox 1208 1478 1364 1527; x_wconf 89' lang='lat' dir='ltr'><strong>sectae,</strong></span> <span class='ocrx_word' id='word_1_128' title='bbox 1385 1476 1591 1526; x_wconf 87' lang='lat' dir='ltr'><strong>inuidiae,</strong></span> <span class='ocrx_word' id='word_1_129' title='bbox 1613 1476 1862 1528; x_wconf 85' lang='lat' dir='ltr'><strong>homicidia,</strong></span> 
     </span>
     <span class='ocr_line' id='line_1_21' title="bbox 392 1545 1863 1602; baseline 0.001 -14"><span class='ocrx_word' id='word_1_130' title='bbox 392 1545 639 1596; x_wconf 87' lang='lat' dir='ltr'><strong>ebrietates,</strong></span> <span class='ocrx_word' id='word_1_131' title='bbox 661 1546 1033 1596; x_wconf 85' lang='lat' dir='ltr'><strong>commesationes,</strong></span> <span class='ocrx_word' id='word_1_132' title='bbox 1054 1549 1099 1589; x_wconf 91' lang='lat' dir='ltr'><strong>et</strong></span> <span class='ocrx_word' id='word_1_133' title='bbox 1126 1545 1300 1597; x_wconf 89' lang='lat' dir='ltr'><strong>similia,</strong></span> <span class='ocrx_word' id='word_1_134' title='bbox 1321 1559 1432 1602; x_wconf 87' lang='lat' dir='ltr'><strong>quae</strong></span> <span class='ocrx_word' id='word_1_135' title='bbox 1460 1546 1536 1602; x_wconf 92' lang='lat' dir='ltr'><strong>qui</strong></span> <span class='ocrx_word' id='word_1_136' title='bbox 1564 1546 1863 1598; x_wconf 89' lang='lat' dir='ltr'><strong>committunt,</strong></span> 
     </span>
     <span class='ocr_line' id='line_1_22' title="bbox 392 1615 1862 1674; baseline 0 -16"><span class='ocrx_word' id='word_1_137' title='bbox 392 1629 578 1673; x_wconf 85' lang='lat' dir='ltr'><strong>regnum</strong></span> <span class='ocrx_word' id='word_1_138' title='bbox 619 1615 703 1658; x_wconf 93' lang='lat' dir='ltr'><strong>Dei</strong></span> <span class='ocrx_word' id='word_1_139' title='bbox 743 1631 832 1659; x_wconf 92' lang='lat' dir='ltr'><strong>non</strong></span> <span class='ocrx_word' id='word_1_140' title='bbox 871 1616 1172 1673; x_wconf 89' lang='lat' dir='ltr'><strong>possidebunt.</strong></span> <span class='ocrx_word' id='word_1_141' title='bbox 1232 1615 1338 1659; x_wconf 87' lang='lat' dir='ltr'><strong>Siue</strong></span> <span class='ocrx_word' id='word_1_142' title='bbox 1378 1630 1482 1674; x_wconf 87' lang='lat' dir='ltr'><strong>ergo</strong></span> <span class='ocrx_word' id='word_1_143' title='bbox 1523 1615 1580 1658; x_wconf 91' lang='lat' dir='ltr'><strong>ad</strong></span> <span class='ocrx_word' id='word_1_144' title='bbox 1615 1616 1747 1658; x_wconf 90' lang='lat' dir='ltr'><strong>finem</strong></span> <span class='ocrx_word' id='word_1_145' title='bbox 1780 1616 1862 1659; x_wconf 93' lang='lat' dir='ltr'><strong>im-</strong></span> 
     </span>
     <span class='ocr_line' id='line_1_23' title="bbox 391 1685 1861 1743; baseline 0.001 -16"><span class='ocrx_word' id='word_1_146' title='bbox 391 1685 638 1728; x_wconf 87' lang='lat' dir='ltr'><strong>munditiae</strong></span> <span class='ocrx_word' id='word_1_147' title='bbox 665 1688 710 1728; x_wconf 92' lang='lat' dir='ltr'><strong>et</strong></span> <span class='ocrx_word' id='word_1_148' title='bbox 740 1685 943 1729; x_wconf 82' lang='lat' dir='ltr'><strong>luxuriae</strong></span> <span class='ocrx_word' id='word_1_149' title='bbox 970 1685 1064 1728; x_wconf 92' lang='lat' dir='ltr'><strong>siue</strong></span> <span class='ocrx_word' id='word_1_150' title='bbox 1092 1685 1149 1728; x_wconf 90' lang='lat' dir='ltr'><strong>ad</strong></span> <span class='ocrx_word' id='word_1_151' title='bbox 1178 1685 1324 1728; x_wconf 90' lang='lat' dir='ltr'><strong>inanis</strong></span> <span class='ocrx_word' id='word_1_152' title='bbox 1347 1685 1514 1743; x_wconf 88' lang='lat' dir='ltr'><strong>gloriae</strong></span> <span class='ocrx_word' id='word_1_153' title='bbox 1544 1685 1617 1728; x_wconf 92' lang='lat' dir='ltr'><strong>uel</strong></span> <span class='ocrx_word' id='word_1_154' title='bbox 1646 1685 1861 1729; x_wconf 83' lang='lat' dir='ltr'><strong>auaritiae</strong></span> 
     </span>
     <span class='ocr_line' id='line_1_24' title="bbox 391 1754 1923 1812; baseline 0.001 -16"><span class='ocrx_word' id='word_1_155' title='bbox 391 1754 562 1797; x_wconf 86' lang='lat' dir='ltr'><strong>exitum</strong></span> <span class='ocrx_word' id='word_1_156' title='bbox 593 1769 727 1812; x_wconf 89' lang='lat' dir='ltr'><strong>opera</strong></span> <span class='ocrx_word' id='word_1_157' title='bbox 753 1754 1016 1805; x_wconf 79' lang='lat' dir='ltr'><strong>referantur,</strong></span> <span class='ocrx_word' id='word_1_158' title='bbox 1044 1754 1149 1811; x_wconf 89' lang='lat' dir='ltr'><strong>quia</strong></span> <span class='ocrx_word' id='word_1_159' title='bbox 1178 1754 1415 1811; x_wconf 90' lang='lat' dir='ltr'><strong>priuantur</strong></span> <span class='ocrx_word' id='word_1_160' title='bbox 1441 1755 1529 1798; x_wconf 89' lang='lat' dir='ltr'><strong>fine</strong></span> <span class='ocrx_word' id='word_1_161' title='bbox 1557 1769 1647 1806; x_wconf 90' lang='lat' dir='ltr'><strong>suo,</strong></span> <span class='ocrx_word' id='word_1_162' title='bbox 1672 1758 1860 1798; x_wconf 89' lang='lat' dir='ltr'><strong>mortem</strong></span> <span class='ocrx_word' id='word_1_163' title='bbox 1881 1767 1923 1791; x_wconf 83' lang='lat'><strong>20</strong></span> 
     </span>
     <span class='ocr_line' id='line_1_25' title="bbox 391 1823 1858 1881; baseline 0.001 -15"><span class='ocrx_word' id='word_1_164' title='bbox 391 1823 637 1867; x_wconf 87' lang='lat' dir='ltr'><strong>incurrunt.</strong></span> <span class='ocrx_word' id='word_1_165' title='bbox 697 1824 824 1867; x_wconf 91' lang='lat' dir='ltr'><strong>Vnde</strong></span> <span class='ocrx_word' id='word_1_166' title='bbox 855 1823 972 1867; x_wconf 90' lang='lat' dir='ltr'><strong>idem</strong></span> <span class='ocrx_word' id='word_1_167' title='bbox 1000 1823 1262 1880; x_wconf 90' lang='lat' dir='ltr'><strong>Apostolus:</strong></span> <span class='ocrx_word' id='word_1_168' title='bbox 1293 1823 1396 1867; x_wconf 94' lang='lat' dir='ltr'><strong>Non</strong></span> <span class='ocrx_word' id='word_1_169' title='bbox 1424 1824 1675 1875; x_wconf 85' lang='lat' dir='ltr'><strong>efficiamur,</strong></span> <span class='ocrx_word' id='word_1_170' title='bbox 1699 1824 1858 1881; x_wconf 88' lang='lat' dir='ltr'><strong>inquit,</strong></span> 
     </span>
     <span class='ocr_line' id='line_1_26' title="bbox 392 1892 1856 1951; baseline 0.001 -16"><span class='ocrx_word' id='word_1_171' title='bbox 392 1892 539 1935; x_wconf 87' lang='lat' dir='ltr'><strong>inanis</strong></span> <span class='ocrx_word' id='word_1_172' title='bbox 571 1892 739 1950; x_wconf 82' lang='lat' dir='ltr'><strong>gloriae</strong></span> <span class='ocrx_word' id='word_1_173' title='bbox 773 1893 935 1951; x_wconf 91' lang='lat' dir='ltr'><strong>cupidi,</strong></span> <span class='ocrx_word' id='word_1_174' title='bbox 963 1893 1153 1936; x_wconf 92' lang='lat' dir='ltr'><strong>inuicem</strong></span> <span class='ocrx_word' id='word_1_175' title='bbox 1182 1896 1485 1950; x_wconf 89' lang='lat' dir='ltr'><strong>prouocantes,</strong></span> <span class='ocrx_word' id='word_1_176' title='bbox 1516 1894 1706 1937; x_wconf 91' lang='lat' dir='ltr'><strong>inuicem</strong></span> <span class='ocrx_word' id='word_1_177' title='bbox 1741 1894 1856 1937; x_wconf 91' lang='lat' dir='ltr'><strong>inui-</strong></span> 
     </span>
     <span class='ocr_line' id='line_1_27' title="bbox 392 1961 1861 2020; baseline 0.001 -15"><span class='ocrx_word' id='word_1_178' title='bbox 392 1962 558 2005; x_wconf 82' lang='lat' dir='ltr'><strong>dentes.</strong></span> <span class='ocrx_word' id='word_1_179' title='bbox 594 1962 711 2005; x_wconf 86' lang='lat' dir='ltr'><strong>Sane</strong></span> <span class='ocrx_word' id='word_1_180' title='bbox 727 1962 851 2012; x_wconf 88' lang='lat' dir='ltr'><strong>uitia,</strong></span> <span class='ocrx_word' id='word_1_181' title='bbox 867 1962 1028 2019; x_wconf 90' lang='lat' dir='ltr'><strong>quibus</strong></span> <span class='ocrx_word' id='word_1_182' title='bbox 1044 1961 1158 2005; x_wconf 84' lang='lat' dir='ltr'><strong>falsa</strong></span> <span class='ocrx_word' id='word_1_183' title='bbox 1173 1962 1346 2006; x_wconf 87' lang='lat' dir='ltr'><strong>iustitia</strong></span> <span class='ocrx_word' id='word_1_184' title='bbox 1359 1963 1606 2014; x_wconf 87' lang='lat' dir='ltr'><strong>innotescit,</strong></span> <span class='ocrx_word' id='word_1_185' title='bbox 1620 1963 1861 2020; x_wconf 88' lang='lat' dir='ltr'><strong>prudenter</strong></span> 
     </span>
     <span class='ocr_line' id='line_1_28' title="bbox 392 2031 1860 2091; baseline 0.001 -16"><span class='ocrx_word' id='word_1_186' title='bbox 392 2035 438 2075; x_wconf 88' lang='lat' dir='ltr'><strong>et</strong></span> <span class='ocrx_word' id='word_1_187' title='bbox 470 2031 696 2089; x_wconf 88' lang='lat' dir='ltr'><strong>eleganter</strong></span> <span class='ocrx_word' id='word_1_188' title='bbox 725 2031 954 2089; x_wconf 86' lang='lat' dir='ltr'><strong>expressit,</strong></span> <span class='ocrx_word' id='word_1_189' title='bbox 984 2046 1083 2075; x_wconf 92' lang='lat' dir='ltr'><strong>cum</strong></span> <span class='ocrx_word' id='word_1_190' title='bbox 1112 2032 1391 2089; x_wconf 87' lang='lat' dir='ltr'><strong>arrogantiae</strong></span> <span class='ocrx_word' id='word_1_191' title='bbox 1422 2035 1570 2076; x_wconf 90' lang='lat' dir='ltr'><strong>tumor</strong></span> <span class='ocrx_word' id='word_1_192' title='bbox 1600 2032 1730 2076; x_wconf 83' lang='lat' dir='ltr'><strong>facile</strong></span> <span class='ocrx_word' id='word_1_193' title='bbox 1759 2047 1860 2091; x_wconf 88' lang='lat' dir='ltr'><strong>pro-</strong></span> 
     </span>
     <span class='ocr_line' id='line_1_29' title="bbox 392 2100 1922 2159; baseline 0.001 -15"><span class='ocrx_word' id='word_1_194' title='bbox 392 2105 521 2144; x_wconf 88' lang='lat' dir='ltr'><strong>uocet</strong></span> <span class='ocrx_word' id='word_1_195' title='bbox 540 2101 657 2144; x_wconf 90' lang='lat' dir='ltr'><strong>unde</strong></span> <span class='ocrx_word' id='word_1_196' title='bbox 682 2100 766 2143; x_wconf 89' lang='lat' dir='ltr'><strong>sibi</strong></span> <span class='ocrx_word' id='word_1_197' title='bbox 794 2101 1027 2159; x_wconf 90' lang='lat' dir='ltr'><strong>prouenire</strong></span> <span class='ocrx_word' id='word_1_198' title='bbox 1054 2101 1287 2144; x_wconf 87' lang='lat' dir='ltr'><strong>uictoriam</strong></span> <span class='ocrx_word' id='word_1_199' title='bbox 1314 2101 1535 2159; x_wconf 89' lang='lat' dir='ltr'><strong>opinatur,</strong></span> <span class='ocrx_word' id='word_1_200' title='bbox 1559 2105 1605 2146; x_wconf 92' lang='lat' dir='ltr'><strong>et</strong></span> <span class='ocrx_word' id='word_1_201' title='bbox 1631 2102 1747 2146; x_wconf 92' lang='lat' dir='ltr'><strong>liuor</strong></span> <span class='ocrx_word' id='word_1_202' title='bbox 1773 2102 1862 2146; x_wconf 89' lang='lat' dir='ltr'><strong>illis</strong></span> <span class='ocrx_word' id='word_1_203' title='bbox 1882 2116 1922 2150; x_wconf 79' lang='lat'><strong>²5</strong></span> 
     </span>
     <span class='ocr_line' id='line_1_30' title="bbox 393 2169 1863 2229; baseline 0.001 -15"><span class='ocrx_word' id='word_1_204' title='bbox 393 2169 595 2214; x_wconf 86' lang='lat' dir='ltr'><strong>inuideat</strong></span> <span class='ocrx_word' id='word_1_205' title='bbox 615 2185 724 2227; x_wconf 90' lang='lat' dir='ltr'><strong>quos</strong></span> <span class='ocrx_word' id='word_1_206' title='bbox 744 2170 990 2228; x_wconf 88' lang='lat' dir='ltr'><strong>superiores</strong></span> <span class='ocrx_word' id='word_1_207' title='bbox 1010 2173 1142 2228; x_wconf 87' lang='lat' dir='ltr'><strong>putat</strong></span> <span class='ocrx_word' id='word_1_208' title='bbox 1161 2185 1253 2213; x_wconf 89' lang='lat' dir='ltr'><strong>esse</strong></span> <span class='ocrx_word' id='word_1_209' title='bbox 1274 2171 1345 2214; x_wconf 91' lang='lat' dir='ltr'><strong>uel</strong></span> <span class='ocrx_word' id='word_1_210' title='bbox 1366 2185 1504 2228; x_wconf 90' lang='lat' dir='ltr'><strong>pares.</strong></span> <span class='ocrx_word' id='word_1_211' title='bbox 1565 2171 1663 2225; x_wconf 86' lang='lat' dir='ltr'><strong>Quo</strong></span> <span class='ocrx_word' id='word_1_212' title='bbox 1683 2171 1863 2229; x_wconf 90' lang='lat' dir='ltr'><strong>quidem</strong></span> 
     </span>
     <span class='ocr_line' id='line_1_31' title="bbox 393 2239 1863 2290; baseline 0.001 -7"><span class='ocrx_word' id='word_1_213' title='bbox 393 2239 529 2284; x_wconf 88' lang='lat' dir='ltr'><strong>nichil</strong></span> <span class='ocrx_word' id='word_1_214' title='bbox 561 2240 820 2283; x_wconf 85' lang='lat' dir='ltr'><strong>crediderim</strong></span> <span class='ocrx_word' id='word_1_215' title='bbox 848 2254 941 2283; x_wconf 91' lang='lat' dir='ltr'><strong>esse</strong></span> <span class='ocrx_word' id='word_1_216' title='bbox 972 2240 1186 2290; x_wconf 88' lang='lat' dir='ltr'><strong>miserius,</strong></span> <span class='ocrx_word' id='word_1_217' title='bbox 1214 2239 1317 2283; x_wconf 88' lang='lat' dir='ltr'><strong>licet</strong></span> <span class='ocrx_word' id='word_1_218' title='bbox 1348 2241 1472 2283; x_wconf 90' lang='lat' dir='ltr'><strong>nulla</strong></span> <span class='ocrx_word' id='word_1_219' title='bbox 1506 2241 1684 2284; x_wconf 86' lang='lat' dir='ltr'><strong>miseria</strong></span> <span class='ocrx_word' id='word_1_220' title='bbox 1715 2242 1863 2286; x_wconf 89' lang='lat' dir='ltr'><strong>minus</strong></span> 
     </span>
     <span class='ocr_line' id='line_1_32' title="bbox 392 2308 1863 2369; baseline 0.001 -17"><span class='ocrx_word' id='word_1_221' title='bbox 392 2313 571 2353; x_wconf 88' lang='lat' dir='ltr'><strong>moueat</strong></span> <span class='ocrx_word' id='word_1_222' title='bbox 591 2309 934 2353; x_wconf 85' lang='lat' dir='ltr'><strong>misericordiam</strong></span> <span class='ocrx_word' id='word_1_223' title='bbox 959 2308 1023 2367; x_wconf 86' lang='lat' dir='ltr'><strong>(et</strong></span> <span class='ocrx_word' id='word_1_224' title='bbox 1048 2309 1129 2353; x_wconf 92' lang='lat' dir='ltr'><strong>hoc</strong></span> <span class='ocrx_word' id='word_1_225' title='bbox 1151 2309 1286 2369; x_wconf 85' lang='lat' dir='ltr'><strong>recte)</strong></span> <span class='ocrx_word' id='word_1_226' title='bbox 1307 2325 1439 2367; x_wconf 92' lang='lat' dir='ltr'><strong>quam</strong></span> <span class='ocrx_word' id='word_1_227' title='bbox 1461 2310 1690 2354; x_wconf 85' lang='lat' dir='ltr'><strong>calamitas</strong></span> <span class='ocrx_word' id='word_1_228' title='bbox 1710 2325 1863 2355; x_wconf 88' lang='lat' dir='ltr'><strong>eorum</strong></span> 
     </span>
    </p>
   </div>
   <div class='ocr_carea' id='block_1_8' title="bbox 392 2423 1863 2519">
    <p class='ocr_par' dir='ltr' id='par_1_8' title="bbox 392 2423 1863 2519">
     <span class='ocr_line' id='line_1_33' title="bbox 397 2423 1863 2519; baseline 0.002 -57"><span class='ocrx_word' id='word_1_229' title='bbox 397 2435 432 2510; x_wconf 71' lang='lat'><strong>1¹⁴</strong></span> <span class='ocrx_word' id='word_1_230' title='bbox 436 2425 552 2519; x_wconf 50' lang='lat' dir='ltr'><strong>faule</strong></span> <span class='ocrx_word' id='word_1_231' title='bbox 566 2476 571 2486; x_wconf 91' lang='lat'><strong>.</strong></span> <span class='ocrx_word' id='word_1_232' title='bbox 575 2425 653 2509; x_wconf 61' lang='lat' dir='ltr'><strong>§rit</strong></span> <span class='ocrx_word' id='word_1_233' title='bbox 669 2424 701 2460; x_wconf 82' lang='grc' dir='ltr'><strong>Α</strong></span> <span class='ocrx_word' id='word_1_234' title='bbox 838 2434 878 2470; x_wconf 93' lang='lat'><strong>17</strong></span> <span class='ocrx_word' id='word_1_235' title='bbox 905 2423 1195 2462; x_wconf 75' lang='lat' dir='ltr'><strong>comessationes</strong></span> <span class='ocrx_word' id='word_1_236' title='bbox 1214 2424 1242 2460; x_wconf 87' lang='lat' dir='ltr'>B</span> <span class='ocrx_word' id='word_1_237' title='bbox 1259 2437 1267 2461; x_wconf 76' lang='grc' dir='ltr'><strong>ε</strong></span> <span class='ocrx_word' id='word_1_238' title='bbox 1294 2425 1624 2463; x_wconf 77' lang='lat' dir='ltr'><strong>commessationes</strong></span> <span class='ocrx_word' id='word_1_239' title='bbox 1642 2425 1679 2463; x_wconf 87' lang='lat' dir='ltr'><strong>S¹</strong></span> <span class='ocrx_word' id='word_1_240' title='bbox 1819 2436 1863 2474; x_wconf 88' lang='lat'><strong>19</strong></span> 
     </span>
     <span class='ocr_line' id='line_1_34' title="bbox 392 2484 513 2511; baseline -0.017 0"><span class='ocrx_word' id='word_1_241' title='bbox 392 2484 414 2511; x_wconf 77' lang='grc' dir='ltr'><strong>ο</strong></span> <span class='ocrx_word' id='word_1_242' title='bbox 466 2484 513 2510; x_wconf 85' lang='lat' dir='ltr'><strong>ue</strong></span> 
     </span>
    </p>
   </div>
   <div class='ocr_carea' id='block_1_9' title="bbox 392 2576 1864 2901">
    <p class='ocr_par' dir='ltr' id='par_1_9' title="bbox 392 2576 1864 2901">
     <span class='ocr_line' id='line_1_35' title="bbox 443 2576 1864 2660; baseline 0.002 -48"><span class='ocrx_word' id='word_1_243' title='bbox 443 2585 473 2660; x_wconf 57' lang='grc' dir='ltr'>ὃ</span> <span class='ocrx_word' id='word_1_244' title='bbox 484 2578 684 2623; x_wconf 71' lang='lat' dir='ltr'><strong>perdentur</strong></span> <span class='ocrx_word' id='word_1_245' title='bbox 698 2582 738 2612; x_wconf 79' lang='lat' dir='ltr'><strong>ue</strong></span> <span class='ocrx_word' id='word_1_246' title='bbox 754 2577 1023 2623; x_wconf 68' lang='lat' dir='ltr'><strong>sterquilinium</strong></span> <span class='ocrx_word' id='word_1_247' title='bbox 1038 2589 1046 2613; x_wconf 73' lang='grc' dir='ltr'><strong><em>ι</em></strong></span> <span class='ocrx_word' id='word_1_248' title='bbox 1073 2588 1107 2614; x_wconf 86' lang='lat' dir='ltr'><strong>v.</strong></span> <span class='ocrx_word' id='word_1_249' title='bbox 1128 2576 1194 2613; x_wconf 90' lang='lat' dir='ltr'><strong>Iob</strong></span> <span class='ocrx_word' id='word_1_250' title='bbox 1211 2588 1271 2613; x_wconf 85' lang='lat' dir='ltr'><strong>xx.</strong></span> <span class='ocrx_word' id='word_1_251' title='bbox 1292 2586 1326 2621; x_wconf 93' lang='lat'><strong>7.</strong></span> <span class='ocrx_word' id='word_1_252' title='bbox 1523 2579 1544 2615; x_wconf 94' lang='lat'>8</span> <span class='ocrx_word' id='word_1_253' title='bbox 1569 2579 1747 2614; x_wconf 70' lang='lat' dir='ltr'><strong>desideria</strong></span> <span class='ocrx_word' id='word_1_254' title='bbox 1764 2579 1837 2615; x_wconf 87' lang='lat' dir='ltr'><strong>etc.</strong></span> <span class='ocrx_word' id='word_1_255' title='bbox 1854 2591 1864 2615; x_wconf 73' lang='lat' dir='ltr'><em>z</em></span> 
     </span>
     <span class='ocr_line' id='line_1_36' title="bbox 393 2624 1863 2672; baseline 0.001 -11"><span class='ocrx_word' id='word_1_256' title='bbox 393 2636 425 2662; x_wconf 79' lang='lat' dir='ltr'><strong>v.</strong></span> <span class='ocrx_word' id='word_1_257' title='bbox 475 2624 524 2660; x_wconf 86' lang='lat' dir='ltr'><strong>al.</strong></span> <span class='ocrx_word' id='word_1_258' title='bbox 543 2636 576 2660; x_wconf 83' lang='lat' dir='ltr'><strong>v.</strong></span> <span class='ocrx_word' id='word_1_259' title='bbox 601 2626 653 2668; x_wconf 84' lang='lat'><strong>16,</strong></span> <span class='ocrx_word' id='word_1_260' title='bbox 675 2633 727 2669; x_wconf 88' lang='lat'><strong>17.</strong></span> <span class='ocrx_word' id='word_1_261' title='bbox 825 2635 848 2669; x_wconf 90' lang='lat'>9</span> <span class='ocrx_word' id='word_1_262' title='bbox 873 2626 913 2660; x_wconf 76' lang='lat' dir='ltr'><strong>in</strong></span> <span class='ocrx_word' id='word_1_263' title='bbox 924 2626 1029 2671; x_wconf 78' lang='lat' dir='ltr'><strong>same</strong></span> <span class='ocrx_word' id='word_1_264' title='bbox 1046 2627 1140 2662; x_wconf 86' lang='lat' dir='ltr'><strong>otc.:</strong></span> <span class='ocrx_word' id='word_1_265' title='bbox 1167 2637 1196 2661; x_wconf 86' lang='lat' dir='ltr'><strong>v.</strong></span> <span class='ocrx_word' id='word_1_266' title='bbox 1218 2635 1237 2660; x_wconf 90' lang='lat'><em>2</em></span> <span class='ocrx_word' id='word_1_267' title='bbox 1257 2624 1339 2661; x_wconf 90' lang='lat' dir='ltr'><strong>Cor.</strong></span> <span class='ocrx_word' id='word_1_268' title='bbox 1359 2624 1408 2661; x_wconf 87' lang='lat' dir='ltr'><strong>xi.</strong></span> <span class='ocrx_word' id='word_1_269' title='bbox 1427 2634 1483 2670; x_wconf 85' lang='lat'><strong>27.</strong></span> <span class='ocrx_word' id='word_1_270' title='bbox 1603 2636 1645 2662; x_wconf 88' lang='lat'><strong>10</strong></span> <span class='ocrx_word' id='word_1_271' title='bbox 1663 2628 1863 2672; x_wconf 74' lang='lat' dir='ltr'><strong>pretiosum</strong></span> 
     </span>
     <span class='ocr_line' id='line_1_37' title="bbox 394 2670 1863 2719; baseline 0.001 -10"><span class='ocrx_word' id='word_1_272' title='bbox 394 2675 466 2710; x_wconf 77' lang='lat' dir='ltr'><strong>etc.</strong></span> <span class='ocrx_word' id='word_1_273' title='bbox 484 2685 492 2708; x_wconf 75' lang='lat' dir='ltr'><em>z</em></span> <span class='ocrx_word' id='word_1_274' title='bbox 518 2684 549 2708; x_wconf 85' lang='lat' dir='ltr'><strong>v.</strong></span> <span class='ocrx_word' id='word_1_275' title='bbox 570 2671 680 2708; x_wconf 83' lang='lat' dir='ltr'><strong>Matt.</strong></span> <span class='ocrx_word' id='word_1_276' title='bbox 701 2670 782 2708; x_wconf 82' lang='lat' dir='ltr'><strong>xiii.</strong></span> <span class='ocrx_word' id='word_1_277' title='bbox 802 2673 858 2715; x_wconf 82' lang='lat'><strong>46.</strong></span> <span class='ocrx_word' id='word_1_278' title='bbox 975 2682 1016 2718; x_wconf 85' lang='lat'><strong>13</strong></span> <span class='ocrx_word' id='word_1_279' title='bbox 1042 2674 1234 2717; x_wconf 67' lang='lat' dir='ltr'><strong>manifesta</strong></span> <span class='ocrx_word' id='word_1_280' title='bbox 1252 2675 1347 2708; x_wconf 88' lang='lat' dir='ltr'><strong>etc.:</strong></span> <span class='ocrx_word' id='word_1_281' title='bbox 1374 2684 1404 2709; x_wconf 86' lang='lat' dir='ltr'><strong>v.</strong></span> <span class='ocrx_word' id='word_1_282' title='bbox 1422 2672 1505 2709; x_wconf 87' lang='lat' dir='ltr'><strong>Gal.</strong></span> <span class='ocrx_word' id='word_1_283' title='bbox 1523 2684 1557 2710; x_wconf 88' lang='lat' dir='ltr'><strong>v.</strong></span> <span class='ocrx_word' id='word_1_284' title='bbox 1582 2683 1593 2709; x_wconf 86' lang='lat'>1</span> <span class='ocrx_word' id='word_1_285' title='bbox 1624 2683 1704 2709; x_wconf 90' lang='lat'><strong>-21.</strong></span> <span class='ocrx_word' id='word_1_286' title='bbox 1822 2684 1863 2719; x_wconf 84' lang='lat'><strong>14</strong></span> 
     </span>
     <span class='ocr_line' id='line_1_38' title="bbox 393 2718 1863 2767; baseline 0 -11"><span class='ocrx_word' id='word_1_287' title='bbox 393 2721 580 2756; x_wconf 73' lang='lat' dir='ltr'><strong>auaritia:</strong></span> <span class='ocrx_word' id='word_1_288' title='bbox 607 2718 646 2755; x_wconf 89' lang='lat' dir='ltr'><strong>in</strong></span> <span class='ocrx_word' id='word_1_289' title='bbox 673 2718 781 2765; x_wconf 78' lang='lat' dir='ltr'><strong>Vulg.</strong></span> <span class='ocrx_word' id='word_1_290' title='bbox 809 2719 923 2756; x_wconf 75' lang='lat' dir='ltr'><strong>deest.</strong></span> <span class='ocrx_word' id='word_1_291' title='bbox 1121 2721 1162 2756; x_wconf 83' lang='lat'><strong>16</strong></span> <span class='ocrx_word' id='word_1_292' title='bbox 1186 2721 1331 2762; x_wconf 67' lang='lat' dir='ltr'><strong>hereses,</strong></span> <span class='ocrx_word' id='word_1_293' title='bbox 1360 2725 1490 2756; x_wconf 73' lang='lat' dir='ltr'><strong>sectae:</strong></span> <span class='ocrx_word' id='word_1_294' title='bbox 1528 2720 1605 2767; x_wconf 88' lang='lat' dir='ltr'><strong>dup</strong></span> <span class='ocrx_word' id='word_1_295' title='bbox 1623 2732 1668 2757; x_wconf 88' lang='lat' dir='ltr'><strong>ex</strong></span> <span class='ocrx_word' id='word_1_296' title='bbox 1695 2719 1863 2758; x_wconf 84' lang='lat' dir='ltr'><strong>eiusdem</strong></span> 
     </span>
     <span class='ocr_line' id='line_1_39' title="bbox 393 2765 1863 2814; baseline 0.001 -11"><span class='ocrx_word' id='word_1_297' title='bbox 393 2766 562 2804; x_wconf 74' lang='lat' dir='ltr'><strong>vocabuli</strong></span> <span class='ocrx_word' id='word_1_298' title='bbox 584 2766 726 2809; x_wconf 73' lang='lat' dir='ltr'><strong>Graeci.</strong></span> <span class='ocrx_word' id='word_1_299' title='bbox 745 2767 894 2813; x_wconf 74' lang='grc' dir='ltr'><strong>αι’ρίσης</strong></span> <span class='ocrx_word' id='word_1_300' title='bbox 910 2765 1062 2808; x_wconf 76' lang='lat' dir='ltr'><strong>acilicet,</strong></span> <span class='ocrx_word' id='word_1_301' title='bbox 1083 2765 1374 2814; x_wconf 76' lang='lat' dir='ltr'><strong>interpretatio:</strong></span> <span class='ocrx_word' id='word_1_302' title='bbox 1402 2767 1560 2814; x_wconf 56' lang='lat' dir='ltr'><strong>efiAug.</strong></span> <span class='ocrx_word' id='word_1_303' title='bbox 1577 2770 1620 2803; x_wconf 77' lang='lat' dir='ltr'><strong>de</strong></span> <span class='ocrx_word' id='word_1_304' title='bbox 1632 2770 1742 2805; x_wconf 79' lang='lat' dir='ltr'><strong>Serm.</strong></span> <span class='ocrx_word' id='word_1_305' title='bbox 1760 2770 1863 2804; x_wconf 79' lang='lat' dir='ltr'><strong>Dom-</strong></span> 
     </span>
     <span class='ocr_line' id='line_1_40' title="bbox 392 2813 1859 2899; baseline 0.001 -48"><span class='ocrx_word' id='word_1_306' title='bbox 392 2813 430 2851; x_wconf 81' lang='lat' dir='ltr'><strong>ii.</strong></span> <span class='ocrx_word' id='word_1_307' title='bbox 448 2816 490 2899; x_wconf 51' lang='lat'><strong>83</strong></span> <span class='ocrx_word' id='word_1_308' title='bbox 512 2814 659 2860; x_wconf 71' lang='lat' dir='ltr'><strong>(migne</strong></span> <span class='ocrx_word' id='word_1_309' title='bbox 685 2816 723 2852; x_wconf 83' lang='lat' dir='ltr'><strong>P.</strong></span> <span class='ocrx_word' id='word_1_310' title='bbox 746 2815 788 2851; x_wconf 81' lang='lat' dir='ltr'><strong>L.</strong></span> <span class='ocrx_word' id='word_1_311' title='bbox 814 2813 938 2851; x_wconf 79' lang='lat' dir='ltr'><strong>xxxiv.</strong></span> <span class='ocrx_word' id='word_1_312' title='bbox 971 2814 1086 2861; x_wconf 84' lang='lat'><strong>1306).</strong></span> <span class='ocrx_word' id='word_1_313' title='bbox 1267 2825 1307 2852; x_wconf 83' lang='lat'><strong>21</strong></span> <span class='ocrx_word' id='word_1_314' title='bbox 1337 2816 1420 2852; x_wconf 80' lang='lat' dir='ltr'><strong>Non</strong></span> <span class='ocrx_word' id='word_1_315' title='bbox 1438 2818 1639 2862; x_wconf 74' lang='lat' dir='ltr'><strong>‹fficiamur</strong></span> <span class='ocrx_word' id='word_1_316' title='bbox 1656 2818 1750 2853; x_wconf 60' lang='lat' dir='ltr'><strong>eto:</strong></span> <span class='ocrx_word' id='word_1_317' title='bbox 1776 2814 1859 2853; x_wconf 71' lang='lat' dir='ltr'><strong>Gal.</strong></span> 
     </span>
     <span class='ocr_line' id='line_1_41' title="bbox 393 2872 500 2901; baseline 0.019 -3"><span class='ocrx_word' id='word_1_318' title='bbox 393 2874 426 2901; x_wconf 73' lang='lat' dir='ltr'><strong>V.</strong></span> <span class='ocrx_word' id='word_1_319' title='bbox 444 2872 465 2899; x_wconf 86' lang='lat'><em>2</em></span> <span class='ocrx_word' id='word_1_320' title='bbox 491 2890 500 2900; x_wconf 84' lang='lat'><strong>.</strong></span> 
     </span>
    </p>
   </div>
   <div class='ocr_carea' id='block_1_10' title="bbox 503 2941 568 2967">
    <p class='ocr_par' dir='ltr' id='par_1_10' title="bbox 503 2941 568 2967">
     <span class='ocr_line' id='line_1_42' title="bbox 503 2941 568 2967; baseline -0.015 0"><span class='ocrx_word' id='word_1_321' title='bbox 503 2941 568 2967; x_wconf 72' lang='lat'><strong>210</strong></span> 
     </span>
    </p>
   </div>
  </div>
 </body>
</html>
