<?xml version="1.0" encoding="UTF-8"?>
<!DOCTYPE html PUBLIC "-//W3C//DTD XHTML 1.0 Transitional//EN"
    "http://www.w3.org/TR/xhtml1/DTD/xhtml1-transitional.dtd">
<html xmlns="http://www.w3.org/1999/xhtml" xml:lang="en" lang="en">
 <head>
  <title>
</title>
<meta http-equiv="Content-Type" content="text/html;charset=utf-8" />
  <meta name='ocr-system' content='tesseract 3.04.00' />
  <meta name='ocr-capabilities' content='ocr_page ocr_carea ocr_par ocr_line ocrx_word'/>
</head>
<body>
  <div class='ocr_page' id='page_1' title='image "./policraticisived02john_0410.png"; bbox 0 0 1988 3250; ppageno 0'>
   <div class='ocr_carea' id='block_1_1' title="bbox 238 174 372 215">
    <p class='ocr_par' dir='ltr' id='par_1_1' title="bbox 238 174 372 215">
     <span class='ocr_line' id='line_1_1' title="bbox 238 174 372 215; baseline 0.007 -1"><span class='ocrx_word' id='word_1_1' title='bbox 238 174 323 214; x_wconf 86' lang='lat'><strong>808</strong></span> <span class='ocrx_word' id='word_1_2' title='bbox 341 184 372 215; x_wconf 83' lang='lat' dir='ltr'><strong>a</strong></span> 
     </span>
    </p>
   </div>
   <div class='ocr_carea' id='block_1_2' title="bbox 338 849 368 887">
    <p class='ocr_par' dir='ltr' id='par_1_2' title="bbox 338 849 368 887">
     <span class='ocr_line' id='line_1_2' title="bbox 338 849 368 887; baseline 0 0"><span class='ocrx_word' id='word_1_3' title='bbox 338 849 368 887; x_wconf 88' lang='lat' dir='ltr'><strong>b</strong></span> 
     </span>
    </p>
   </div>
   <div class='ocr_carea' id='block_1_3' title="bbox 343 1761 368 1790">
    <p class='ocr_par' dir='ltr' id='par_1_3' title="bbox 343 1761 368 1790">
     <span class='ocr_line' id='line_1_3' title="bbox 343 1761 368 1790; baseline 0 0"><span class='ocrx_word' id='word_1_4' title='bbox 343 1761 368 1790; x_wconf 81' lang='lat' dir='ltr'><strong>C</strong></span> 
     </span>
    </p>
   </div>
   <div class='ocr_carea' id='block_1_4' title="bbox 706 172 1851 234">
    <p class='ocr_par' dir='ltr' id='par_1_4' title="bbox 706 172 1851 234">
     <span class='ocr_line' id='line_1_4' title="bbox 706 172 1851 234; baseline 0.001 -17"><span class='ocrx_word' id='word_1_5' title='bbox 706 173 965 217; x_wconf 90' lang='lat' dir='ltr'><strong>IOANNIS</strong></span> <span class='ocrx_word' id='word_1_6' title='bbox 1003 173 1516 218; x_wconf 87' lang='lat' dir='ltr'><strong>SARESBERIENSIS</strong></span> <span class='ocrx_word' id='word_1_7' title='bbox 1627 172 1742 234; x_wconf 69' lang='grc' dir='ltr'>[ΜΒ.</span> <span class='ocrx_word' id='word_1_8' title='bbox 1755 185 1851 218; x_wconf 80' lang='lat' dir='ltr'>V111</span> 
     </span>
    </p>
   </div>
   <div class='ocr_carea' id='block_1_5' title="bbox 381 290 1909 2360">
    <p class='ocr_par' dir='ltr' id='par_1_5' title="bbox 381 290 1909 2360">
     <span class='ocr_line' id='line_1_5' title="bbox 386 290 1848 349; baseline 0 -15"><span class='ocrx_word' id='word_1_9' title='bbox 386 291 487 349; x_wconf 88' lang='lat' dir='ltr'><strong>plus</strong></span> <span class='ocrx_word' id='word_1_10' title='bbox 507 306 639 349; x_wconf 90' lang='lat' dir='ltr'><strong>quam</strong></span> <span class='ocrx_word' id='word_1_11' title='bbox 659 306 742 345; x_wconf 92' lang='lat' dir='ltr'><strong>me,</strong></span> <span class='ocrx_word' id='word_1_12' title='bbox 760 306 850 335; x_wconf 93' lang='lat' dir='ltr'><strong>non</strong></span> <span class='ocrx_word' id='word_1_13' title='bbox 876 294 945 335; x_wconf 91' lang='lat' dir='ltr'><strong>est</strong></span> <span class='ocrx_word' id='word_1_14' title='bbox 969 305 1040 334; x_wconf 93' lang='lat' dir='ltr'><strong>me</strong></span> <span class='ocrx_word' id='word_1_15' title='bbox 1063 291 1236 349; x_wconf 89' lang='lat' dir='ltr'><strong>dignus.</strong></span> <span class='ocrx_word' id='word_1_16' title='bbox 1295 291 1355 334; x_wconf 89' lang='lat' dir='ltr'><strong>Et</strong></span> <span class='ocrx_word' id='word_1_17' title='bbox 1373 290 1571 349; x_wconf 83' lang='lat' dir='ltr'><strong>profecto</strong></span> <span class='ocrx_word' id='word_1_18' title='bbox 1591 291 1667 349; x_wconf 92' lang='lat' dir='ltr'><strong>qui</strong></span> <span class='ocrx_word' id='word_1_19' title='bbox 1687 292 1848 335; x_wconf 88' lang='lat' dir='ltr'><strong>transi-</strong></span> 
     </span>
     <span class='ocr_line' id='line_1_6' title="bbox 386 360 1848 418; baseline 0 -15"><span class='ocrx_word' id='word_1_20' title='bbox 386 361 503 403; x_wconf 87' lang='lat' dir='ltr'><strong>toria</strong></span> <span class='ocrx_word' id='word_1_21' title='bbox 523 360 702 405; x_wconf 87' lang='lat' dir='ltr'><strong>Christo</strong></span> <span class='ocrx_word' id='word_1_22' title='bbox 721 363 1010 418; x_wconf 89' lang='lat' dir='ltr'><strong>praeponunt,</strong></span> <span class='ocrx_word' id='word_1_23' title='bbox 1029 360 1138 418; x_wconf 91' lang='lat' dir='ltr'><strong>ipsis</strong></span> <span class='ocrx_word' id='word_1_24' title='bbox 1158 361 1426 404; x_wconf 72' lang='lat' dir='ltr'>transitoriis</span> <span class='ocrx_word' id='word_1_25' title='bbox 1440 361 1572 404; x_wconf 91' lang='lat' dir='ltr'><strong>citius</strong></span> <span class='ocrx_word' id='word_1_26' title='bbox 1590 362 1848 404; x_wconf 88' lang='lat' dir='ltr'><strong>transeunt:</strong></span> 
     </span>
     <span class='ocr_line' id='line_1_7' title="bbox 387 429 1847 488; baseline 0 -16"><span class='ocrx_word' id='word_1_27' title='bbox 387 445 467 474; x_wconf 90' lang='lat' dir='ltr'><strong>nec</strong></span> <span class='ocrx_word' id='word_1_28' title='bbox 497 445 648 474; x_wconf 90' lang='lat' dir='ltr'><strong>eorum</strong></span> <span class='ocrx_word' id='word_1_29' title='bbox 677 433 969 488; x_wconf 71' lang='lat' dir='ltr'><strong>perpetuatur</strong></span> <span class='ocrx_word' id='word_1_30' title='bbox 996 430 1138 487; x_wconf 89' lang='lat' dir='ltr'><strong>gloria</strong></span> <span class='ocrx_word' id='word_1_31' title='bbox 1167 430 1287 487; x_wconf 90' lang='lat' dir='ltr'><strong>apud</strong></span> <span class='ocrx_word' id='word_1_32' title='bbox 1311 444 1430 487; x_wconf 90' lang='lat' dir='ltr'><strong>quos,</strong></span> <span class='ocrx_word' id='word_1_33' title='bbox 1451 430 1707 487; x_wconf 74' lang='lat' dir='ltr'>postpositis</span> <span class='ocrx_word' id='word_1_34' title='bbox 1735 429 1847 480; x_wconf 88' lang='lat' dir='ltr'><strong>aliis,</strong></span> 
     </span>
     <span class='ocr_line' id='line_1_8' title="bbox 387 498 1847 558; baseline -0.001 -15"><span class='ocrx_word' id='word_1_35' title='bbox 387 498 594 544; x_wconf 88' lang='lat' dir='ltr'><strong>Christus</strong></span> <span class='ocrx_word' id='word_1_36' title='bbox 624 502 776 542; x_wconf 87' lang='lat' dir='ltr'><strong>manet</strong></span> <span class='ocrx_word' id='word_1_37' title='bbox 809 499 1037 557; x_wconf 88' lang='lat' dir='ltr'><strong>inglorius.</strong></span> <span class='ocrx_word' id='word_1_38' title='bbox 1110 499 1229 558; x_wconf 88' lang='lat' dir='ltr'><strong>Ergo</strong></span> <span class='ocrx_word' id='word_1_39' title='bbox 1267 514 1416 542; x_wconf 90' lang='lat' dir='ltr'><strong>casum</strong></span> <span class='ocrx_word' id='word_1_40' title='bbox 1456 499 1613 543; x_wconf 91' lang='lat' dir='ltr'><strong>timeat</strong></span> <span class='ocrx_word' id='word_1_41' title='bbox 1642 499 1847 557; x_wconf 90' lang='lat' dir='ltr'><strong>princeps</strong></span> 
     </span>
     <span class='ocr_line' id='line_1_9' title="bbox 385 569 1886 626; baseline -0.001 -14"><span class='ocrx_word' id='word_1_42' title='bbox 385 569 462 626; x_wconf 91' lang='lat' dir='ltr'><strong>qui</strong></span> <span class='ocrx_word' id='word_1_43' title='bbox 492 569 730 612; x_wconf 87' lang='lat' dir='ltr'><strong>liberorum</strong></span> <span class='ocrx_word' id='word_1_44' title='bbox 755 572 834 612; x_wconf 93' lang='lat' dir='ltr'><strong>aut</strong></span> <span class='ocrx_word' id='word_1_45' title='bbox 863 569 1008 612; x_wconf 89' lang='lat' dir='ltr'><strong>carnis</strong></span> <span class='ocrx_word' id='word_1_46' title='bbox 1036 572 1183 612; x_wconf 91' lang='lat' dir='ltr'><strong>motus</strong></span> <span class='ocrx_word' id='word_1_47' title='bbox 1213 569 1374 612; x_wconf 86' lang='lat' dir='ltr'><strong>affectu</strong></span> <span class='ocrx_word' id='word_1_48' title='bbox 1403 569 1613 612; x_wconf 80' lang='lat' dir='ltr'>honorem</span> <span class='ocrx_word' id='word_1_49' title='bbox 1643 569 1846 611; x_wconf 91' lang='lat' dir='ltr'><strong>diuinum</strong></span> <span class='ocrx_word' id='word_1_50' title='bbox 1865 587 1886 622; x_wconf 85' lang='lat'><strong>5</strong></span> 
     </span>
     <span class='ocr_line' id='line_1_10' title="bbox 384 638 1847 695; baseline 0 -14"><span class='ocrx_word' id='word_1_51' title='bbox 384 639 548 682; x_wconf 92' lang='lat' dir='ltr'><strong>minuit</strong></span> <span class='ocrx_word' id='word_1_52' title='bbox 567 639 796 682; x_wconf 91' lang='lat' dir='ltr'><strong>immemor</strong></span> <span class='ocrx_word' id='word_1_53' title='bbox 814 638 1025 683; x_wconf 87' lang='lat' dir='ltr'><strong>caritatis.</strong></span> <span class='ocrx_word' id='word_1_54' title='bbox 1084 638 1173 682; x_wconf 85' lang='lat' dir='ltr'><strong>Sed</strong></span> <span class='ocrx_word' id='word_1_55' title='bbox 1199 653 1328 681; x_wconf 91' lang='lat' dir='ltr'><strong>nemo</strong></span> <span class='ocrx_word' id='word_1_56' title='bbox 1351 642 1419 682; x_wconf 89' lang='lat' dir='ltr'><strong>est</strong></span> <span class='ocrx_word' id='word_1_57' title='bbox 1445 639 1522 695; x_wconf 90' lang='lat' dir='ltr'><strong>qui</strong></span> <span class='ocrx_word' id='word_1_58' title='bbox 1551 639 1599 681; x_wconf 93' lang='lat' dir='ltr'><strong>in</strong></span> <span class='ocrx_word' id='word_1_59' title='bbox 1628 638 1773 681; x_wconf 91' lang='lat' dir='ltr'><strong>Deum</strong></span> <span class='ocrx_word' id='word_1_60' title='bbox 1800 653 1847 681; x_wconf 92' lang='lat' dir='ltr'><strong>se</strong></span> 
     </span>
     <span class='ocr_line' id='line_1_11' title="bbox 385 707 1848 765; baseline -0.001 -15"><span class='ocrx_word' id='word_1_61' title='bbox 385 707 583 750; x_wconf 75' lang='lat' dir='ltr'><strong>fateatur</strong></span> <span class='ocrx_word' id='word_1_62' title='bbox 611 707 863 765; x_wconf 81' lang='lat' dir='ltr'><strong>insurgere3</strong></span> <span class='ocrx_word' id='word_1_63' title='bbox 894 707 1134 764; x_wconf 90' lang='lat' dir='ltr'><strong>insurgunt</strong></span> <span class='ocrx_word' id='word_1_64' title='bbox 1163 710 1313 750; x_wconf 91' lang='lat' dir='ltr'><strong>tamen</strong></span> <span class='ocrx_word' id='word_1_65' title='bbox 1342 707 1535 764; x_wconf 88' lang='lat' dir='ltr'><strong>plurimi,</strong></span> <span class='ocrx_word' id='word_1_66' title='bbox 1566 710 1612 750; x_wconf 91' lang='lat' dir='ltr'><strong>et</strong></span> <span class='ocrx_word' id='word_1_67' title='bbox 1641 707 1730 750; x_wconf 92' lang='lat' dir='ltr'><strong>iam</strong></span> <span class='ocrx_word' id='word_1_68' title='bbox 1759 707 1848 750; x_wconf 89' lang='lat' dir='ltr'><strong>ista</strong></span> 
     </span>
     <span class='ocr_line' id='line_1_12' title="bbox 385 776 1847 833; baseline 0.001 -15"><span class='ocrx_word' id='word_1_69' title='bbox 385 776 532 833; x_wconf 91' lang='lat' dir='ltr'><strong>palam</strong></span> <span class='ocrx_word' id='word_1_70' title='bbox 570 777 697 822; x_wconf 88' lang='lat' dir='ltr'><strong>fiunt.</strong></span> <span class='ocrx_word' id='word_1_71' title='bbox 779 776 976 819; x_wconf 90' lang='lat' dir='ltr'><strong>Intrauit</strong></span> <span class='ocrx_word' id='word_1_72' title='bbox 1014 776 1262 819; x_wconf 84' lang='lat' dir='ltr'><strong>Antiochus</strong></span> <span class='ocrx_word' id='word_1_73' title='bbox 1311 776 1703 819; x_wconf 85' lang='lat' dir='ltr'><strong>sanctificationem</strong></span> <span class='ocrx_word' id='word_1_74' title='bbox 1746 791 1847 820; x_wconf 90' lang='lat' dir='ltr'><strong>cum</strong></span> 
     </span>
     <span class='ocr_line' id='line_1_13' title="bbox 385 845 1847 903; baseline 0 -15"><span class='ocrx_word' id='word_1_75' title='bbox 385 846 613 903; x_wconf 90' lang='lat' dir='ltr'><strong>superbia;</strong></span> <span class='ocrx_word' id='word_1_76' title='bbox 662 849 708 889; x_wconf 92' lang='lat' dir='ltr'><strong>et</strong></span> <span class='ocrx_word' id='word_1_77' title='bbox 746 846 828 888; x_wconf 91' lang='lat' dir='ltr'><strong>hoc</strong></span> <span class='ocrx_word' id='word_1_78' title='bbox 867 845 1045 902; x_wconf 89' lang='lat' dir='ltr'><strong>quidem</strong></span> <span class='ocrx_word' id='word_1_79' title='bbox 1093 845 1265 888; x_wconf 86' lang='lat' dir='ltr'><strong>faciunt</strong></span> <span class='ocrx_word' id='word_1_80' title='bbox 1310 845 1455 889; x_wconf 87' lang='lat' dir='ltr'><strong>multi.</strong></span> <span class='ocrx_word' id='word_1_81' title='bbox 1533 845 1676 898; x_wconf 80' lang='lat' dir='ltr'><strong>Ozias,</strong></span> <span class='ocrx_word' id='word_1_82' title='bbox 1715 860 1847 902; x_wconf 90' lang='lat' dir='ltr'><strong>quem</strong></span> 
     </span>
     <span class='ocr_line' id='line_1_14' title="bbox 383 913 1906 972; baseline 0.001 -16"><span class='ocrx_word' id='word_1_83' title='bbox 383 914 560 958; x_wconf 87' lang='lat' dir='ltr'><strong>litterae</strong></span> <span class='ocrx_word' id='word_1_84' title='bbox 580 914 908 972; x_wconf 85' lang='lat' dir='ltr'><strong>irrefragabiles</strong></span> <span class='ocrx_word' id='word_1_85' title='bbox 927 915 1096 957; x_wconf 91' lang='lat' dir='ltr'><strong>iustum</strong></span> <span class='ocrx_word' id='word_1_86' title='bbox 1111 914 1158 956; x_wconf 91' lang='lat' dir='ltr'><strong>in</strong></span> <span class='ocrx_word' id='word_1_87' title='bbox 1174 914 1327 957; x_wconf 91' lang='lat' dir='ltr'><strong>multis</strong></span> <span class='ocrx_word' id='word_1_88' title='bbox 1343 913 1480 957; x_wconf 80' lang='lat' dir='ltr'><strong>fuisse</strong></span> <span class='ocrx_word' id='word_1_89' title='bbox 1492 917 1846 966; x_wconf 85' lang='lat' dir='ltr'><strong>commemorant,</strong></span> <span class='ocrx_word' id='word_1_90' title='bbox 1867 931 1906 957; x_wconf 81' lang='grc' dir='ltr'><strong>ιο</strong></span> 
     </span>
     <span class='ocr_line' id='line_1_15' title="bbox 382 982 1847 1041; baseline 0 -14"><span class='ocrx_word' id='word_1_91' title='bbox 382 987 559 1027; x_wconf 92' lang='lat' dir='ltr'><strong>mortuo</strong></span> <span class='ocrx_word' id='word_1_92' title='bbox 589 984 802 1027; x_wconf 85' lang='lat' dir='ltr'><strong>Zacharia</strong></span> <span class='ocrx_word' id='word_1_93' title='bbox 827 983 1062 1035; x_wconf 82' lang='lat' dir='ltr'><strong>sacerdote,</strong></span> <span class='ocrx_word' id='word_1_94' title='bbox 1091 983 1162 1026; x_wconf 90' lang='lat' dir='ltr'><strong>cui</strong></span> <span class='ocrx_word' id='word_1_95' title='bbox 1193 997 1433 1040; x_wconf 88' lang='lat' dir='ltr'><strong>cognomen</strong></span> <span class='ocrx_word' id='word_1_96' title='bbox 1463 982 1554 1026; x_wconf 80' lang='lat' dir='ltr'><strong>fuit</strong></span> <span class='ocrx_word' id='word_1_97' title='bbox 1582 983 1847 1041; x_wconf 89' lang='lat' dir='ltr'><strong>intelligens,</strong></span> 
     </span>
     <span class='ocr_line' id='line_1_16' title="bbox 381 1052 1848 1109; baseline 0 -13"><span class='ocrx_word' id='word_1_98' title='bbox 381 1053 580 1096; x_wconf 89' lang='lat' dir='ltr'><strong>ordinem</strong></span> <span class='ocrx_word' id='word_1_99' title='bbox 609 1052 923 1096; x_wconf 90' lang='lat' dir='ltr'><strong>sacerdotalem</strong></span> <span class='ocrx_word' id='word_1_100' title='bbox 946 1067 1035 1095; x_wconf 94' lang='lat' dir='ltr'><strong>non</strong></span> <span class='ocrx_word' id='word_1_101' title='bbox 1061 1055 1154 1095; x_wconf 92' lang='lat' dir='ltr'><strong>tam</strong></span> <span class='ocrx_word' id='word_1_102' title='bbox 1181 1052 1253 1109; x_wconf 92' lang='lat' dir='ltr'><strong>pie</strong></span> <span class='ocrx_word' id='word_1_103' title='bbox 1281 1067 1414 1109; x_wconf 91' lang='lat' dir='ltr'><strong>quam</strong></span> <span class='ocrx_word' id='word_1_104' title='bbox 1443 1052 1652 1096; x_wconf 88' lang='lat' dir='ltr'><strong>audacter</strong></span> <span class='ocrx_word' id='word_1_105' title='bbox 1681 1052 1848 1096; x_wconf 86' lang='lat' dir='ltr'><strong>inuasit</strong></span> 
     </span>
     <span class='ocr_line' id='line_1_17' title="bbox 383 1121 1849 1166; baseline -0.001 0"><span class='ocrx_word' id='word_1_106' title='bbox 383 1125 429 1166; x_wconf 92' lang='lat' dir='ltr'><strong>et</strong></span> <span class='ocrx_word' id='word_1_107' title='bbox 458 1122 799 1166; x_wconf 87' lang='lat' dir='ltr'><strong>reclamantibus</strong></span> <span class='ocrx_word' id='word_1_108' title='bbox 829 1122 1020 1164; x_wconf 86' lang='lat' dir='ltr'><strong>Leuitis:</strong></span> <span class='ocrx_word' id='word_1_109' title='bbox 1050 1121 1211 1165; x_wconf 90' lang='lat' dir='ltr'><strong>Nonne</strong></span> <span class='ocrx_word' id='word_1_110' title='bbox 1242 1124 1294 1164; x_wconf 87' lang='lat' dir='ltr'><strong>tu</strong></span> <span class='ocrx_word' id='word_1_111' title='bbox 1327 1136 1373 1165; x_wconf 93' lang='lat' dir='ltr'><strong>es</strong></span> <span class='ocrx_word' id='word_1_112' title='bbox 1409 1121 1540 1165; x_wconf 87' lang='lat' dir='ltr'><strong>Ozias</strong></span> <span class='ocrx_word' id='word_1_113' title='bbox 1574 1137 1655 1164; x_wconf 83' lang='lat' dir='ltr'><strong>rex</strong></span> <span class='ocrx_word' id='word_1_114' title='bbox 1683 1123 1730 1165; x_wconf 93' lang='lat' dir='ltr'><strong>et</strong></span> <span class='ocrx_word' id='word_1_115' title='bbox 1757 1137 1849 1166; x_wconf 92' lang='lat' dir='ltr'><strong>non</strong></span> 
     </span>
     <span class='ocr_line' id='line_1_18' title="bbox 382 1191 1847 1248; baseline -0.001 -13"><span class='ocrx_word' id='word_1_116' title='bbox 382 1192 612 1235; x_wconf 61' lang='lat' dir='ltr'><strong>sacerdos?</strong></span> <span class='ocrx_word' id='word_1_117' title='bbox 659 1191 813 1234; x_wconf 89' lang='lat' dir='ltr'><strong>audire</strong></span> <span class='ocrx_word' id='word_1_118' title='bbox 857 1191 1132 1248; x_wconf 88' lang='lat' dir='ltr'><strong>contempsit.</strong></span> <span class='ocrx_word' id='word_1_119' title='bbox 1211 1191 1462 1248; x_wconf 85' lang='lat' dir='ltr'><strong>Statimque</strong></span> <span class='ocrx_word' id='word_1_120' title='bbox 1507 1191 1630 1248; x_wconf 91' lang='lat' dir='ltr'><strong>lepra</strong></span> <span class='ocrx_word' id='word_1_121' title='bbox 1675 1193 1847 1248; x_wconf 86' lang='lat' dir='ltr'><strong>partem</strong></span> 
     </span>
     <span class='ocr_line' id='line_1_19' title="bbox 382 1259 1907 1318; baseline -0.001 -15"><span class='ocrx_word' id='word_1_122' title='bbox 382 1261 505 1304; x_wconf 90' lang='lat' dir='ltr'><strong>illam</strong></span> <span class='ocrx_word' id='word_1_123' title='bbox 539 1260 732 1317; x_wconf 89' lang='lat' dir='ltr'><strong>corporis</strong></span> <span class='ocrx_word' id='word_1_124' title='bbox 772 1260 865 1303; x_wconf 91' lang='lat' dir='ltr'><strong>eius</strong></span> <span class='ocrx_word' id='word_1_125' title='bbox 901 1260 1068 1303; x_wconf 90' lang='lat' dir='ltr'><strong>inuasit</strong></span> <span class='ocrx_word' id='word_1_126' title='bbox 1107 1275 1239 1316; x_wconf 89' lang='lat' dir='ltr'><strong>quam</strong></span> <span class='ocrx_word' id='word_1_127' title='bbox 1279 1260 1480 1304; x_wconf 91' lang='lat' dir='ltr'><strong>sacerdos</strong></span> <span class='ocrx_word' id='word_1_128' title='bbox 1519 1275 1576 1303; x_wconf 85' lang='lat' dir='ltr'><strong>ex</strong></span> <span class='ocrx_word' id='word_1_129' title='bbox 1614 1260 1710 1318; x_wconf 91' lang='lat' dir='ltr'><strong>lege</strong></span> <span class='ocrx_word' id='word_1_130' title='bbox 1748 1259 1847 1303; x_wconf 91' lang='lat' dir='ltr'><strong>auri</strong></span> <span class='ocrx_word' id='word_1_131' title='bbox 1867 1276 1907 1311; x_wconf 83' lang='lat'><strong>¹⁵</strong></span> 
     </span>
     <span class='ocr_line' id='line_1_20' title="bbox 382 1329 1847 1387; baseline 0.001 -15"><span class='ocrx_word' id='word_1_132' title='bbox 382 1329 562 1387; x_wconf 90' lang='lat' dir='ltr'><strong>tegebat</strong></span> <span class='ocrx_word' id='word_1_133' title='bbox 581 1330 758 1379; x_wconf 88' lang='lat' dir='ltr'><strong>lamina,</strong></span> <span class='ocrx_word' id='word_1_134' title='bbox 779 1332 831 1371; x_wconf 91' lang='lat' dir='ltr'><strong>ut</strong></span> <span class='ocrx_word' id='word_1_135' title='bbox 850 1329 979 1371; x_wconf 88' lang='lat' dir='ltr'><strong>iuxta</strong></span> <span class='ocrx_word' id='word_1_136' title='bbox 999 1329 1357 1386; x_wconf 88' lang='lat' dir='ltr'><strong>imprecationem</strong></span> <span class='ocrx_word' id='word_1_137' title='bbox 1383 1329 1686 1387; x_wconf 89' lang='lat' dir='ltr'><strong>propheticam</strong></span> <span class='ocrx_word' id='word_1_138' title='bbox 1711 1329 1847 1373; x_wconf 83' lang='lat' dir='ltr'><strong>facies</strong></span> 
     </span>
     <span class='ocr_line' id='line_1_21' title="bbox 383 1398 1847 1456; baseline 0 -14"><span class='ocrx_word' id='word_1_139' title='bbox 383 1399 478 1442; x_wconf 90' lang='lat' dir='ltr'><strong>eius</strong></span> <span class='ocrx_word' id='word_1_140' title='bbox 513 1399 756 1456; x_wconf 89' lang='lat' dir='ltr'><strong>ignominia</strong></span> <span class='ocrx_word' id='word_1_141' title='bbox 787 1398 1044 1455; x_wconf 87' lang='lat' dir='ltr'><strong>repleretur.</strong></span> <span class='ocrx_word' id='word_1_142' title='bbox 1103 1399 1199 1442; x_wconf 84' lang='lat' dir='ltr'><strong>Rex</strong></span> <span class='ocrx_word' id='word_1_143' title='bbox 1231 1399 1409 1456; x_wconf 92' lang='lat' dir='ltr'><strong>quidem</strong></span> <span class='ocrx_word' id='word_1_144' title='bbox 1444 1402 1576 1443; x_wconf 89' lang='lat' dir='ltr'><strong>notus</strong></span> <span class='ocrx_word' id='word_1_145' title='bbox 1608 1401 1676 1442; x_wconf 91' lang='lat' dir='ltr'><strong>est</strong></span> <span class='ocrx_word' id='word_1_146' title='bbox 1710 1401 1756 1442; x_wconf 94' lang='lat' dir='ltr'><strong>et</strong></span> <span class='ocrx_word' id='word_1_147' title='bbox 1790 1413 1847 1442; x_wconf 80' lang='lat' dir='ltr'><strong>ex</strong></span> 
     </span>
     <span class='ocr_line' id='line_1_22' title="bbox 382 1467 1847 1525; baseline 0 -14"><span class='ocrx_word' id='word_1_148' title='bbox 382 1467 529 1512; x_wconf 89' lang='lat' dir='ltr'><strong>coeuis</strong></span> <span class='ocrx_word' id='word_1_149' title='bbox 556 1468 733 1525; x_wconf 87' lang='lat' dir='ltr'><strong>regibus</strong></span> <span class='ocrx_word' id='word_1_150' title='bbox 763 1471 808 1510; x_wconf 88' lang='lat' dir='ltr'><strong>et</strong></span> <span class='ocrx_word' id='word_1_151' title='bbox 834 1482 885 1510; x_wconf 94' lang='lat' dir='ltr'><strong>eo</strong></span> <span class='ocrx_word' id='word_1_152' title='bbox 912 1468 1103 1511; x_wconf 84' lang='lat' dir='ltr'><strong>maxime</strong></span> <span class='ocrx_word' id='word_1_153' title='bbox 1131 1468 1248 1524; x_wconf 91' lang='lat' dir='ltr'><strong>quod</strong></span> <span class='ocrx_word' id='word_1_154' title='bbox 1272 1483 1389 1511; x_wconf 91' lang='lat' dir='ltr'><strong>anno</strong></span> <span class='ocrx_word' id='word_1_155' title='bbox 1415 1468 1570 1512; x_wconf 90' lang='lat' dir='ltr'><strong>mortis</strong></span> <span class='ocrx_word' id='word_1_156' title='bbox 1597 1468 1691 1512; x_wconf 91' lang='lat' dir='ltr'><strong>eius</strong></span> <span class='ocrx_word' id='word_1_157' title='bbox 1713 1471 1847 1512; x_wconf 89' lang='lat' dir='ltr'><strong>natus</strong></span> 
     </span>
     <span class='ocr_line' id='line_1_23' title="bbox 384 1537 1848 1594; baseline 0.001 -15"><span class='ocrx_word' id='word_1_158' title='bbox 384 1540 452 1580; x_wconf 90' lang='lat' dir='ltr'><strong>est</strong></span> <span class='ocrx_word' id='word_1_159' title='bbox 484 1537 710 1590; x_wconf 89' lang='lat' dir='ltr'><strong>Romulus,</strong></span> <span class='ocrx_word' id='word_1_160' title='bbox 751 1551 779 1580; x_wconf 87' lang='lat' dir='ltr'><strong>a</strong></span> <span class='ocrx_word' id='word_1_161' title='bbox 818 1552 904 1594; x_wconf 91' lang='lat' dir='ltr'><strong>quo</strong></span> <span class='ocrx_word' id='word_1_162' title='bbox 938 1552 1079 1594; x_wconf 88' lang='lat' dir='ltr'><strong>genus</strong></span> <span class='ocrx_word' id='word_1_163' title='bbox 1111 1541 1178 1580; x_wconf 89' lang='lat' dir='ltr'><strong>est</strong></span> <span class='ocrx_word' id='word_1_164' title='bbox 1218 1537 1529 1582; x_wconf 84' lang='lat' dir='ltr'><strong>Romanorum.</strong></span> <span class='ocrx_word' id='word_1_165' title='bbox 1603 1538 1848 1581; x_wconf 88' lang='lat' dir='ltr'><strong>Imitantur</strong></span> 
     </span>
     <span class='ocr_line' id='line_1_24' title="bbox 382 1606 1909 1664; baseline 0.001 -16"><span class='ocrx_word' id='word_1_166' title='bbox 382 1606 563 1664; x_wconf 87' lang='lat' dir='ltr'><strong>plurimi</strong></span> <span class='ocrx_word' id='word_1_167' title='bbox 595 1606 748 1649; x_wconf 88' lang='lat' dir='ltr'><strong>Oziam</strong></span> <span class='ocrx_word' id='word_1_168' title='bbox 776 1606 1064 1649; x_wconf 86' lang='lat' dir='ltr'><strong>sacerdotalia</strong></span> <span class='ocrx_word' id='word_1_169' title='bbox 1091 1610 1432 1664; x_wconf 85' lang='lat' dir='ltr'><strong>praesumentes,</strong></span> <span class='ocrx_word' id='word_1_170' title='bbox 1453 1607 1530 1651; x_wconf 89' lang='lat' dir='ltr'><strong>sed</strong></span> <span class='ocrx_word' id='word_1_171' title='bbox 1556 1607 1724 1664; x_wconf 87' lang='lat' dir='ltr'><strong>lepram</strong></span> <span class='ocrx_word' id='word_1_172' title='bbox 1751 1607 1846 1651; x_wconf 91' lang='lat' dir='ltr'><strong>eius</strong></span> <span class='ocrx_word' id='word_1_173' title='bbox 1865 1626 1909 1650; x_wconf 63' lang='grc' dir='ltr'><strong>πο</strong></span> 
     </span>
     <span class='ocr_line' id='line_1_25' title="bbox 383 1675 1844 1733; baseline 0.001 -15"><span class='ocrx_word' id='word_1_174' title='bbox 383 1675 635 1733; x_wconf 89' lang='lat' dir='ltr'><strong>paucissimi</strong></span> <span class='ocrx_word' id='word_1_175' title='bbox 652 1675 926 1719; x_wconf 89' lang='lat' dir='ltr'><strong>erubescunt.</strong></span> <span class='ocrx_word' id='word_1_176' title='bbox 973 1676 1126 1719; x_wconf 89' lang='lat' dir='ltr'><strong>Plures</strong></span> <span class='ocrx_word' id='word_1_177' title='bbox 1139 1680 1287 1719; x_wconf 92' lang='lat' dir='ltr'><strong>tamen</strong></span> <span class='ocrx_word' id='word_1_178' title='bbox 1300 1679 1547 1733; x_wconf 92' lang='lat' dir='ltr'><strong>sequuntur</strong></span> <span class='ocrx_word' id='word_1_179' title='bbox 1562 1677 1844 1732; x_wconf 89' lang='lat' dir='ltr'><strong>Antiochum,</strong></span> 
     </span>
     <span class='ocr_line' id='line_1_26' title="bbox 385 1745 1849 1802; baseline 0.002 -15"><span class='ocrx_word' id='word_1_180' title='bbox 385 1745 461 1802; x_wconf 91' lang='lat' dir='ltr'><strong>qui</strong></span> <span class='ocrx_word' id='word_1_181' title='bbox 490 1760 579 1788; x_wconf 91' lang='lat' dir='ltr'><strong>non</strong></span> <span class='ocrx_word' id='word_1_182' title='bbox 609 1759 708 1788; x_wconf 88' lang='lat' dir='ltr'><strong>cum</strong></span> <span class='ocrx_word' id='word_1_183' title='bbox 738 1745 983 1795; x_wconf 90' lang='lat' dir='ltr'><strong>deuotione,</strong></span> <span class='ocrx_word' id='word_1_184' title='bbox 1018 1748 1071 1788; x_wconf 89' lang='lat' dir='ltr'><strong>ut</strong></span> <span class='ocrx_word' id='word_1_185' title='bbox 1102 1746 1258 1788; x_wconf 86' lang='lat' dir='ltr'><strong>offerat</strong></span> <span class='ocrx_word' id='word_1_186' title='bbox 1288 1746 1385 1789; x_wconf 91' lang='lat' dir='ltr'><strong>uice</strong></span> <span class='ocrx_word' id='word_1_187' title='bbox 1414 1746 1665 1800; x_wconf 90' lang='lat' dir='ltr'><strong>sacerdotis,</strong></span> <span class='ocrx_word' id='word_1_188' title='bbox 1695 1749 1849 1790; x_wconf 87' lang='lat' dir='ltr'><strong>sancta</strong></span> 
     </span>
     <span class='ocr_line' id='line_1_27' title="bbox 385 1814 1849 1872; baseline 0.001 -16"><span class='ocrx_word' id='word_1_189' title='bbox 385 1814 646 1872; x_wconf 88' lang='lat' dir='ltr'><strong>ingreditur,</strong></span> <span class='ocrx_word' id='word_1_190' title='bbox 680 1814 756 1857; x_wconf 91' lang='lat' dir='ltr'><strong>sed</strong></span> <span class='ocrx_word' id='word_1_191' title='bbox 789 1817 841 1857; x_wconf 91' lang='lat' dir='ltr'><strong>ut</strong></span> <span class='ocrx_word' id='word_1_192' title='bbox 876 1814 1021 1858; x_wconf 87' lang='lat' dir='ltr'><strong>deleat</strong></span> <span class='ocrx_word' id='word_1_193' title='bbox 1059 1815 1097 1857; x_wconf 93' lang='lat' dir='ltr'><strong>si</strong></span> <span class='ocrx_word' id='word_1_194' title='bbox 1138 1814 1244 1871; x_wconf 92' lang='lat' dir='ltr'><strong>quid</strong></span> <span class='ocrx_word' id='word_1_195' title='bbox 1284 1819 1351 1858; x_wconf 89' lang='lat' dir='ltr'><strong>est</strong></span> <span class='ocrx_word' id='word_1_196' title='bbox 1383 1815 1429 1858; x_wconf 91' lang='lat' dir='ltr'><strong>in</strong></span> <span class='ocrx_word' id='word_1_197' title='bbox 1468 1815 1633 1872; x_wconf 89' lang='lat' dir='ltr'><strong>templo</strong></span> <span class='ocrx_word' id='word_1_198' title='bbox 1667 1815 1849 1859; x_wconf 91' lang='lat' dir='ltr'><strong>Domini</strong></span> 
     </span>
     <span class='ocr_line' id='line_1_28' title="bbox 384 1882 1848 1928; baseline 0 -1"><span class='ocrx_word' id='word_1_199' title='bbox 384 1886 599 1927; x_wconf 89' lang='lat' dir='ltr'><strong>sanctum.</strong></span> <span class='ocrx_word' id='word_1_200' title='bbox 658 1882 771 1927; x_wconf 87' lang='lat' dir='ltr'><strong>Cum</strong></span> <span class='ocrx_word' id='word_1_201' title='bbox 796 1884 912 1926; x_wconf 91' lang='lat' dir='ltr'><strong>enim</strong></span> <span class='ocrx_word' id='word_1_202' title='bbox 940 1884 1186 1927; x_wconf 85' lang='lat' dir='ltr'><strong>Antiochus</strong></span> <span class='ocrx_word' id='word_1_203' title='bbox 1212 1884 1495 1928; x_wconf 87' lang='lat' dir='ltr'><strong>desolationis</strong></span> <span class='ocrx_word' id='word_1_204' title='bbox 1521 1888 1567 1928; x_wconf 93' lang='lat' dir='ltr'><strong>et</strong></span> <span class='ocrx_word' id='word_1_205' title='bbox 1589 1885 1848 1928; x_wconf 87' lang='lat' dir='ltr'><strong>abhomina-</strong></span> 
     </span>
     <span class='ocr_line' id='line_1_29' title="bbox 385 1952 1909 2012; baseline -0.001 -16"><span class='ocrx_word' id='word_1_206' title='bbox 385 1953 520 1997; x_wconf 88' lang='lat' dir='ltr'><strong>tionis</strong></span> <span class='ocrx_word' id='word_1_207' title='bbox 539 1952 721 2010; x_wconf 90' lang='lat' dir='ltr'><strong>ydolum</strong></span> <span class='ocrx_word' id='word_1_208' title='bbox 743 1952 1013 2004; x_wconf 85' lang='lat' dir='ltr'><strong>fabricasset,</strong></span> <span class='ocrx_word' id='word_1_209' title='bbox 1033 1953 1167 1996; x_wconf 93' lang='lat' dir='ltr'><strong>libros</strong></span> <span class='ocrx_word' id='word_1_210' title='bbox 1188 1953 1297 2011; x_wconf 90' lang='lat' dir='ltr'><strong>legis</strong></span> <span class='ocrx_word' id='word_1_211' title='bbox 1317 1954 1401 1997; x_wconf 92' lang='lat' dir='ltr'><strong>Dei</strong></span> <span class='ocrx_word' id='word_1_212' title='bbox 1429 1954 1669 1998; x_wconf 88' lang='lat' dir='ltr'><strong>combussit</strong></span> <span class='ocrx_word' id='word_1_213' title='bbox 1688 1954 1782 2012; x_wconf 84' lang='lat' dir='ltr'><strong>igni</strong></span> <span class='ocrx_word' id='word_1_214' title='bbox 1803 1956 1848 1997; x_wconf 93' lang='lat' dir='ltr'><strong>et</strong></span> <span class='ocrx_word' id='word_1_215' title='bbox 1867 1967 1909 2003; x_wconf 82' lang='lat'><strong>²⁵</strong></span> 
     </span>
     <span class='ocr_line' id='line_1_30' title="bbox 384 2021 1847 2079; baseline 0.001 -14"><span class='ocrx_word' id='word_1_216' title='bbox 384 2021 517 2066; x_wconf 86' lang='lat' dir='ltr'><strong>scidit</strong></span> <span class='ocrx_word' id='word_1_217' title='bbox 542 2035 640 2074; x_wconf 90' lang='lat' dir='ltr'><strong>eos;</strong></span> <span class='ocrx_word' id='word_1_218' title='bbox 671 2024 716 2064; x_wconf 89' lang='lat' dir='ltr'><strong>et</strong></span> <span class='ocrx_word' id='word_1_219' title='bbox 743 2021 860 2078; x_wconf 88' lang='lat' dir='ltr'><strong>apud</strong></span> <span class='ocrx_word' id='word_1_220' title='bbox 885 2036 1203 2079; x_wconf 90' lang='lat' dir='ltr'><strong>quemcumque</strong></span> <span class='ocrx_word' id='word_1_221' title='bbox 1229 2023 1571 2067; x_wconf 88' lang='lat' dir='ltr'><strong>inueniebantur</strong></span> <span class='ocrx_word' id='word_1_222' title='bbox 1590 2023 1692 2066; x_wconf 90' lang='lat' dir='ltr'><strong>libri</strong></span> <span class='ocrx_word' id='word_1_223' title='bbox 1712 2026 1847 2067; x_wconf 81' lang='lat' dir='ltr'><strong>testa·</strong></span> 
     </span>
     <span class='ocr_line' id='line_1_31' title="bbox 384 2090 1848 2151; baseline 0.001 -17"><span class='ocrx_word' id='word_1_224' title='bbox 384 2091 523 2134; x_wconf 90' lang='lat' dir='ltr'><strong>menti</strong></span> <span class='ocrx_word' id='word_1_225' title='bbox 573 2090 764 2141; x_wconf 90' lang='lat' dir='ltr'><strong>Domini,</strong></span> <span class='ocrx_word' id='word_1_226' title='bbox 810 2093 855 2134; x_wconf 91' lang='lat' dir='ltr'><strong>et</strong></span> <span class='ocrx_word' id='word_1_227' title='bbox 903 2091 1166 2148; x_wconf 89' lang='lat' dir='ltr'><strong>quicumque</strong></span> <span class='ocrx_word' id='word_1_228' title='bbox 1215 2092 1510 2136; x_wconf 87' lang='lat' dir='ltr'><strong>obseruabant</strong></span> <span class='ocrx_word' id='word_1_229' title='bbox 1557 2093 1699 2151; x_wconf 87' lang='lat' dir='ltr'><strong>legem</strong></span> <span class='ocrx_word' id='word_1_230' title='bbox 1748 2092 1848 2146; x_wconf 92' lang='lat' dir='ltr'><strong>Dei,</strong></span> 
     </span>
     <span class='ocr_line' id='line_1_32' title="bbox 385 2159 1848 2217; baseline 0.001 -13"><span class='ocrx_word' id='word_1_231' title='bbox 385 2160 624 2204; x_wconf 90' lang='lat' dir='ltr'><strong>secundum</strong></span> <span class='ocrx_word' id='word_1_232' title='bbox 655 2159 847 2203; x_wconf 90' lang='lat' dir='ltr'><strong>edictum</strong></span> <span class='ocrx_word' id='word_1_233' title='bbox 876 2160 992 2217; x_wconf 89' lang='lat' dir='ltr'><strong>regis</strong></span> <span class='ocrx_word' id='word_1_234' title='bbox 1022 2160 1230 2204; x_wconf 87' lang='lat' dir='ltr'><strong>Antiochi</strong></span> <span class='ocrx_word' id='word_1_235' title='bbox 1261 2162 1545 2206; x_wconf 88' lang='lat' dir='ltr'><strong>trucidabant</strong></span> <span class='ocrx_word' id='word_1_236' title='bbox 1571 2177 1684 2208; x_wconf 89' lang='lat' dir='ltr'><strong>eum.</strong></span> <span class='ocrx_word' id='word_1_237' title='bbox 1743 2162 1848 2205; x_wconf 90' lang='lat' dir='ltr'><strong>Vidi</strong></span> 
     </span>
     <span class='ocr_line' id='line_1_33' title="bbox 385 2229 1848 2287; baseline 0.002 -14"><span class='ocrx_word' id='word_1_238' title='bbox 385 2229 658 2287; x_wconf 89' lang='lat' dir='ltr'><strong>temporibus</strong></span> <span class='ocrx_word' id='word_1_239' title='bbox 706 2229 815 2272; x_wconf 89' lang='lat' dir='ltr'><strong>meis</strong></span> <span class='ocrx_word' id='word_1_240' title='bbox 865 2229 1101 2273; x_wconf 90' lang='lat' dir='ltr'><strong>nonnullos</strong></span> <span class='ocrx_word' id='word_1_241' title='bbox 1149 2231 1409 2274; x_wconf 87' lang='lat' dir='ltr'><strong>sacerdotali</strong></span> <span class='ocrx_word' id='word_1_242' title='bbox 1458 2246 1504 2275; x_wconf 88' lang='lat' dir='ltr'><strong>se</strong></span> <span class='ocrx_word' id='word_1_243' title='bbox 1553 2232 1848 2276; x_wconf 87' lang='lat' dir='ltr'><strong>immiscentes</strong></span> 
     </span>
     <span class='ocr_line' id='line_1_34' title="bbox 384 2299 1909 2360; baseline -0.001 -17"><span class='ocrx_word' id='word_1_244' title='bbox 384 2299 525 2343; x_wconf 87' lang='lat' dir='ltr'><strong>officio</strong></span> <span class='ocrx_word' id='word_1_245' title='bbox 549 2302 594 2342; x_wconf 88' lang='lat' dir='ltr'><strong>et</strong></span> <span class='ocrx_word' id='word_1_246' title='bbox 621 2299 826 2342; x_wconf 90' lang='lat' dir='ltr'><strong>humeros</strong></span> <span class='ocrx_word' id='word_1_247' title='bbox 853 2299 1083 2342; x_wconf 86' lang='lat' dir='ltr'><strong>temerarie</strong></span> <span class='ocrx_word' id='word_1_248' title='bbox 1109 2305 1418 2357; x_wconf 90' lang='lat' dir='ltr'><strong>supponentes,</strong></span> <span class='ocrx_word' id='word_1_249' title='bbox 1438 2305 1490 2345; x_wconf 88' lang='lat' dir='ltr'><strong>ut</strong></span> <span class='ocrx_word' id='word_1_250' title='bbox 1517 2302 1695 2345; x_wconf 87' lang='lat' dir='ltr'><strong>archam</strong></span> <span class='ocrx_word' id='word_1_251' title='bbox 1721 2317 1846 2360; x_wconf 87' lang='lat' dir='ltr'><strong>prae-</strong></span> <span class='ocrx_word' id='word_1_252' title='bbox 1866 2318 1909 2352; x_wconf 80' lang='lat'><strong>30</strong></span> 
     </span>
    </p>
   </div>
   <div class='ocr_carea' id='block_1_6' title="bbox 385 2405 1847 2501">
    <p class='ocr_par' dir='ltr' id='par_1_6' title="bbox 385 2405 1847 2501">
     <span class='ocr_line' id='line_1_35' title="bbox 388 2405 1847 2456; baseline 0.001 -11"><span class='ocrx_word' id='word_1_253' title='bbox 388 2418 430 2446; x_wconf 86' lang='lat'><strong>12</strong></span> <span class='ocrx_word' id='word_1_254' title='bbox 456 2407 659 2444; x_wconf 77' lang='lat' dir='ltr'><strong>aucdacter</strong></span> <span class='ocrx_word' id='word_1_255' title='bbox 675 2408 706 2443; x_wconf 80' lang='lat' dir='ltr'><strong>A</strong></span> <span class='ocrx_word' id='word_1_256' title='bbox 826 2417 867 2453; x_wconf 89' lang='lat'><strong>17</strong></span> <span class='ocrx_word' id='word_1_257' title='bbox 894 2405 1104 2455; x_wconf 82' lang='lat' dir='ltr'><strong>repleretur</strong></span> <span class='ocrx_word' id='word_1_258' title='bbox 1119 2407 1328 2456; x_wconf 80' lang='lat' dir='ltr'><strong>ignominia</strong></span> <span class='ocrx_word' id='word_1_259' title='bbox 1345 2409 1393 2446; x_wconf 83' lang='lat' dir='ltr'><strong>A¹</strong></span> <span class='ocrx_word' id='word_1_260' title='bbox 1510 2419 1552 2448; x_wconf 88' lang='lat'><strong>21</strong></span> <span class='ocrx_word' id='word_1_261' title='bbox 1580 2411 1764 2448; x_wconf 82' lang='lat' dir='ltr'><strong>secuntur</strong></span> <span class='ocrx_word' id='word_1_262' title='bbox 1781 2410 1847 2448; x_wconf 82' lang='lat' dir='ltr'><strong>SM</strong></span> 
     </span>
     <span class='ocr_line' id='line_1_36' title="bbox 385 2453 753 2501; baseline 0 -10"><span class='ocrx_word' id='word_1_263' title='bbox 385 2465 433 2501; x_wconf 85' lang='lat'><strong>30</strong></span> <span class='ocrx_word' id='word_1_264' title='bbox 456 2455 712 2501; x_wconf 75' lang='lat' dir='ltr'><strong>subponentes</strong></span> <span class='ocrx_word' id='word_1_265' title='bbox 729 2453 753 2491; x_wconf 87' lang='lat' dir='ltr'>S</span> 
     </span>
    </p>
   </div>
   <div class='ocr_carea' id='block_1_7' title="bbox 385 2546 1848 2785">
    <p class='ocr_par' dir='ltr' id='par_1_7' title="bbox 385 2546 1848 2785">
     <span class='ocr_line' id='line_1_37' title="bbox 434 2546 1847 2596; baseline 0.004 -13"><span class='ocrx_word' id='word_1_266' title='bbox 434 2556 468 2593; x_wconf 90' lang='lat'><strong>7,</strong></span> <span class='ocrx_word' id='word_1_267' title='bbox 486 2549 507 2584; x_wconf 90' lang='lat'><strong>8</strong></span> <span class='ocrx_word' id='word_1_268' title='bbox 533 2549 602 2583; x_wconf 68' lang='lat' dir='ltr'><strong>ista</strong></span> <span class='ocrx_word' id='word_1_269' title='bbox 629 2549 755 2593; x_wconf 81' lang='lat' dir='ltr'><strong>palam</strong></span> <span class='ocrx_word' id='word_1_270' title='bbox 779 2549 899 2592; x_wconf 73' lang='lat' dir='ltr'><strong>flunt:</strong></span> <span class='ocrx_word' id='word_1_271' title='bbox 932 2559 964 2583; x_wconf 83' lang='lat' dir='ltr'><strong>v.</strong></span> <span class='ocrx_word' id='word_1_272' title='bbox 996 2546 1071 2584; x_wconf 82' lang='lat' dir='ltr'><strong>Iuv.</strong></span> <span class='ocrx_word' id='word_1_273' title='bbox 1100 2549 1175 2584; x_wconf 78' lang='lat' dir='ltr'><strong>Sat.</strong></span> <span class='ocrx_word' id='word_1_274' title='bbox 1203 2548 1243 2587; x_wconf 89' lang='lat' dir='ltr'><strong>ii.</strong></span> <span class='ocrx_word' id='word_1_275' title='bbox 1273 2550 1349 2596; x_wconf 83' lang='lat'><strong>136.</strong></span> <span class='ocrx_word' id='word_1_276' title='bbox 1518 2551 1539 2587; x_wconf 91' lang='lat'>8</span> <span class='ocrx_word' id='word_1_277' title='bbox 1564 2551 1729 2587; x_wconf 74' lang='lat' dir='ltr'><strong>Intrauit</strong></span> <span class='ocrx_word' id='word_1_278' title='bbox 1753 2553 1847 2589; x_wconf 82' lang='lat' dir='ltr'><strong>etc.:</strong></span> 
     </span>
     <span class='ocr_line' id='line_1_38' title="bbox 386 2594 1848 2644; baseline 0.003 -14"><span class='ocrx_word' id='word_1_279' title='bbox 386 2606 419 2631; x_wconf 85' lang='lat' dir='ltr'><strong>v.</strong></span> <span class='ocrx_word' id='word_1_280' title='bbox 442 2605 454 2631; x_wconf 87' lang='lat'>1</span> <span class='ocrx_word' id='word_1_281' title='bbox 478 2594 649 2631; x_wconf 80' lang='lat' dir='ltr'><strong>Machab.</strong></span> <span class='ocrx_word' id='word_1_282' title='bbox 666 2594 690 2631; x_wconf 88' lang='lat' dir='ltr'><strong>i.</strong></span> <span class='ocrx_word' id='word_1_283' title='bbox 708 2605 764 2641; x_wconf 86' lang='lat'><strong>²3·</strong></span> <span class='ocrx_word' id='word_1_284' title='bbox 917 2604 940 2641; x_wconf 93' lang='lat'>9</span> <span class='ocrx_word' id='word_1_285' title='bbox 966 2596 1070 2631; x_wconf 66' lang='lat' dir='ltr'><strong>Ozias</strong></span> <span class='ocrx_word' id='word_1_286' title='bbox 1097 2598 1189 2633; x_wconf 85' lang='lat' dir='ltr'><strong>ctc.:</strong></span> <span class='ocrx_word' id='word_1_287' title='bbox 1227 2610 1259 2632; x_wconf 92' lang='lat' dir='ltr'><strong>v.</strong></span> <span class='ocrx_word' id='word_1_288' title='bbox 1286 2608 1306 2633; x_wconf 88' lang='lat'>2</span> <span class='ocrx_word' id='word_1_289' title='bbox 1331 2596 1494 2644; x_wconf 87' lang='lat' dir='ltr'><strong>Paralip.</strong></span> <span class='ocrx_word' id='word_1_290' title='bbox 1519 2597 1616 2634; x_wconf 84' lang='lat' dir='ltr'><strong>xxvi.</strong></span> <span class='ocrx_word' id='word_1_291' title='bbox 1641 2610 1726 2635; x_wconf 90' lang='lat' dir='ltr'><strong>cum</strong></span> <span class='ocrx_word' id='word_1_292' title='bbox 1749 2610 1848 2636; x_wconf 85' lang='lat' dir='ltr'><strong>oom-</strong></span> 
     </span>
     <span class='ocr_line' id='line_1_39' title="bbox 385 2640 1847 2694; baseline 0.003 -16"><span class='ocrx_word' id='word_1_293' title='bbox 385 2641 574 2678; x_wconf 85' lang='lat' dir='ltr'><strong>mentario</strong></span> <span class='ocrx_word' id='word_1_294' title='bbox 595 2640 815 2689; x_wconf 81' lang='lat' dir='ltr'><strong>Hieronymi</strong></span> <span class='ocrx_word' id='word_1_295' title='bbox 831 2641 871 2679; x_wconf 84' lang='lat' dir='ltr'><strong>in</strong></span> <span class='ocrx_word' id='word_1_296' title='bbox 893 2643 964 2689; x_wconf 74' lang='lat' dir='ltr'><strong>Ep.</strong></span> <span class='ocrx_word' id='word_1_297' title='bbox 985 2641 1086 2678; x_wconf 87' lang='lat' dir='ltr'><strong>xviii.</strong></span> <span class='ocrx_word' id='word_1_298' title='bbox 1103 2643 1150 2679; x_wconf 79' lang='lat' dir='ltr'><strong>ad</strong></span> <span class='ocrx_word' id='word_1_299' title='bbox 1164 2643 1365 2681; x_wconf 73' lang='lat' dir='ltr'><strong>Damasum</strong></span> <span class='ocrx_word' id='word_1_300' title='bbox 1383 2657 1522 2692; x_wconf 81' lang='lat' dir='ltr'><strong>papam</strong></span> <span class='ocrx_word' id='word_1_301' title='bbox 1539 2645 1682 2692; x_wconf 74' lang='lat' dir='ltr'><strong>scripta</strong></span> <span class='ocrx_word' id='word_1_302' title='bbox 1697 2645 1847 2694; x_wconf 74' lang='lat' dir='ltr'><strong>(Migno</strong></span> 
     </span>
     <span class='ocr_line' id='line_1_40' title="bbox 385 2689 1846 2740; baseline 0.004 -15"><span class='ocrx_word' id='word_1_303' title='bbox 385 2690 427 2726; x_wconf 81' lang='grc' dir='ltr'><strong>Ρ.</strong></span> <span class='ocrx_word' id='word_1_304' title='bbox 443 2690 485 2725; x_wconf 87' lang='lat' dir='ltr'><strong>L.</strong></span> <span class='ocrx_word' id='word_1_305' title='bbox 504 2689 592 2725; x_wconf 81' lang='lat' dir='ltr'><strong>xxii.</strong></span> <span class='ocrx_word' id='word_1_306' title='bbox 611 2690 674 2734; x_wconf 85' lang='lat'><strong>361</strong></span> <span class='ocrx_word' id='word_1_307' title='bbox 698 2692 804 2735; x_wconf 80' lang='lat' dir='ltr'><strong>seq.).</strong></span> <span class='ocrx_word' id='word_1_308' title='bbox 916 2698 954 2737; x_wconf 82' lang='lat'><strong>15</strong></span> <span class='ocrx_word' id='word_1_309' title='bbox 980 2692 1143 2726; x_wconf 65' lang='lat' dir='ltr'><strong>sacerdos</strong></span> <span class='ocrx_word' id='word_1_310' title='bbox 1167 2703 1212 2726; x_wconf 74' lang='lat' dir='ltr'><strong>ex</strong></span> <span class='ocrx_word' id='word_1_311' title='bbox 1234 2693 1307 2738; x_wconf 71' lang='lat' dir='ltr'><strong>leye</strong></span> <span class='ocrx_word' id='word_1_312' title='bbox 1332 2694 1403 2729; x_wconf 84' lang='lat' dir='ltr'><strong>etc.</strong></span> <span class='ocrx_word' id='word_1_313' title='bbox 1421 2705 1429 2729; x_wconf 74' lang='grc' dir='ltr'><strong><em>ε</em></strong></span> <span class='ocrx_word' id='word_1_314' title='bbox 1455 2705 1488 2729; x_wconf 84' lang='lat' dir='ltr'><strong>v.</strong></span> <span class='ocrx_word' id='word_1_315' title='bbox 1507 2691 1624 2730; x_wconf 85' lang='lat' dir='ltr'><strong>Exod.</strong></span> <span class='ocrx_word' id='word_1_316' title='bbox 1641 2692 1768 2730; x_wconf 84' lang='lat' dir='ltr'><strong>xxviii.</strong></span> <span class='ocrx_word' id='word_1_317' title='bbox 1787 2695 1846 2740; x_wconf 85' lang='lat'><strong>38.</strong></span> 
     </span>
     <span class='ocr_line' id='line_1_41' title="bbox 388 2737 1846 2785; baseline 0.002 -11"><span class='ocrx_word' id='word_1_318' title='bbox 388 2737 432 2774; x_wconf 84' lang='lat'><strong>16</strong></span> <span class='ocrx_word' id='word_1_319' title='bbox 455 2738 559 2772; x_wconf 68' lang='lat' dir='ltr'><strong>iuxta</strong></span> <span class='ocrx_word' id='word_1_320' title='bbox 578 2738 863 2783; x_wconf 71' lang='lat' dir='ltr'><strong>imprecationem</strong></span> <span class='ocrx_word' id='word_1_321' title='bbox 880 2739 972 2775; x_wconf 57' lang='lat' dir='ltr'><strong>eta:</strong></span> <span class='ocrx_word' id='word_1_322' title='bbox 999 2749 1032 2773; x_wconf 88' lang='lat' dir='ltr'><strong>v.</strong></span> <span class='ocrx_word' id='word_1_323' title='bbox 1051 2737 1108 2773; x_wconf 75' lang='lat' dir='ltr'><strong>Pu.</strong></span> <span class='ocrx_word' id='word_1_324' title='bbox 1128 2738 1257 2775; x_wconf 83' lang='lat' dir='ltr'><strong>lxxxii.</strong></span> <span class='ocrx_word' id='word_1_325' title='bbox 1280 2747 1332 2785; x_wconf 86' lang='lat'><strong>17.</strong></span> <span class='ocrx_word' id='word_1_326' title='bbox 1476 2750 1521 2785; x_wconf 80' lang='lat'><strong>24</strong></span> <span class='ocrx_word' id='word_1_327' title='bbox 1548 2741 1637 2777; x_wconf 83' lang='lat' dir='ltr'><strong>Cum</strong></span> <span class='ocrx_word' id='word_1_328' title='bbox 1653 2742 1750 2777; x_wconf 77' lang='lat' dir='ltr'><strong>enim</strong></span> <span class='ocrx_word' id='word_1_329' title='bbox 1765 2743 1846 2777; x_wconf 77' lang='lat' dir='ltr'><strong>An-</strong></span> 
     </span>
    </p>
   </div>
   <div class='ocr_carea' id='block_1_8' title="bbox 384 2784 1846 2879">
    <p class='ocr_par' dir='ltr' id='par_1_8' title="bbox 384 2784 1846 2879">
     <span class='ocr_line' id='line_1_42' title="bbox 384 2784 1846 2834; baseline 0.005 -15"><span class='ocrx_word' id='word_1_330' title='bbox 384 2784 522 2820; x_wconf 73' lang='lat' dir='ltr'><strong>tiochuae</strong></span> <span class='ocrx_word' id='word_1_331' title='bbox 537 2787 632 2820; x_wconf 46' lang='lat' dir='ltr'><strong>otest</strong></span> <span class='ocrx_word' id='word_1_332' title='bbox 659 2795 689 2820; x_wconf 78' lang='lat' dir='ltr'><strong>v.</strong></span> <span class='ocrx_word' id='word_1_333' title='bbox 712 2795 723 2821; x_wconf 86' lang='grc' dir='ltr'>ι</span> <span class='ocrx_word' id='word_1_334' title='bbox 748 2784 920 2822; x_wconf 79' lang='lat' dir='ltr'><strong>Muchab.</strong></span> <span class='ocrx_word' id='word_1_335' title='bbox 940 2784 965 2821; x_wconf 88' lang='lat' dir='ltr'><strong>i.</strong></span> <span class='ocrx_word' id='word_1_336' title='bbox 982 2793 1025 2832; x_wconf 82' lang='lat'><strong>57</strong></span> <span class='ocrx_word' id='word_1_337' title='bbox 1040 2796 1141 2832; x_wconf 71' lang='lat' dir='ltr'><strong>seqq.</strong></span> <span class='ocrx_word' id='word_1_338' title='bbox 1378 2797 1426 2834; x_wconf 85' lang='lat'><strong>30</strong></span> <span class='ocrx_word' id='word_1_339' title='bbox 1448 2792 1487 2824; x_wconf 79' lang='lat' dir='ltr'><strong>ut</strong></span> <span class='ocrx_word' id='word_1_340' title='bbox 1511 2789 1659 2825; x_wconf 78' lang='lat' dir='ltr'><strong>archam</strong></span> <span class='ocrx_word' id='word_1_341' title='bbox 1683 2790 1779 2826; x_wconf 64' lang='lat' dir='ltr'><strong>eta:</strong></span> <span class='ocrx_word' id='word_1_342' title='bbox 1811 2801 1846 2829; x_wconf 81' lang='lat' dir='ltr'><strong>v.</strong></span> 
     </span>
     <span class='ocr_line' id='line_1_43' title="bbox 386 2830 737 2879; baseline 0.011 -13"><span class='ocrx_word' id='word_1_343' title='bbox 386 2841 403 2870; x_wconf 80' lang='lat' dir='ltr'>x</span> <span class='ocrx_word' id='word_1_344' title='bbox 423 2830 586 2877; x_wconf 75' lang='lat' dir='ltr'><strong>Pmlip.</strong></span> <span class='ocrx_word' id='word_1_345' title='bbox 605 2842 660 2868; x_wconf 87' lang='lat' dir='ltr'><strong>xv.</strong></span> <span class='ocrx_word' id='word_1_346' title='bbox 685 2841 737 2879; x_wconf 83' lang='lat'><strong>15.</strong></span> 
     </span>
    </p>
   </div>
   <div class='ocr_carea' id='block_1_9' title="bbox 492 2886 559 2930">
    <p class='ocr_par' dir='ltr' id='par_1_9' title="bbox 492 2886 559 2930">
     <span class='ocr_line' id='line_1_44' title="bbox 492 2886 559 2930; baseline 0 0"><span class='ocrx_word' id='word_1_347' title='bbox 492 2886 559 2930; x_wconf 78' lang='lat'><strong>39⁸</strong></span> 
     </span>
    </p>
   </div>
  </div>
 </body>
</html>
