1988 3250
0 903 11 978 ξ,

0 1009 9 1072 ἕ

116 238 215 271 car.
230 225 315 287 xx]
620 221 1023 268 POLICRA'I'ICV
1025 221 1058 265 S
1597 227 1683 270 794
1702 228 1727 258 c

117 346 195 390 ubi
216 348 344 390 erant
363 345 492 397 idola,
507 343 710 401 dixitque
725 342 782 386 ad
797 355 969 399 regem:
997 339 1195 383 Verbum
1211 342 1428 384 secretum
1443 339 1584 382 habeo

118 415 176 458 ad
207 418 252 458 te
282 415 321 459 O
353 429 445 459 rex.
522 413 582 457 Et
611 412 686 455 ille
718 409 957 468 imperauit
986 408 1225 452 silentium.
1299 408 1585 465 Egressisque

118 485 323 528 omnibus
349 483 426 541 qui
455 483 571 527 circa
600 495 701 525 eum
731 482 870 530 erant,
891 479 1116 535 ingressus
1145 481 1212 521 est
1239 477 1361 520 Aoth
1384 477 1442 520 ad
1471 491 1584 520 eum.

118 553 311 598 Sedebat
340 555 490 596 autem
519 551 567 594 in
598 550 740 594 estiuo
769 548 976 592 cenaculo
1010 547 1140 590 solus.
1200 547 1438 603 Dixitque:
1477 546 1585 588 Ver-

80 637 100 672 5
118 621 225 666 bum
258 622 340 666 Dei
376 621 517 664 habeo
548 620 606 664 ad
636 623 692 663 te.
769 618 857 671 Qui
892 617 1046 660 statim
1077 616 1274 659 surrexit
1313 615 1368 658 de
1408 615 1586 658 throno.

121 690 338 735 Extendit
360 691 482 734 Aoth
506 704 685 733 manum
707 688 934 732 sinistram
965 689 1011 729 et
1039 685 1148 728 tulit
1177 685 1313 728 sicam
1344 684 1398 727 de
1429 684 1588 727 dextro

120 760 286 805 femore
325 775 405 803 suo
444 759 680 816 infixitque
715 773 812 801 eam
851 757 899 799 in
932 758 1135 799 uentrem
1175 754 1270 798 eius
1309 757 1402 796 tam
1441 752 1589 795 ualide

120 833 174 874 ut
221 829 405 887 capulus
443 828 613 872 ferrum
661 830 919 885 sequeretur
966 825 1013 868 in
1062 824 1247 868 uulnere
1293 838 1343 867 ac
1390 822 1589 880 pinguis·

122 899 234 942 simo
263 899 393 956 adipe
422 898 727 956 stringeretur.
787 896 881 940 Nec
911 894 1068 938 eduxit
1096 894 1296 952 gladium
1325 893 1403 936 sed
1433 893 1511 944 ita,
1539 894 1592 935 ut

0 979 8 1008 ἡ
64 983 108 1009 ιο
123 971 410 1026 percusserat,
444 967 626 1025 reliquit
657 967 705 1010 in
743 979 934 1023 corpore.
1014 964 1267 1021 Statimque
1306 977 1386 1020 per
1424 965 1593 1005 secreta

124 1040 311 1080 naturae
347 1036 438 1080 alui
470 1040 663 1080 stercora
700 1037 1010 1094 proruperunt.
1081 1033 1203 1076 Aoth
1241 1035 1392 1075 autem
1431 1031 1592 1075 clausis

121 1105 458 1164 diligentissime
478 1105 604 1149 ostiis
623 1108 669 1149 et
687 1103 933 1148 obfirmatis
959 1117 1058 1146 sera
1086 1117 1166 1160 per
1195 1101 1412 1160 posticum
1443 1115 1590 1158 egres-

121 1189 198 1218 sus
227 1178 305 1219 est.
364 1176 424 1219 Et
453 1175 583 1219 alibi:
613 1175 765 1218 Sisara
794 1173 971 1231 fugiens
1010 1172 1216 1230 peruenit
1254 1171 1312 1214 ad
1347 1170 1590 1214 tentorium
1608 1177 1637 1218 d

124 1243 248 1287 Iahel
269 1244 422 1287 uxoris
441 1244 594 1287 Abner
613 1243 751 1288 Cinei.
796 1243 905 1286 Erat
920 1242 1038 1286 enim
1054 1256 1144 1299 pax
1159 1241 1278 1284 inter
1297 1240 1427 1283 Iabin
1443 1254 1591 1297 regem

9 1293 12 1300 '
66 1334 105 1369 ¹5
125 1314 239 1358 Asor
265 1317 311 1358 et
339 1314 518 1358 domum
545 1314 697 1357 Abner
721 1311 859 1357 Cinei.
921 1311 1109 1369 Egressa
1133 1311 1274 1369 igitur
1301 1309 1424 1353 Iahel
1450 1310 1496 1351 in
1523 1324 1591 1352 oc·
1674 1310 1679 1315 “

123 1397 301 1428 cursum
318 1383 494 1427 Sisarae
509 1382 627 1427 dixit
640 1382 698 1426 ad
713 1396 814 1426 eum
829 1398 838 1424 z
866 1380 994 1424 Intra
1008 1380 1065 1424 ad
1082 1395 1163 1431 me,
1178 1380 1354 1423 domine
1371 1379 1444 1429 mi,
1461 1379 1593 1428 intra,

125 1468 181 1497 ne
199 1453 370 1497 timeas.
433 1452 533 1506 Qui,
553 1452 777 1510 ingressus
798 1450 1132 1495 tabernaculum
1154 1450 1249 1493 eius
1269 1453 1315 1493 et
1334 1452 1515 1507 opertus
1536 1447 1593 1491 ab

125 1537 179 1566 ea
200 1522 348 1580 pallio,
369 1522 487 1566 dixit
510 1522 567 1566 ad
590 1536 709 1565 eam:
740 1520 810 1564 Da
834 1520 967 1563 michi
998 1520 1175 1564 obsecro
1199 1519 1430 1578 paululum
1452 1533 1593 1576 aquae

127 1592 232 1650 quia
265 1592 396 1635 ualde
429 1592 544 1636 sitio.
615 1591 739 1646 Quae
770 1590 946 1648 aperuit
978 1594 1123 1633 utrem
1159 1589 1287 1633 lactis
1321 1592 1367 1632 et
1398 1588 1523 1631 dedit
1554 1587 1594 1630 ei

67 1679 111 1704 20
128 1661 277 1705 bibere
297 1665 343 1705 et
362 1661 537 1719 operuit
555 1660 693 1704 illum.
752 1660 969 1717 Dixitque
990 1659 1142 1703 Sisara
1156 1658 1213 1702 ad
1238 1673 1358 1702 eam:
1389 1658 1471 1701 Sta
1490 1660 1595 1700 ante

127 1731 291 1774 ostium
310 1730 583 1775 tabernaculi
603 1734 659 1781 et,
679 1744 779 1774 cum
800 1730 974 1774 uenerit
997 1729 1158 1786 aliquis
1186 1729 1465 1786 interrogans
1485 1731 1530 1771 te
1550 1730 1596 1770 et

126 1800 298 1844 dicens:
338 1800 569 1858 Numquid
594 1800 666 1843 hic
693 1803 761 1844 est
787 1799 983 1857 aliquis?
1012 1798 1308 1856 respondebis,
1338 1798 1487 1840 nullus
1517 1800 1596 1840 est.

127 1869 252 1913 Tulit
290 1870 441 1927 itaque
481 1869 605 1914 Iahel
644 1884 759 1913 uxor
799 1869 951 1912 Abner
990 1868 1167 1912 clauum
1206 1868 1493 1918 tabernaculi,
1529 1882 1597 1910 as·

129 1953 308 1983 sumens
326 1939 496 1997 pariter
515 1942 561 1982 et
579 1938 799 1982 malleum.
859 1938 918 1982 Et
938 1938 1137 1996 ingressa
1156 1937 1411 1981 abscondite
1432 1940 1478 1980 et
1497 1951 1597 1980 cum

71 2025 112 2059 ⁸5
130 2008 307 2052 silentio
338 2011 407 2052 est
437 2009 672 2066 posuitque
706 2023 841 2066 supra
874 2011 1051 2066 tempus
1090 2008 1249 2065 capitis
1289 2007 1384 2050 eius
1422 2007 1597 2049 clauum
1617 2016 1700 2058 795
1719 2017 1748 2045 a

130 2091 471 2135 percussumque
491 2078 650 2122 malleo
670 2078 827 2122 defixit
847 2078 894 2120 in
918 2078 1146 2121 cerebrum
1173 2091 1312 2134 usque
1337 2076 1394 2120 ad
1421 2079 1598 2119 terram.

130 2147 217 2200 Qui
238 2162 437 2205 soporem
456 2148 590 2191 morti
610 2148 781 2192 socians
795 2147 959 2191 defecit
973 2151 1019 2191 et
1038 2150 1242 2191 mortuus
1263 2150 1343 2190 est.
1383 2145 1600 2188 Laudem-

130 2231 185 2260 ne
204 2231 309 2275 ergo
327 2219 408 2260 aut
431 2217 704 2275 uituperium
731 2220 966 2261 consecuta
993 2220 1061 2261 est
1088 2218 1399 2275 postet-orum?
1462 2215 1599 2258 Bene-

130 2286 260 2337 dicta,
289 2286 437 2344 inquit
472 2287 715 2344 Scriptura,
751 2287 868 2331 inter
903 2287 1110 2330 mulieres
1142 2286 1267 2330 Iahel
1299 2300 1415 2329 uxor
1448 2285 1600 2328 Abner

71 2369 114 2403 3ο
132 2354 272 2406 Cinei,
292 2360 338 2400 et
366 2356 653 2400 benedicatur
682 2357 729 2399 in
759 2357 1044 2400 tabernaculo
1073 2371 1164 2400 suo.
1224 2356 1399 2413 Aquam
1430 2354 1600 2412 petenti

132 2425 200 2468 lac
219 2425 343 2468 dedit
369 2428 414 2468 et
440 2426 487 2468 in
507 2426 612 2469 fiala
636 2426 886 2484 principum
906 2426 1071 2470 obtulit
1091 2426 1302 2469 butirum.
1362 2424 1600 2467 Sinistram

134 2509 314 2537 manum
343 2494 466 2538 misit
495 2495 552 2538 ad
580 2496 757 2540 clauum
783 2499 830 2539 et
854 2496 1061 2540 dextram
1081 2495 1139 2539 ad
1160 2495 1388 2538 fabrorum
1409 2494 1602 2543 malleos,

139 2648 152 2673 ι
180 2637 295 2684 ydola
312 2636 407 2674 CBA
582 2647 600 2685 5
626 2640 736 2675 trono
754 2639 786 2675 A
956 2649 998 2676 12
1022 2637 1158 2676 hostiis
1177 2637 1202 2674 S
1321 2637 1516 2675 offirmatis
1533 2637 1601 2674 SM

136 2694 178 2731 25
204 2684 346 2731 timpus
363 2683 490 2720 0²AB²
631 2696 675 2731 32
703 2686 898 2723 dexteram
917 2685 947 2721 B

189 2827 231 2862 ¹3
256 2817 384 2853 Sisara
402 2817 495 2852 etc.:
524 2814 640 2853 Iudic.
655 2816 702 2853 iv.
724 2826 764 2861 17
777 2828 880 2864 seqq.
1009 2828 1066 2862 14,
1088 2826 1141 2863 15,
1159 2828 1215 2863 23,
1236 2827 1282 2864 29
1306 2819 1452 2854 Abner:
1478 2816 1604 2863 potius

139 2865 245 2900 Aber.
390 2865 447 2909 28,
465 2873 512 2910 29
537 2865 729 2900 Benedicta
746 2866 841 2901 etc.:
867 2864 984 2902 ludio.
1002 2877 1033 2902 v.
1051 2875 1096 2910 24
1107 2877 1211 2911 seqq.
1582 2870 1592 2886 ·'

1431 2942 1493 2977 37⁵
