1988 3250
231 173 332 207 cAP.
348 158 493 220 xxm]
750 157 1191 204 POLICRATICVS
1717 158 1791 208 814
1811 166 1837 198 c

226 280 313 324 nisi
334 279 440 338 quia
458 278 638 322 diuinae
663 276 983 335 dispensationi
1003 276 1212 320 reluctari
1232 290 1322 320 non
1342 277 1489 328 audet,
1509 277 1699 322 intrasse

225 348 467 406 angustias.
527 347 646 390 Dum
659 347 870 404 superest,
883 345 1029 403 ipsum
1045 345 1272 402 interroga
1293 348 1338 388 et
1357 346 1485 390 crede
1501 350 1697 404 experto.

221 417 320 461 Hoc
341 417 477 460 etiam
496 415 631 459 michi
650 414 905 472 saepissime
925 414 1100 466 adiecit,
1122 414 1251 471 quod,
1271 428 1372 457 cum
1403 415 1458 457 de
1480 415 1624 472 gradu
1648 416 1698 459 in

220 486 410 546 gradum
430 500 458 528 a
483 484 710 529 claustrali
739 483 897 527 clerico
925 498 1005 541 per
1033 483 1183 526 omnia
1211 482 1354 526 officia
1377 483 1424 525 in
1444 484 1698 540 pontificem

183 575 203 610 5
220 570 442 600 summum
455 553 713 607 ascenderit,
719 553 855 597 nichil
868 567 1080 610 umquam
1094 552 1322 596 felicitatis
1334 556 1415 595 aut
1428 554 1697 610 tranquillae

221 625 383 684 quietis
403 625 524 668 uitae
544 623 682 682 priori
702 623 925 667 adiectum
945 625 1014 666 est
1042 622 1100 665 ab
1130 636 1325 666 ascensu.
1386 621 1457 672 Et,
1476 625 1528 665 ut
1548 623 1697 666 uerbis

219 696 315 740 eius
325 698 431 739 utar
444 694 599 752 (nichil
612 693 742 744 enim,
756 707 857 737 cum
872 706 1079 750 praesens
1094 706 1205 743 sum,
1217 691 1286 734 sui
1301 691 1450 748 gratia
1461 691 1562 734 uult
1573 692 1693 748 apud

219 780 266 810 se
295 764 603 809 absconditum
633 778 726 807 esse
756 762 814 806 ab
839 762 978 806 oculis
1004 761 1156 819 meis):
1186 761 1241 803 In
1272 760 1441 811 incude,
1468 761 1628 818 inquit,
1647 766 1692 805 et
1706 765 1736 806 d

219 834 380 879 malleo
399 849 572 892 semper
590 832 801 876 dilatauit
820 847 890 875 me
919 831 1160 884 Dominus3
1189 830 1266 874 sed
1287 845 1405 874 nunc
1425 830 1548 873 oneri
1574 831 1692 888 quod

161 924 202 949 10
219 905 473 950 infirmitati
512 918 634 947 meae
674 901 898 960 imposuit,
934 901 972 944 si
1006 900 1163 958 placet,
1194 903 1417 958 supponat
1450 900 1692 944 dexteram,

219 975 428 1034 quoniam
444 973 578 1017 michi
599 971 880 1030 importabile
900 973 978 1014 est.
1018 969 1179 1014 Nonne
1199 984 1305 1026 ergo
1324 969 1502 1013 miseria
1521 969 1691 1027 dignis·

216 1045 356 1090 simus
375 1046 443 1088 est
462 1043 539 1102 qui
559 1057 640 1101 pro
654 1044 783 1086 tanta
797 1043 968 1098 pugnat
983 1039 1191 1085 miseria?
1241 1039 1313 1082 Sit
1327 1054 1432 1082 sane
1444 1039 1692 1083 ditissimus

217 1114 295 1172 qui
319 1113 510 1172 eligitur,
539 1111 742 1170 sequenti
771 1111 843 1154 die
872 1124 1042 1168 pauper
1071 1109 1158 1152 crit
1187 1112 1234 1153 et
1262 1109 1452 1152 infinitis
1479 1108 1571 1152 fere
1597 1123 1690 1152 cre·

216 1183 436 1227 ditoribus
454 1181 681 1226 tenebitur
699 1180 933 1237 obligatus.
993 1178 1112 1232 Quid
1132 1193 1238 1236 ergo
1251 1178 1337 1221 erit
1352 1178 1392 1221 ei
1413 1192 1544 1234 quem
1565 1178 1690 1222 nulla

4 1307 7 1314 A
74 1251 77 1262 ”
157 1268 198 1304 15
217 1256 349 1298 uocat
377 1251 532 1296 electio
561 1250 638 1294 sed
668 1252 944 1308 repugnante
974 1249 1022 1292 in
1049 1248 1259 1291 membris
1289 1247 1470 1292 Christo
1503 1247 1689 1291 ambitio

216 1337 317 1367 ceca
335 1325 382 1366 et
399 1324 584 1366 cruenta
602 1334 692 1363 non
712 1319 807 1363 sine
830 1318 1047 1376 sanguine
1078 1318 1279 1361 fraterno
1308 1317 1531 1361 intrudit‘i
1590 1317 1689 1362 Hoc

215 1392 394 1451 quidem
424 1393 492 1434 est
521 1389 710 1433 Romulo
735 1388 965 1432 succedere
989 1388 1036 1431 in
1066 1387 1328 1446 parricidiis,
1358 1401 1447 1430 non
1478 1386 1610 1431 Petro
1638 1387 1686 1430 in

212 1460 434 1507 commissi
453 1459 780 1518 dispensatione
799 1458 946 1502 ouilis.

213 1595 236 1633 8
261 1592 404 1632 occulis
421 1594 446 1631 S
592 1603 636 1630 10
659 1591 849 1639 subponat
866 1590 900 1627 A
1045 1589 1087 1627 18
1112 1588 1265 1627 comi-si
1280 1588 1343 1626 CB

211 1729 339 1769 nolin.
388 1729 460 1767 Sed
477 1728 633 1766 abbatia
657 1726 692 1764 S.
712 1726 810 1771 Rufi,
829 1737 915 1763 cum
939 1723 993 1762 ibi
1019 1724 1327 1761 commorabatur
1350 1723 1528 1761 Nicolaus
1602 1725 1684 1761 stea

212 1778 282 1816 sub
299 1776 484 1815 Hadriani
502 1777 554 1813 IV
577 1775 731 1812 nomine
755 1775 791 1811 S.
811 1772 916 1810 Petri
938 1772 1160 1810 cathedram
1177 1774 1441 1819 occupaturus.
1461 1772 1537 1808 hau
1581 1772 1683 1826 apud

211 1824 431 1863 Valentiam
457 1825 521 1862 sed
546 1835 667 1879 prope
696 1821 926 1859 Avenionem
952 1820 1027 1856 sita
1059 1822 1127 1864 est,
1161 1819 1261 1856 unde
1294 1831 1327 1856 a.
1362 1830 1396 1856 ιι
1428 1830 1451 1865 9
1479 1831 1682 1856 canonicos

211 1872 427 1911 Valentiam
450 1871 650 1909 transtulit
675 1869 919 1916 Raymundus
943 1868 1071 1909 abbas,
1089 1867 1276 1914 probante
1301 1868 1384 1914 ipso
1446 1866 1606 1903 adriano
1630 1867 1682 1903 IV

211 1920 288 1958 iam
305 1931 407 1968 papa
421 1919 547 1958 facto:
572 1918 656 1956 vide
672 1917 783 1962 Jaffe,
803 1919 885 1961 Rea.
903 1917 1038 1961 Pontis.
1055 1917 1156 1951 Rom.
1174 1914 1214 1951 ii.
1238 1925 1301 1960 143
1316 1928 1325 1959 ;
1353 1914 1400 1951 cf.
1425 1915 1518 1951 Gall.
1548 1915 1681 1952 Christ.

211 1962 1128 2053 fflssaefisssuff‘a'ssffizssfflzffl333,ssssss
1130 1962 1680 2057 ·331⁹'p‘3‚¹:}:}2²¹1²12¹3fflss2¹¹1³3

211 2063 338 2100 dictus
355 2064 430 2100 est:
455 2075 488 2099 v.
504 2061 610 2098 Will.
627 2061 674 2098 de
691 2060 914 2106 Novoburgo
932 2058 972 2094 ii.
990 2060 1012 2095 6
1030 2058 1086 2095 ed.
1107 2057 1284 2100 Howlett,
1304 2070 1342 2105 p.
1358 2068 1371 2094 1
1382 2068 1434 2094 ιο.
1560 2068 1572 2093 1
1602 2060 1680 2094 πίει·

209 2112 298 2158 quia
309 2111 382 2148 etc.
396 2123 406 2146 ι
422 2111 574 2146 intrusae
585 2110 782 2155 angustias,
796 2109 870 2143 nisi
882 2109 971 2154 quia
982 2108 1134 2141 diuinae
1147 2107 1410 2152 dispensationi
1423 2107 1595 2141 mluctan'
1603 2117 1677 2141 non

211 2160 360 2195 auderet
374 2156 502 2195 Helin.
621 2167 642 2203 3
667 2157 745 2193 Hoc
761 2157 869 2191 etiam
886 2155 997 2190 michi
1011 2155 1196 2200 sepissime
1211 2155 1364 2190 adiecit:
1391 2152 1514 2190 minio
1531 2153 1678 2190 notavit

209 2205 406 2242 Parkerus.
635 2213 652 2250 5
679 2204 897 2239 ascenderit:
922 2203 1137 2238 ascendisset
1153 2200 1283 2238 Heliu.
1515 2210 1535 2245 7
1561 2202 1678 2237 nichil

210 2255 281 2290 etc.
298 2263 414 2299 usque
430 2251 478 2288 ad
495 2253 604 2288 meis:
628 2263 700 2288 om.
719 2250 846 2287 Helin.
991 2251 1012 2286 8
1037 2250 1084 2284 In
1103 2251 1232 2284 incude
1248 2250 1319 2285 etc.
1335 2261 1343 2284 ι
1371 2247 1417 2284 cf.
1439 2247 1499 2285 Ps.
1523 2247 1568 2283 iv.
1588 2258 1609 2284 2
1626 2250 1674 2284 In

207 2302 439 2336 tribulatione
451 2300 615 2335 dilatasti
622 2299 723 2334 mihi.
826 2307 867 2342 14
884 2298 1080 2343 obliquius:
1107 2296 1301 2333 Hactenus
1313 2295 1409 2332 citat
1423 2295 1672 2338 Helinandua

208 2347 413 2393 additque:
443 2348 588 2382 Ambire
611 2357 692 2392 erqo
715 2347 764 2381 ad
786 2357 966 2381 summum
987 2346 1218 2391 pontificium
1243 2349 1275 2379 et
1303 2355 1374 2380 non
1403 2346 1482 2379 sine
1502 2345 1675 2388 fiutemo

206 2397 385 2441 sanquine
412 2396 461 2430 ad
485 2395 580 2430 illud
603 2395 792 2430 ascendere
819 2397 871 2428 est
894 2393 1047 2428 Romulo
1073 2393 1254 2427 succedere
1281 2393 1322 2426 in
1345 2393 1574 2438 parricidiis,
1599 2403 1675 2427 non

206 2444 312 2479 Petro
327 2444 370 2478 in
387 2443 514 2477 ouibus
526 2442 729 2488 pascendis.
776 2441 872 2476 Bene
887 2451 968 2486 emo
983 2440 1121 2475 dieitur
1134 2451 1197 2474 nec
1213 2444 1288 2475 tam
1300 2441 1551 2484 nuncupatiue
1566 2451 1675 2486 quam

206 2490 431 2527 substantiae
455 2500 618 2524 summus
642 2488 814 2534 pontifex
843 2499 971 2523 seruus
1001 2498 1198 2523 seruorum.
1265 2488 1410 2522 Serviat
1436 2488 1533 2522 enim
1557 2488 1676 2522 seruis

206 2538 390 2575 auaritiae
406 2537 580 2572 Romanis
596 2546 730 2571 necesse
753 2540 812 2577 est,
830 2536 918 2570 adeo
934 2539 974 2570 ut
997 2535 1072 2569 nisi
1092 2535 1261 2570 mter-‘t
1275 2536 1350 2579 fiat
1373 2539 1439 2570 aut
1462 2535 1675 2580 ezpontifex

207 2590 273 2623 aut
300 2595 517 2620 emmanue
546 2583 606 2628 (ut
634 2593 722 2618 mox
747 2581 848 2618 infra
874 2583 914 2618 et
937 2591 1051 2628 snpra
1075 2582 1145 2625 814
1155 2590 1196 2624 Α,
1214 2582 1268 2626 Β).
1443 2583 1496 2624 16,
1527 2590 1567 2626 17
1594 2582 1672 2618 Hoc

205 2634 350 2685 quidem
366 2633 439 2668 etc.
454 2641 463 2666 :
490 2640 607 2676 usque
623 2629 671 2666 ad
686 2630 796 2667 ouile's
811 2628 958 2666 notavit
974 2627 1094 2666 minio
1111 2628 1310 2666 Parkerus.

1492 2871 1558 2906 4¹¹
