1988 3250
294 219 380 262 749
398 209 429 252 d
774 209 1036 255 IOANNIS
1075 209 1590 256 SARESBERIENSIS
1694 208 1804 271 [Lm.
1819 221 1914 255 V111

443 331 740 388 supercilium,
765 331 949 390 garrula
975 346 1126 375 socrus
1154 331 1321 390 lingua,
1348 331 1573 375 subsessor
1594 331 1728 375 alieni
1754 331 1910 375 matri-

443 400 578 453 moni,
599 400 796 444 incertus
815 401 1054 444 liberorum
1074 404 1274 445 euentus.
1314 401 1420 444 Non
1439 415 1594 458 pessus
1614 404 1682 444 est
1701 401 1911 444 iuuenem

443 468 492 511 in
517 472 732 514 contextu
757 485 905 513 rerum
934 485 1191 528 asperarum
1221 470 1347 527 quasi
1378 470 1493 514 letae
1522 470 1734 514 materiae
1764 470 1910 514 facere

443 538 674 583 delectum.
735 538 941 583 Concinit
970 539 1019 582 in
1047 540 1166 583 hunc
1195 539 1376 582 modum
1405 542 1528 583 totus
1560 543 1678 583 recte
1717 540 1908 597 philoso-

441 608 679 666 phantium
698 609 869 661 chorus,
884 612 948 659 ut,
964 609 1002 652 si
1023 608 1099 666 qui
1121 607 1402 652 Christianae
1422 609 1648 666 religionis
1668 609 1910 653 abhorrent
1927 623 1948 660 5

441 677 644 735 rigorem,
673 678 847 722 discant
876 678 949 722 uel
978 679 1035 721 ab
1065 678 1254 721 ethnicis
1283 678 1548 722 castitatem.
1622 677 1727 722 Non
1758 682 1910 722 tamen

442 746 561 804 quod
606 747 828 805 coniugali
867 747 1100 790 detraham
1138 746 1349 796 castitati,
1383 746 1461 789 sed
1499 747 1789 790 centesimum
1827 750 1910 792 aut

441 816 766 874 sexagesimum
795 815 1005 867 fructum,
1034 816 1138 859 licet
1167 815 1223 858 de
1261 815 1408 859 radice
1446 815 1658 859 tricesimi
1693 817 1909 871 oriantur,

292 894 374 937 750
393 897 425 927 a
441 885 623 930 minime
642 886 837 929 arbitror
863 885 1086 929 tricesimo
1111 884 1474 942 componendum.
1519 885 1649 936 Zeno,
1665 885 1908 943 Epitectus‚

440 954 708 1006 Aristotiles,
728 954 964 1006 Critolaus,
998 957 1045 997 et
1080 954 1397 1011 Epicureorum
1432 968 1567 1010 quam
1598 954 1781 1012 plurimi
1815 957 1906 999 tra-
1928 973 1969 1005 10

439 1023 610 1067 duntur
628 1024 817 1082 posteris
833 1025 947 1067 hanc
967 1024 1213 1081 publicasse
1229 1023 1510 1067 sententiam.
1551 1023 1714 1067 Fertur
1727 1027 1907 1069 auctore

439 1092 662 1136 Ieronimo
695 1093 901 1136 aureolus
941 1093 1235 1151 Theophrasti
1275 1092 1388 1135 liber
1426 1092 1481 1136 de
1520 1092 1691 1150 nuptiis
1730 1093 1779 1136 in
1818 1108 1907 1151 quo

439 1162 615 1219 quaerit
643 1177 703 1205 an
733 1162 806 1205 uir
836 1162 1012 1220 sapiens
1041 1162 1176 1206 ducat
1203 1175 1415 1214 uxorem3
1451 1164 1497 1205 et
1523 1176 1624 1205 cum
1659 1161 1907 1216 diffinisset,

438 1231 478 1275 si
507 1230 693 1289 pulchra
722 1234 847 1282 esset,
868 1232 906 1275 si
935 1232 1046 1275 bene
1075 1234 1259 1282 morata,
1279 1231 1318 1274 si
1347 1231 1545 1274 honestis
1575 1232 1847 1288 parentibus,
1866 1233 1905 1277 si

437 1300 532 1358 ipse
560 1315 695 1343 sanus
724 1303 771 1344 et
799 1301 938 1354 diues,
967 1301 1030 1344 sic
1059 1301 1305 1358 sapientem
1339 1300 1578 1357 aliquando
1606 1301 1721 1344 inire
1749 1302 1904 1346 matri·
1924 1319 1964 1355 ¹5

438 1369 651 1424 monium,
684 1370 839 1413 statim
889 1370 1077 1414 intulit:
1136 1370 1260 1414 Haec
1298 1373 1449 1413 autem
1488 1384 1590 1413 raro
1635 1370 1683 1413 in
1732 1372 1904 1429 nuptiis

436 1438 646 1482 uniuersa
665 1439 957 1493 concordant;
991 1454 1082 1483 non
1102 1442 1170 1483 est
1190 1439 1331 1496 igitur
1349 1453 1464 1482 uxor
1478 1438 1679 1483 ducenda
1698 1441 1902 1498 sapienti.

437 1507 636 1552 Primum
675 1509 793 1552 enim
839 1509 1045 1566 impediri
1094 1508 1245 1552 studia
1292 1508 1607 1566 philosophiae,
1646 1524 1727 1553 nec
1775 1524 1903 1567 posse

436 1592 702 1635 quemquam
731 1578 857 1622 libris
886 1581 932 1621 et
962 1578 1092 1621 uxori
1131 1578 1300 1635 pariter
1328 1577 1554 1621 inseruire.
1633 1578 1779 1622 Multa
1808 1593 1902 1624 esse

389 1650 419 1691 b
438 1661 550 1704 quae
577 1651 881 1691 matronarum
908 1648 1062 1691 usibus
1086 1647 1331 1691 necessaria
1354 1646 1446 1690 sint
1458 1661 1468 1699 ;
1497 1647 1716 1704 pretiosae
1743 1651 1902 1702 uestes,
1921 1671 1966 1697 κ

434 1730 605 1767 aurum,
625 1731 835 1774 gemmae,
855 1719 1072 1774 sumptus,
1098 1716 1295 1767 ancillae,
1325 1716 1525 1774 supellex
1554 1717 1692 1768 uaria,
1721 1717 1901 1762 lecticae

434 1788 481 1830 et
519 1785 683 1829 exedra
721 1786 946 1829 deaurata.
1018 1785 1190 1829 Deinde
1228 1800 1309 1843 per
1347 1788 1466 1829 totas
1504 1789 1655 1830 noctes
1693 1787 1900 1845 garrulae

433 1854 795 1911 conquestiones:
838 1855 925 1898 Illa
963 1855 1163 1898 ornatior
1195 1854 1395 1912 procedit
1433 1855 1481 1898 in
1519 1855 1758 1912 publicum,
1790 1855 1899 1901 haec

431 1923 677 1967 honoratur
696 1924 754 1966 ab
772 1924 989 1975 omnibus,
1009 1939 1090 1982 ego
1109 1924 1157 1966 in
1183 1927 1406 1967 conuentu
1432 1924 1700 1967 feminarum
1726 1924 1899 1970 misella

431 1993 669 2051 despicior3
706 2008 786 2037 cur
822 1994 1066 2051 aspiciebas
1109 1993 1338 2038 uicinam?
1389 1994 1499 2051 quid
1542 2009 1643 2038 cum
1684 1994 1895 2039 ancillula
1916 2010 1959 2048 ²⁵

431 2062 709 2120 loquebaris?
749 2062 803 2106 de
835 2062 933 2106 foro
963 2063 1146 2107 ueniens
1166 2063 1274 2120 quid
1305 2063 1529 2109 attulisti?
1579 2063 1684 2107 Non
1704 2064 1897 2114 amicum

430 2132 593 2175 habere
599 2146 939 2189 possumus,non
954 2132 1160 2177 sodalem.
1184 2133 1733 2186 Alteriusamorem,suum
1745 2133 1898 2178 odium

429 2201 691 2259 suspicatur.
750 2201 800 2245 Si
831 2201 1112 2246 doctissimus
1140 2205 1399 2260 praeceptor
1424 2202 1472 2245 in
1500 2202 1699 2259 qualibet
1718 2202 1898 2247 urbium

430 2340 446 2367 1
476 2330 666 2368 sub-emor
687 2332 764 2366 Vol.
777 2331 879 2367 Max.
896 2343 904 2367 :
927 2329 1141 2367 subcosoria
1158 2327 1325 2367 CBASM
1434 2329 1459 2366 6
1483 2328 1664 2377 ethnicis]
1677 2330 1854 2369 hennicin
1870 2329 1896 2370 S

425 2377 686 2462 {Sepictectauln
698 2377 999 2462 ffnzilsspfftem
1016 2378 1047 2413 A
1190 2387 1233 2414 12
1258 2376 1459 2414 theofranti
1475 2376 1550 2414 AM
1696 2388 1739 2425 14
1763 2378 1896 2426 pulcra

475 2521 496 2557 7
521 2513 749 2548 centecimum
766 2514 860 2548 etc:
886 2523 919 2549 v.
946 2510 1056 2549 Matt.
1076 2510 1156 2547 xiii.
1175 2521 1232 2558 23,
1255 2522 1370 2557 quem
1395 2511 1519 2548 locum
1545 2511 1820 2560 interpretatur
1842 2512 1893 2551 ad

429 2560 596 2596 mentem
614 2558 768 2595 Hieron.
786 2560 865 2595 adv.
885 2559 1000 2596 Iovin.
1021 2558 1045 2595 i.
1066 2569 1086 2604 3
1106 2558 1253 2606 (Migne
1269 2560 1309 2595 P.
1328 2561 1371 2596 L.
1389 2558 1495 2596 xxiii.
1512 2559 1611 2605 213).
1745 2570 1768 2607 9
1793 2562 1893 2599 Zeno

427 2609 522 2644 etc:
550 2606 653 2643 Haeo
679 2605 989 2653 philosophorum
1009 2605 1163 2642 nomina
1181 2618 1247 2643 cur
1262 2606 1434 2652 elegerit,
1449 2605 1596 2650 nesci03
1623 2609 1727 2645 certe
1744 2607 1891 2645 nullam

425 2652 586 2691 Critolai
619 2653 665 2690 de
692 2653 925 2690 matrimonii
955 2653 1203 2690 incommodis
1230 2653 1462 2690 sententiam
1501 2665 1660 2700 usquam
1695 2653 1891 2693 laudatam

426 2700 586 2749 repperi.
709 2710 762 2743 11,
782 2710 822 2737 12
849 2701 1138 2737 ffi'ereurauceom
1156 2702 1332 2737 lemnimo
1348 2704 1419 2738 etc.
1434 2713 1477 2737 us
1504 2702 1608 2738 uead
1629 2702 1893 2748 mophmaeeue

425 2750 586 2796 (7510):
629 2746 787 2784 Hieron.
821 2750 899 2784 adv.
934 2750 1047 2784 loven.
1082 2747 1105 2784 i.
1139 2757 1185 2794 ⁴7
1221 2748 1368 2794 (Migne
1403 2750 1444 2785 P.
1478 2713 1520 2785 ἶ.
1559 2748 1665 2786 xxiii.
1705 2750 1890 2796 πόκῳ),

423 2795 489 2843 qui
523 2795 616 2833 haec
643 2794 773 2831 omnia
802 2795 847 2832 de
878 2795 1095 2842 nuptiarum
1125 2794 1300 2833 mole-tia
1326 2795 1431 2833 dicta
1455 2806 1502 2834 ex
1527 2795 1624 2834 libro
1654 2795 1819 2835 Senecae
1845 2798 1890 2834 de

423 2844 655 2880 matrimonio
671 2842 922 2891 denumpuine
940 2842 1111 2890 videtum
1137 2854 1169 2881 v.
1187 2854 1247 2891 op.
1266 2842 1330 2881 cit.
1347 2853 1406 2891 49.

532 2912 600 2963 ³9⁶
