<?xml version="1.0" encoding="UTF-8"?>
<!DOCTYPE html PUBLIC "-//W3C//DTD XHTML 1.0 Transitional//EN"
    "http://www.w3.org/TR/xhtml1/DTD/xhtml1-transitional.dtd">
<html xmlns="http://www.w3.org/1999/xhtml" xml:lang="en" lang="en">
 <head>
  <title>
</title>
<meta http-equiv="Content-Type" content="text/html;charset=utf-8" />
  <meta name='ocr-system' content='tesseract 3.04.00' />
  <meta name='ocr-capabilities' content='ocr_page ocr_carea ocr_par ocr_line ocrx_word'/>
</head>
<body>
  <div class='ocr_page' id='page_1' title='image "./policraticisived02john_0238.png"; bbox 0 0 1988 3250; ppageno 0'>
   <div class='ocr_carea' id='block_1_1' title="bbox 530 660 1712 706">
    <p class='ocr_par' dir='ltr' id='par_1_1' title="bbox 530 660 1712 706">
     <span class='ocr_line' id='line_1_1' title="bbox 530 660 1712 706; baseline 0.001 -2"><span class='ocrx_word' id='word_1_1' title='bbox 530 660 765 706; x_wconf 88' lang='lat' dir='ltr'>INCIPIT</span> <span class='ocrx_word' id='word_1_2' title='bbox 796 661 976 704; x_wconf 87' lang='lat' dir='ltr'>LIBER</span> <span class='ocrx_word' id='word_1_3' title='bbox 1007 660 1282 705; x_wconf 86' lang='lat' dir='ltr'>OCTAVVS</span> <span class='ocrx_word' id='word_1_4' title='bbox 1313 660 1712 706; x_wconf 83' lang='lat' dir='ltr'>POLICRATICI.</span> 
     </span>
    </p>
   </div>
   <div class='ocr_carea' id='block_1_2' title="bbox 994 811 1240 843">
    <p class='ocr_par' dir='ltr' id='par_1_2' title="bbox 994 811 1240 843">
     <span class='ocr_line' id='line_1_2' title="bbox 994 811 1240 843; baseline 0 -1"><span class='ocrx_word' id='word_1_5' title='bbox 994 811 1240 843; x_wconf 81' lang='lat' dir='ltr'>PROLOGVS.</span> 
     </span>
    </p>
   </div>
   <div class='ocr_carea' id='block_1_3' title="bbox 238 906 1909 2421">
    <p class='ocr_par' dir='ltr' id='par_1_3' title="bbox 238 906 1909 1658">
     <span class='ocr_line' id='line_1_3' title="bbox 238 906 1849 967; baseline -0.001 -15"><span class='ocrx_word' id='word_1_6' title='bbox 238 926 324 967; x_wconf 84' lang='lat'><strong>709</strong></span> <span class='ocrx_word' id='word_1_7' title='bbox 345 927 370 958; x_wconf 80' lang='lat' dir='ltr'><strong>c</strong></span> <span class='ocrx_word' id='word_1_8' title='bbox 445 907 629 952; x_wconf 73' lang='lat' dir='ltr'>SOLENT</span> <span class='ocrx_word' id='word_1_9' title='bbox 667 909 744 966; x_wconf 89' lang='lat' dir='ltr'><strong>qui</strong></span> <span class='ocrx_word' id='word_1_10' title='bbox 783 923 903 951; x_wconf 87' lang='lat' dir='ltr'><strong>mare</strong></span> <span class='ocrx_word' id='word_1_11' title='bbox 947 908 1188 965; x_wconf 87' lang='lat' dir='ltr'><strong>enauigant</strong></span> <span class='ocrx_word' id='word_1_12' title='bbox 1231 907 1320 950; x_wconf 88' lang='lat' dir='ltr'><strong>illis</strong></span> <span class='ocrx_word' id='word_1_13' title='bbox 1364 906 1526 950; x_wconf 87' lang='lat' dir='ltr'><strong>habere</strong></span> <span class='ocrx_word' id='word_1_14' title='bbox 1569 906 1763 964; x_wconf 75' lang='lat' dir='ltr'><strong>gratiam</strong></span> <span class='ocrx_word' id='word_1_15' title='bbox 1803 909 1849 950; x_wconf 91' lang='lat' dir='ltr'><strong>et</strong></span> 
     </span>
     <span class='ocr_line' id='line_1_4' title="bbox 386 975 1850 1035; baseline -0.002 -14"><span class='ocrx_word' id='word_1_16' title='bbox 386 976 551 1021; x_wconf 83' lang='lat' dir='ltr'><strong>referre</strong></span> <span class='ocrx_word' id='word_1_17' title='bbox 571 993 757 1035; x_wconf 91' lang='lat' dir='ltr'><strong>quorum</strong></span> <span class='ocrx_word' id='word_1_18' title='bbox 781 977 991 1021; x_wconf 90' lang='lat' dir='ltr'><strong>beneficio</strong></span> <span class='ocrx_word' id='word_1_19' title='bbox 1011 977 1207 1034; x_wconf 89' lang='lat' dir='ltr'><strong>pericula</strong></span> <span class='ocrx_word' id='word_1_20' title='bbox 1227 979 1478 1020; x_wconf 88' lang='lat' dir='ltr'><strong>euaserunt.</strong></span> <span class='ocrx_word' id='word_1_21' title='bbox 1535 975 1850 1020; x_wconf 88' lang='lat' dir='ltr'><strong>Accenduntur</strong></span> 
     </span>
     <span class='ocr_line' id='line_1_5' title="bbox 385 1044 1886 1105; baseline -0.001 -16"><span class='ocrx_word' id='word_1_22' title='bbox 385 1047 521 1105; x_wconf 87' lang='lat' dir='ltr'><strong>ignes,</strong></span> <span class='ocrx_word' id='word_1_23' title='bbox 570 1047 781 1090; x_wconf 88' lang='lat' dir='ltr'><strong>clamores</strong></span> <span class='ocrx_word' id='word_1_24' title='bbox 830 1047 1094 1097; x_wconf 71' lang='lat' dir='ltr'><strong>excitantur,</strong></span> <span class='ocrx_word' id='word_1_25' title='bbox 1145 1046 1380 1103; x_wconf 88' lang='lat' dir='ltr'><strong>eriguntur</strong></span> <span class='ocrx_word' id='word_1_26' title='bbox 1422 1049 1468 1089; x_wconf 93' lang='lat' dir='ltr'><strong>et</strong></span> <span class='ocrx_word' id='word_1_27' title='bbox 1515 1045 1644 1103; x_wconf 89' lang='lat' dir='ltr'><strong>signa</strong></span> <span class='ocrx_word' id='word_1_28' title='bbox 1687 1044 1848 1102; x_wconf 86' lang='lat' dir='ltr'><strong>quibus</strong></span> <span class='ocrx_word' id='word_1_29' title='bbox 1867 1064 1886 1098; x_wconf 82' lang='lat'>5</span> 
     </span>
     <span class='ocr_line' id='line_1_6' title="bbox 385 1115 1850 1173; baseline -0.001 -14"><span class='ocrx_word' id='word_1_30' title='bbox 385 1115 525 1160; x_wconf 88' lang='lat' dir='ltr'><strong>Cillea</strong></span> <span class='ocrx_word' id='word_1_31' title='bbox 564 1131 741 1173; x_wconf 87' lang='lat' dir='ltr'><strong>uorago,</strong></span> <span class='ocrx_word' id='word_1_32' title='bbox 780 1116 912 1159; x_wconf 89' lang='lat' dir='ltr'><strong>turbo</strong></span> <span class='ocrx_word' id='word_1_33' title='bbox 952 1115 1169 1166; x_wconf 86' lang='lat' dir='ltr'><strong>Caribdis,</strong></span> <span class='ocrx_word' id='word_1_34' title='bbox 1209 1130 1318 1158; x_wconf 87' lang='lat' dir='ltr'><strong>saxa</strong></span> <span class='ocrx_word' id='word_1_35' title='bbox 1351 1115 1548 1166; x_wconf 90' lang='lat' dir='ltr'><strong>latentia,</strong></span> <span class='ocrx_word' id='word_1_36' title='bbox 1588 1117 1759 1158; x_wconf 87' lang='lat' dir='ltr'><strong>tractus</strong></span> <span class='ocrx_word' id='word_1_37' title='bbox 1803 1118 1850 1158; x_wconf 91' lang='lat' dir='ltr'><strong>et</strong></span> 
     </span>
     <span class='ocr_line' id='line_1_7' title="bbox 384 1183 1848 1242; baseline -0.001 -14"><span class='ocrx_word' id='word_1_38' title='bbox 384 1185 601 1229; x_wconf 71' lang='lat' dir='ltr'><strong>tenacitas</strong></span> <span class='ocrx_word' id='word_1_39' title='bbox 640 1185 827 1228; x_wconf 80' lang='lat' dir='ltr'><strong>Sittium</strong></span> <span class='ocrx_word' id='word_1_40' title='bbox 867 1199 895 1227; x_wconf 91' lang='lat' dir='ltr'><strong>a</strong></span> <span class='ocrx_word' id='word_1_41' title='bbox 934 1185 1251 1242; x_wconf 87' lang='lat' dir='ltr'><strong>nauigantibus</strong></span> <span class='ocrx_word' id='word_1_42' title='bbox 1291 1187 1456 1241; x_wconf 89' lang='lat' dir='ltr'><strong>queant</strong></span> <span class='ocrx_word' id='word_1_43' title='bbox 1499 1184 1737 1227; x_wconf 83' lang='lat' dir='ltr'><strong>salubriter</strong></span> <span class='ocrx_word' id='word_1_44' title='bbox 1775 1183 1848 1227; x_wconf 91' lang='lat' dir='ltr'><strong>de-</strong></span> 
     </span>
     <span class='ocr_line' id='line_1_8' title="bbox 383 1252 1849 1311; baseline -0.001 -13"><span class='ocrx_word' id='word_1_45' title='bbox 383 1254 553 1298; x_wconf 86' lang='lat' dir='ltr'><strong>clinari.</strong></span> <span class='ocrx_word' id='word_1_46' title='bbox 613 1254 686 1298; x_wconf 91' lang='lat' dir='ltr'><strong>Sic</strong></span> <span class='ocrx_word' id='word_1_47' title='bbox 724 1258 770 1298; x_wconf 88' lang='lat' dir='ltr'><strong>et</strong></span> <span class='ocrx_word' id='word_1_48' title='bbox 808 1254 874 1305; x_wconf 86' lang='lat' dir='ltr'><strong>iis,</strong></span> <span class='ocrx_word' id='word_1_49' title='bbox 910 1254 986 1311; x_wconf 92' lang='lat' dir='ltr'><strong>qui</strong></span> <span class='ocrx_word' id='word_1_50' title='bbox 1026 1269 1078 1297; x_wconf 89' lang='lat' dir='ltr'><strong>ea</strong></span> <span class='ocrx_word' id='word_1_51' title='bbox 1116 1254 1345 1297; x_wconf 89' lang='lat' dir='ltr'><strong>imminere</strong></span> <span class='ocrx_word' id='word_1_52' title='bbox 1385 1253 1653 1296; x_wconf 88' lang='lat' dir='ltr'><strong>denuntiant</strong></span> <span class='ocrx_word' id='word_1_53' title='bbox 1687 1252 1849 1310; x_wconf 85' lang='lat' dir='ltr'><strong>quibus</strong></span> 
     </span>
     <span class='ocr_line' id='line_1_9' title="bbox 384 1323 1848 1381; baseline -0.001 -15"><span class='ocrx_word' id='word_1_54' title='bbox 384 1323 504 1367; x_wconf 88' lang='lat' dir='ltr'><strong>salus</strong></span> <span class='ocrx_word' id='word_1_55' title='bbox 542 1323 820 1381; x_wconf 80' lang='lat' dir='ltr'><strong>periclitatur</strong></span> <span class='ocrx_word' id='word_1_56' title='bbox 858 1324 1065 1376; x_wconf 87' lang='lat' dir='ltr'><strong>humana,</strong></span> <span class='ocrx_word' id='word_1_57' title='bbox 1100 1323 1341 1367; x_wconf 83' lang='lat' dir='ltr'><strong>rectissime</strong></span> <span class='ocrx_word' id='word_1_58' title='bbox 1381 1323 1527 1381; x_wconf 89' lang='lat' dir='ltr'><strong>gratia</strong></span> <span class='ocrx_word' id='word_1_59' title='bbox 1566 1323 1753 1366; x_wconf 90' lang='lat' dir='ltr'><strong>debetur</strong></span> <span class='ocrx_word' id='word_1_60' title='bbox 1791 1337 1848 1366; x_wconf 84' lang='lat' dir='ltr'><strong>ex</strong></span> 
     </span>
     <span class='ocr_line' id='line_1_10' title="bbox 384 1392 1909 1450; baseline -0.003 -14"><span class='ocrx_word' id='word_1_61' title='bbox 384 1393 567 1445; x_wconf 84' lang='lat' dir='ltr'><strong>merit03</strong></span> <span class='ocrx_word' id='word_1_62' title='bbox 616 1396 662 1436; x_wconf 91' lang='lat' dir='ltr'><strong>et</strong></span> <span class='ocrx_word' id='word_1_63' title='bbox 701 1393 776 1450; x_wconf 93' lang='lat' dir='ltr'><strong>qui</strong></span> <span class='ocrx_word' id='word_1_64' title='bbox 817 1407 913 1436; x_wconf 91' lang='lat' dir='ltr'><strong>eam</strong></span> <span class='ocrx_word' id='word_1_65' title='bbox 952 1393 1226 1436; x_wconf 89' lang='lat' dir='ltr'><strong>merentibus</strong></span> <span class='ocrx_word' id='word_1_66' title='bbox 1266 1408 1355 1435; x_wconf 92' lang='lat' dir='ltr'><strong>non</strong></span> <span class='ocrx_word' id='word_1_67' title='bbox 1395 1392 1609 1450; x_wconf 88' lang='lat' dir='ltr'><strong>rependit,</strong></span> <span class='ocrx_word' id='word_1_68' title='bbox 1644 1392 1848 1450; x_wconf 88' lang='lat' dir='ltr'><strong>ingratus</strong></span> <span class='ocrx_word' id='word_1_69' title='bbox 1869 1408 1909 1432; x_wconf 81' lang='lat'><strong>10</strong></span> 
     </span>
     <span class='ocr_line' id='line_1_11' title="bbox 384 1462 1848 1520; baseline 0.001 -15"><span class='ocrx_word' id='word_1_70' title='bbox 384 1462 585 1506; x_wconf 88' lang='lat' dir='ltr'><strong>beneficii</strong></span> <span class='ocrx_word' id='word_1_71' title='bbox 614 1462 775 1520; x_wconf 87' lang='lat' dir='ltr'><strong>dignus</strong></span> <span class='ocrx_word' id='word_1_72' title='bbox 806 1466 874 1505; x_wconf 87' lang='lat' dir='ltr'><strong>est</strong></span> <span class='ocrx_word' id='word_1_73' title='bbox 904 1462 1062 1506; x_wconf 88' lang='lat' dir='ltr'><strong>salutis</strong></span> <span class='ocrx_word' id='word_1_74' title='bbox 1096 1462 1376 1519; x_wconf 88' lang='lat' dir='ltr'><strong>dispendium</strong></span> <span class='ocrx_word' id='word_1_75' title='bbox 1412 1462 1643 1505; x_wconf 89' lang='lat' dir='ltr'><strong>sustinere.</strong></span> <span class='ocrx_word' id='word_1_76' title='bbox 1704 1462 1848 1506; x_wconf 90' lang='lat' dir='ltr'><strong>Nemo</strong></span> 
     </span>
     <span class='ocr_line' id='line_1_12' title="bbox 384 1530 1848 1588; baseline -0.001 -14"><span class='ocrx_word' id='word_1_77' title='bbox 384 1534 534 1575; x_wconf 88' lang='lat' dir='ltr'><strong>autem</strong></span> <span class='ocrx_word' id='word_1_78' title='bbox 569 1534 637 1575; x_wconf 89' lang='lat' dir='ltr'><strong>est</strong></span> <span class='ocrx_word' id='word_1_79' title='bbox 669 1531 746 1588; x_wconf 91' lang='lat' dir='ltr'><strong>qui</strong></span> <span class='ocrx_word' id='word_1_80' title='bbox 781 1531 968 1574; x_wconf 86' lang='lat' dir='ltr'><strong>salutem</strong></span> <span class='ocrx_word' id='word_1_81' title='bbox 1004 1531 1130 1574; x_wconf 87' lang='lat' dir='ltr'><strong>uitiis</strong></span> <span class='ocrx_word' id='word_1_82' title='bbox 1170 1531 1338 1574; x_wconf 89' lang='lat' dir='ltr'><strong>nesciat</strong></span> <span class='ocrx_word' id='word_1_83' title='bbox 1372 1530 1579 1587; x_wconf 86' lang='lat' dir='ltr'><strong>impediri</strong></span> <span class='ocrx_word' id='word_1_84' title='bbox 1613 1545 1751 1588; x_wconf 89' lang='lat' dir='ltr'><strong>eaque</strong></span> <span class='ocrx_word' id='word_1_85' title='bbox 1790 1544 1848 1574; x_wconf 84' lang='lat' dir='ltr'><strong>ex</strong></span> 
     </span>
     <span class='ocr_line' id='line_1_13' title="bbox 383 1599 1847 1658; baseline -0.001 -14"><span class='ocrx_word' id='word_1_86' title='bbox 383 1615 531 1644; x_wconf 87' lang='lat' dir='ltr'><strong>amore</strong></span> <span class='ocrx_word' id='word_1_87' title='bbox 551 1601 853 1658; x_wconf 84' lang='lat' dir='ltr'><strong>proximorum</strong></span> <span class='ocrx_word' id='word_1_88' title='bbox 874 1601 1019 1643; x_wconf 90' lang='lat' dir='ltr'><strong>notari</strong></span> <span class='ocrx_word' id='word_1_89' title='bbox 1040 1600 1096 1643; x_wconf 91' lang='lat' dir='ltr'><strong>ad</strong></span> <span class='ocrx_word' id='word_1_90' title='bbox 1119 1600 1272 1657; x_wconf 80' lang='lat' dir='ltr'><strong>fugam</strong></span> <span class='ocrx_word' id='word_1_91' title='bbox 1292 1599 1467 1657; x_wconf 91' lang='lat' dir='ltr'><strong>publice</strong></span> <span class='ocrx_word' id='word_1_92' title='bbox 1487 1600 1684 1643; x_wconf 88' lang='lat' dir='ltr'><strong>interest.</strong></span> <span class='ocrx_word' id='word_1_93' title='bbox 1740 1599 1847 1643; x_wconf 90' lang='lat' dir='ltr'><strong>Vita</strong></span> 
     </span>
    </p>

    <p class='ocr_par' dir='ltr' id='par_1_4' title="bbox 335 1669 1908 2144">
     <span class='ocr_line' id='line_1_14' title="bbox 335 1669 1845 1727; baseline -0.001 -14"><span class='ocrx_word' id='word_1_94' title='bbox 335 1673 365 1714; x_wconf 83' lang='lat' dir='ltr'><strong>d</strong></span> <span class='ocrx_word' id='word_1_95' title='bbox 384 1670 602 1727; x_wconf 89' lang='lat' dir='ltr'><strong>siquidem</strong></span> <span class='ocrx_word' id='word_1_96' title='bbox 622 1670 817 1712; x_wconf 88' lang='lat' dir='ltr'><strong>humana</strong></span> <span class='ocrx_word' id='word_1_97' title='bbox 836 1670 995 1726; x_wconf 89' lang='lat' dir='ltr'><strong>quouis</strong></span> <span class='ocrx_word' id='word_1_98' title='bbox 1023 1669 1140 1712; x_wconf 83' lang='lat' dir='ltr'><strong>freto</strong></span> <span class='ocrx_word' id='word_1_99' title='bbox 1159 1669 1442 1726; x_wconf 89' lang='lat' dir='ltr'><strong>procellosior</strong></span> <span class='ocrx_word' id='word_1_100' title='bbox 1461 1671 1539 1720; x_wconf 87' lang='lat' dir='ltr'><strong>est,</strong></span> <span class='ocrx_word' id='word_1_101' title='bbox 1559 1683 1639 1712; x_wconf 93' lang='lat' dir='ltr'><strong>nec</strong></span> <span class='ocrx_word' id='word_1_102' title='bbox 1659 1671 1845 1726; x_wconf 91' lang='lat' dir='ltr'><strong>possunt</strong></span> 
     </span>
     <span class='ocr_line' id='line_1_15' title="bbox 384 1738 1906 1792; baseline -0.001 -10"><span class='ocrx_word' id='word_1_103' title='bbox 384 1739 519 1782; x_wconf 86' lang='lat' dir='ltr'><strong>uitari</strong></span> <span class='ocrx_word' id='word_1_104' title='bbox 539 1739 794 1782; x_wconf 85' lang='lat' dir='ltr'><strong>discrimina</strong></span> <span class='ocrx_word' id='word_1_105' title='bbox 815 1739 899 1782; x_wconf 87' lang='lat' dir='ltr'><strong>nisi</strong></span> <span class='ocrx_word' id='word_1_106' title='bbox 925 1739 1017 1782; x_wconf 88' lang='lat' dir='ltr'><strong>suis</strong></span> <span class='ocrx_word' id='word_1_107' title='bbox 1037 1739 1357 1782; x_wconf 90' lang='lat' dir='ltr'><strong>denuntientur</strong></span> <span class='ocrx_word' id='word_1_108' title='bbox 1378 1738 1566 1781; x_wconf 87' lang='lat' dir='ltr'><strong>indiciis.</strong></span> <span class='ocrx_word' id='word_1_109' title='bbox 1638 1738 1709 1781; x_wconf 92' lang='lat' dir='ltr'><strong>Ad</strong></span> <span class='ocrx_word' id='word_1_110' title='bbox 1731 1739 1844 1783; x_wconf 92' lang='lat' dir='ltr'><strong>hanc</strong></span> <span class='ocrx_word' id='word_1_111' title='bbox 1866 1757 1879 1780; x_wconf 78' lang='grc' dir='ltr'><strong>ι</strong></span> <span class='ocrx_word' id='word_1_112' title='bbox 1887 1758 1906 1792; x_wconf 84' lang='lat'>5</span> 
     </span>
     <span class='ocr_line' id='line_1_16' title="bbox 382 1808 1846 1866; baseline 0 -15"><span class='ocrx_word' id='word_1_113' title='bbox 382 1822 490 1851; x_wconf 90' lang='lat' dir='ltr'><strong>uero</strong></span> <span class='ocrx_word' id='word_1_114' title='bbox 520 1823 698 1866; x_wconf 79' lang='lat' dir='ltr'><strong>operam</strong></span> <span class='ocrx_word' id='word_1_115' title='bbox 730 1808 931 1865; x_wconf 85' lang='lat' dir='ltr'><strong>publicae</strong></span> <span class='ocrx_word' id='word_1_116' title='bbox 967 1808 1176 1851; x_wconf 86' lang='lat' dir='ltr'><strong>utilitatis</strong></span> <span class='ocrx_word' id='word_1_117' title='bbox 1207 1811 1253 1851; x_wconf 90' lang='lat' dir='ltr'><strong>et</strong></span> <span class='ocrx_word' id='word_1_118' title='bbox 1282 1810 1386 1851; x_wconf 87' lang='lat' dir='ltr'><strong>tuae</strong></span> <span class='ocrx_word' id='word_1_119' title='bbox 1417 1808 1623 1851; x_wconf 87' lang='lat' dir='ltr'><strong>iussionis</strong></span> <span class='ocrx_word' id='word_1_120' title='bbox 1652 1808 1846 1852; x_wconf 90' lang='lat' dir='ltr'><strong>stimulis</strong></span> 
     </span>
     <span class='ocr_line' id='line_1_17' title="bbox 382 1877 1844 1936; baseline 0.001 -15"><span class='ocrx_word' id='word_1_121' title='bbox 382 1892 554 1936; x_wconf 87' lang='lat' dir='ltr'><strong>urgeor,</strong></span> <span class='ocrx_word' id='word_1_122' title='bbox 574 1878 677 1920; x_wconf 87' lang='lat' dir='ltr'><strong>licet</strong></span> <span class='ocrx_word' id='word_1_123' title='bbox 701 1878 747 1920; x_wconf 90' lang='lat' dir='ltr'><strong>in</strong></span> <span class='ocrx_word' id='word_1_124' title='bbox 768 1892 837 1920; x_wconf 92' lang='lat' dir='ltr'><strong>me</strong></span> <span class='ocrx_word' id='word_1_125' title='bbox 864 1877 1000 1920; x_wconf 85' lang='lat' dir='ltr'><strong>nichil</strong></span> <span class='ocrx_word' id='word_1_126' title='bbox 1026 1892 1260 1935; x_wconf 85' lang='lat' dir='ltr'><strong>agnoscam</strong></span> <span class='ocrx_word' id='word_1_127' title='bbox 1286 1877 1402 1934; x_wconf 92' lang='lat' dir='ltr'><strong>quod</strong></span> <span class='ocrx_word' id='word_1_128' title='bbox 1423 1877 1716 1921; x_wconf 83' lang='lat' dir='ltr'><strong>attentionem</strong></span> <span class='ocrx_word' id='word_1_129' title='bbox 1743 1893 1844 1935; x_wconf 88' lang='lat' dir='ltr'><strong>pro-</strong></span> 
     </span>
     <span class='ocr_line' id='line_1_18' title="bbox 383 1947 1844 2004; baseline 0 -13"><span class='ocrx_word' id='word_1_130' title='bbox 383 1950 510 1991; x_wconf 90' lang='lat' dir='ltr'><strong>uocet</strong></span> <span class='ocrx_word' id='word_1_131' title='bbox 534 1947 799 1998; x_wconf 86' lang='lat' dir='ltr'><strong>auditorum,</strong></span> <span class='ocrx_word' id='word_1_132' title='bbox 819 1947 950 1990; x_wconf 92' lang='lat' dir='ltr'><strong>homo</strong></span> <span class='ocrx_word' id='word_1_133' title='bbox 980 1947 1175 2004; x_wconf 91' lang='lat' dir='ltr'><strong>undique</strong></span> <span class='ocrx_word' id='word_1_134' title='bbox 1205 1947 1468 1990; x_wconf 84' lang='lat' dir='ltr'><strong>immunitus</strong></span> <span class='ocrx_word' id='word_1_135' title='bbox 1498 1950 1543 1990; x_wconf 90' lang='lat' dir='ltr'><strong>et</strong></span> <span class='ocrx_word' id='word_1_136' title='bbox 1571 1947 1844 1999; x_wconf 88' lang='lat' dir='ltr'><strong>imminutus,</strong></span> 
     </span>
     <span class='ocr_line' id='line_1_19' title="bbox 382 2016 1846 2061; baseline 0.001 -1"><span class='ocrx_word' id='word_1_137' title='bbox 382 2017 452 2060; x_wconf 91' lang='lat' dir='ltr'><strong>cui</strong></span> <span class='ocrx_word' id='word_1_138' title='bbox 473 2032 552 2060; x_wconf 89' lang='lat' dir='ltr'><strong>nec</strong></span> <span class='ocrx_word' id='word_1_139' title='bbox 573 2017 669 2060; x_wconf 89' lang='lat' dir='ltr'><strong>uita</strong></span> <span class='ocrx_word' id='word_1_140' title='bbox 691 2016 747 2059; x_wconf 89' lang='lat' dir='ltr'><strong>ad</strong></span> <span class='ocrx_word' id='word_1_141' title='bbox 772 2016 1082 2060; x_wconf 82' lang='lat' dir='ltr'><strong>conscientiam</strong></span> <span class='ocrx_word' id='word_1_142' title='bbox 1111 2031 1189 2060; x_wconf 89' lang='lat' dir='ltr'><strong>nec</strong></span> <span class='ocrx_word' id='word_1_143' title='bbox 1213 2017 1270 2059; x_wconf 91' lang='lat' dir='ltr'><strong>ad</strong></span> <span class='ocrx_word' id='word_1_144' title='bbox 1295 2016 1540 2059; x_wconf 88' lang='lat' dir='ltr'><strong>doctrinam</strong></span> <span class='ocrx_word' id='word_1_145' title='bbox 1561 2017 1746 2060; x_wconf 89' lang='lat' dir='ltr'><strong>scientia</strong></span> <span class='ocrx_word' id='word_1_146' title='bbox 1765 2032 1846 2061; x_wconf 89' lang='lat' dir='ltr'><strong>nec</strong></span> 
     </span>
     <span class='ocr_line' id='line_1_20' title="bbox 382 2085 1908 2144; baseline -0.001 -15"><span class='ocrx_word' id='word_1_147' title='bbox 382 2100 515 2144; x_wconf 88' lang='lat' dir='ltr'><strong>opera</strong></span> <span class='ocrx_word' id='word_1_148' title='bbox 554 2089 797 2143; x_wconf 88' lang='lat' dir='ltr'><strong>suppetunt</strong></span> <span class='ocrx_word' id='word_1_149' title='bbox 836 2086 892 2128; x_wconf 92' lang='lat' dir='ltr'><strong>ad</strong></span> <span class='ocrx_word' id='word_1_150' title='bbox 932 2085 1195 2143; x_wconf 82' lang='lat' dir='ltr'><strong>exemplum,</strong></span> <span class='ocrx_word' id='word_1_151' title='bbox 1229 2086 1346 2128; x_wconf 88' lang='lat' dir='ltr'><strong>unde</strong></span> <span class='ocrx_word' id='word_1_152' title='bbox 1386 2085 1432 2127; x_wconf 90' lang='lat' dir='ltr'><strong>in</strong></span> <span class='ocrx_word' id='word_1_153' title='bbox 1473 2100 1542 2129; x_wconf 89' lang='lat' dir='ltr'><strong>me</strong></span> <span class='ocrx_word' id='word_1_154' title='bbox 1576 2101 1604 2128; x_wconf 90' lang='lat' dir='ltr'><strong>a</strong></span> <span class='ocrx_word' id='word_1_155' title='bbox 1643 2085 1846 2143; x_wconf 88' lang='lat' dir='ltr'><strong>plurimis</strong></span> <span class='ocrx_word' id='word_1_156' title='bbox 1866 2103 1908 2127; x_wconf 66' lang='grc' dir='ltr'><strong>ιο</strong></span> 
     </span>
    </p>

    <p class='ocr_par' dir='ltr' id='par_1_5' title="bbox 246 2154 1847 2421">
     <span class='ocr_line' id='line_1_21' title="bbox 246 2154 1846 2214; baseline 0.001 -15"><span class='ocrx_word' id='word_1_157' title='bbox 246 2174 320 2214; x_wconf 84' lang='lat'><strong>7¹0</strong></span> <span class='ocrx_word' id='word_1_158' title='bbox 340 2173 366 2204; x_wconf 83' lang='lat' dir='ltr'><strong>c</strong></span> <span class='ocrx_word' id='word_1_159' title='bbox 382 2155 682 2199; x_wconf 85' lang='lat' dir='ltr'><strong>conclamatur</strong></span> <span class='ocrx_word' id='word_1_160' title='bbox 701 2159 753 2198; x_wconf 93' lang='lat' dir='ltr'><strong>ut</strong></span> <span class='ocrx_word' id='word_1_161' title='bbox 777 2158 958 2206; x_wconf 86' lang='lat' dir='ltr'><strong>taceam,</strong></span> <span class='ocrx_word' id='word_1_162' title='bbox 977 2155 1225 2198; x_wconf 88' lang='lat' dir='ltr'><strong>dicentibus</strong></span> <span class='ocrx_word' id='word_1_163' title='bbox 1253 2154 1370 2212; x_wconf 92' lang='lat' dir='ltr'><strong>quod</strong></span> <span class='ocrx_word' id='word_1_164' title='bbox 1398 2170 1477 2198; x_wconf 89' lang='lat' dir='ltr'><strong>nec</strong></span> <span class='ocrx_word' id='word_1_165' title='bbox 1505 2155 1639 2198; x_wconf 89' lang='lat' dir='ltr'><strong>etiam</strong></span> <span class='ocrx_word' id='word_1_166' title='bbox 1660 2156 1846 2200; x_wconf 85' lang='lat' dir='ltr'><strong>uirtutis</strong></span> 
     </span>
     <span class='ocr_line' id='line_1_22' title="bbox 381 2224 1847 2282; baseline 0.001 -15"><span class='ocrx_word' id='word_1_167' title='bbox 381 2225 576 2282; x_wconf 85' lang='lat' dir='ltr'><strong>speciosa</strong></span> <span class='ocrx_word' id='word_1_168' title='bbox 610 2224 706 2267; x_wconf 84' lang='lat' dir='ltr'><strong>laus</strong></span> <span class='ocrx_word' id='word_1_169' title='bbox 745 2228 813 2267; x_wconf 84' lang='lat' dir='ltr'><strong>est</strong></span> <span class='ocrx_word' id='word_1_170' title='bbox 845 2224 890 2266; x_wconf 90' lang='lat' dir='ltr'><strong>in</strong></span> <span class='ocrx_word' id='word_1_171' title='bbox 925 2238 999 2267; x_wconf 86' lang='lat' dir='ltr'><strong>ore</strong></span> <span class='ocrx_word' id='word_1_172' title='bbox 1030 2224 1280 2281; x_wconf 86' lang='lat' dir='ltr'><strong>peccatoris.</strong></span> <span class='ocrx_word' id='word_1_173' title='bbox 1344 2224 1439 2267; x_wconf 91' lang='lat' dir='ltr'><strong>Hoc</strong></span> <span class='ocrx_word' id='word_1_174' title='bbox 1480 2224 1511 2267; x_wconf 92' lang='lat' dir='ltr'><strong>ii</strong></span> <span class='ocrx_word' id='word_1_175' title='bbox 1552 2225 1633 2268; x_wconf 90' lang='lat' dir='ltr'><strong>soli</strong></span> <span class='ocrx_word' id='word_1_176' title='bbox 1674 2224 1847 2269; x_wconf 84' lang='lat' dir='ltr'><strong>faciunt</strong></span> 
     </span>
     <span class='ocr_line' id='line_1_23' title="bbox 382 2293 1844 2351; baseline 0.001 -14"><span class='ocrx_word' id='word_1_177' title='bbox 382 2294 542 2351; x_wconf 88' lang='lat' dir='ltr'><strong>quibus</strong></span> <span class='ocrx_word' id='word_1_178' title='bbox 563 2294 676 2338; x_wconf 89' lang='lat' dir='ltr'><strong>uitia</strong></span> <span class='ocrx_word' id='word_1_179' title='bbox 695 2293 880 2351; x_wconf 82' lang='lat' dir='ltr'><strong>placent,</strong></span> <span class='ocrx_word' id='word_1_180' title='bbox 896 2297 1123 2337; x_wconf 84' lang='lat' dir='ltr'><strong>currentes</strong></span> <span class='ocrx_word' id='word_1_181' title='bbox 1140 2293 1185 2336; x_wconf 90' lang='lat' dir='ltr'><strong>in</strong></span> <span class='ocrx_word' id='word_1_182' title='bbox 1203 2297 1389 2337; x_wconf 86' lang='lat' dir='ltr'><strong>mortem</strong></span> <span class='ocrx_word' id='word_1_183' title='bbox 1406 2294 1580 2337; x_wconf 86' lang='lat' dir='ltr'><strong>nemine</strong></span> <span class='ocrx_word' id='word_1_184' title='bbox 1597 2297 1844 2346; x_wconf 89' lang='lat' dir='ltr'><strong>reuocante,</strong></span> 
     </span>
     <span class='ocr_line' id='line_1_24' title="bbox 380 2362 1845 2421; baseline 0.001 -15"><span class='ocrx_word' id='word_1_185' title='bbox 380 2366 461 2407; x_wconf 90' lang='lat' dir='ltr'><strong>aut</strong></span> <span class='ocrx_word' id='word_1_186' title='bbox 486 2364 562 2420; x_wconf 91' lang='lat' dir='ltr'><strong>qui</strong></span> <span class='ocrx_word' id='word_1_187' title='bbox 593 2363 824 2406; x_wconf 87' lang='lat' dir='ltr'><strong>saluantur</strong></span> <span class='ocrx_word' id='word_1_188' title='bbox 853 2363 997 2406; x_wconf 90' lang='lat' dir='ltr'><strong>inuiti.</strong></span> <span class='ocrx_word' id='word_1_189' title='bbox 1058 2362 1175 2406; x_wconf 88' lang='lat' dir='ltr'><strong>Nam</strong></span> <span class='ocrx_word' id='word_1_190' title='bbox 1207 2363 1367 2420; x_wconf 84' lang='lat' dir='ltr'><strong>quibus</strong></span> <span class='ocrx_word' id='word_1_191' title='bbox 1397 2363 1513 2406; x_wconf 90' lang='lat' dir='ltr'><strong>bona</strong></span> <span class='ocrx_word' id='word_1_192' title='bbox 1542 2364 1729 2421; x_wconf 88' lang='lat' dir='ltr'><strong>placent,</strong></span> <span class='ocrx_word' id='word_1_193' title='bbox 1756 2379 1845 2409; x_wconf 92' lang='lat' dir='ltr'><strong>non</strong></span> 
     </span>
    </p>
   </div>
   <div class='ocr_carea' id='block_1_4' title="bbox 378 2467 1846 2665">
    <p class='ocr_par' dir='ltr' id='par_1_6' title="bbox 378 2467 1846 2665">
     <span class='ocr_line' id='line_1_25' title="bbox 384 2467 1846 2523; baseline 0 -17"><span class='ocrx_word' id='word_1_194' title='bbox 384 2479 398 2506; x_wconf 86' lang='grc' dir='ltr'>ι</span> <span class='ocrx_word' id='word_1_195' title='bbox 429 2468 623 2523; x_wconf 84' lang='lat' dir='ltr'><strong>Incipiunt</strong></span> <span class='ocrx_word' id='word_1_196' title='bbox 651 2467 819 2522; x_wconf 81' lang='lat' dir='ltr'><strong>capitula</strong></span> <span class='ocrx_word' id='word_1_197' title='bbox 845 2467 947 2504; x_wconf 80' lang='lat' dir='ltr'><strong>Libri</strong></span> <span class='ocrx_word' id='word_1_198' title='bbox 974 2468 1064 2504; x_wconf 85' lang='lat' dir='ltr'>VIII</span> <span class='ocrx_word' id='word_1_199' title='bbox 1093 2468 1245 2514; x_wconf 85' lang='lat' dir='ltr'><strong>(Octaui</strong></span> <span class='ocrx_word' id='word_1_200' title='bbox 1278 2469 1333 2511; x_wconf 83' lang='lat' dir='ltr'><strong>M)</strong></span> <span class='ocrx_word' id='word_1_201' title='bbox 1361 2468 1490 2505; x_wconf 80' lang='lat' dir='ltr'>GBSM</span> <span class='ocrx_word' id='word_1_202' title='bbox 1516 2474 1548 2505; x_wconf 73' lang='lat' dir='ltr'><strong>et</strong></span> <span class='ocrx_word' id='word_1_203' title='bbox 1576 2475 1657 2515; x_wconf 71' lang='lat' dir='ltr'><strong>post</strong></span> <span class='ocrx_word' id='word_1_204' title='bbox 1685 2472 1846 2516; x_wconf 68' lang='lat' dir='ltr'><strong>capitula</strong></span> 
     </span>
     <span class='ocr_line' id='line_1_26' title="bbox 380 2514 1846 2564; baseline 0.001 -11"><span class='ocrx_word' id='word_1_205' title='bbox 380 2515 602 2563; x_wconf 73' lang='lat' dir='ltr'><strong>Expliemnt</strong></span> <span class='ocrx_word' id='word_1_206' title='bbox 618 2514 789 2563; x_wconf 74' lang='lat' dir='ltr'><strong>capitula</strong></span> <span class='ocrx_word' id='word_1_207' title='bbox 804 2515 890 2551; x_wconf 86' lang='lat' dir='ltr'><strong>CB:</strong></span> <span class='ocrx_word' id='word_1_208' title='bbox 917 2514 971 2552; x_wconf 78' lang='lat' dir='ltr'><strong>Ex</strong></span> <span class='ocrx_word' id='word_1_209' title='bbox 1004 2515 1139 2552; x_wconf 88' lang='lat' dir='ltr'><strong>liciunt</strong></span> <span class='ocrx_word' id='word_1_210' title='bbox 1155 2516 1331 2562; x_wconf 81' lang='lat' dir='ltr'><strong>Capitula</strong></span> <span class='ocrx_word' id='word_1_211' title='bbox 1355 2516 1441 2552; x_wconf 87' lang='lat' dir='ltr'><strong>libri</strong></span> <span class='ocrx_word' id='word_1_212' title='bbox 1465 2516 1601 2553; x_wconf 88' lang='lat' dir='ltr'><strong>Octaui</strong></span> <span class='ocrx_word' id='word_1_213' title='bbox 1619 2516 1678 2552; x_wconf 89' lang='lat' dir='ltr'><strong>M:</strong></span> <span class='ocrx_word' id='word_1_214' title='bbox 1706 2516 1846 2564; x_wconf 88' lang='lat' dir='ltr'><strong>Incipit</strong></span> 
     </span>
     <span class='ocr_line' id='line_1_27' title="bbox 383 2562 1846 2613; baseline 0.001 -13"><span class='ocrx_word' id='word_1_215' title='bbox 383 2563 492 2601; x_wconf 80' lang='lat' dir='ltr'><strong>Liber</strong></span> <span class='ocrx_word' id='word_1_216' title='bbox 521 2563 626 2600; x_wconf 89' lang='lat' dir='ltr'>VIII.</span> <span class='ocrx_word' id='word_1_217' title='bbox 692 2562 849 2610; x_wconf 74' lang='lat' dir='ltr'><strong>Prolguo</strong></span> <span class='ocrx_word' id='word_1_218' title='bbox 878 2563 926 2599; x_wconf 85' lang='lat' dir='ltr'><strong>C:</strong></span> <span class='ocrx_word' id='word_1_219' title='bbox 985 2563 1106 2610; x_wconf 85' lang='lat' dir='ltr'><strong>ncipit</strong></span> <span class='ocrx_word' id='word_1_220' title='bbox 1132 2563 1306 2611; x_wconf 77' lang='lat' dir='ltr'><strong>prologus</strong></span> <span class='ocrx_word' id='word_1_221' title='bbox 1331 2563 1418 2599; x_wconf 86' lang='lat' dir='ltr'><strong>libri</strong></span> <span class='ocrx_word' id='word_1_222' title='bbox 1436 2563 1527 2599; x_wconf 90' lang='lat' dir='ltr'>VIII</span> <span class='ocrx_word' id='word_1_223' title='bbox 1557 2563 1626 2600; x_wconf 74' lang='lat'><strong>138¹</strong></span> <span class='ocrx_word' id='word_1_224' title='bbox 1655 2563 1846 2613; x_wconf 80' lang='lat' dir='ltr'><strong>(prologus</strong></span> 
     </span>
     <span class='ocr_line' id='line_1_28' title="bbox 378 2610 1846 2665; baseline 0.002 -18"><span class='ocrx_word' id='word_1_225' title='bbox 378 2623 471 2648; x_wconf 74' lang='lat' dir='ltr'><strong>eme.</strong></span> <span class='ocrx_word' id='word_1_226' title='bbox 504 2610 580 2650; x_wconf 81' lang='lat'><strong>8¹›:</strong></span> <span class='ocrx_word' id='word_1_227' title='bbox 625 2610 764 2657; x_wconf 84' lang='lat' dir='ltr'><strong>Incipit</strong></span> <span class='ocrx_word' id='word_1_228' title='bbox 797 2610 977 2665; x_wconf 70' lang='lat' dir='ltr'><strong>Prologus</strong></span> <span class='ocrx_word' id='word_1_229' title='bbox 1010 2611 1185 2658; x_wconf 70' lang='lat' dir='ltr'><strong>(Prolgu.</strong></span> <span class='ocrx_word' id='word_1_230' title='bbox 1213 2613 1259 2652; x_wconf 68' lang='lat' dir='ltr'><strong>A,</strong></span> <span class='ocrx_word' id='word_1_231' title='bbox 1291 2611 1392 2648; x_wconf 82' lang='lat' dir='ltr'><strong>Libri</strong></span> <span class='ocrx_word' id='word_1_232' title='bbox 1419 2611 1555 2649; x_wconf 86' lang='lat' dir='ltr'><strong>Octaui</strong></span> <span class='ocrx_word' id='word_1_233' title='bbox 1584 2611 1656 2647; x_wconf 83' lang='lat' dir='ltr'><strong>AM</strong></span> <span class='ocrx_word' id='word_1_234' title='bbox 1822 2614 1846 2650; x_wconf 91' lang='lat'><strong>6</strong></span> 
     </span>
    </p>
   </div>
   <div class='ocr_carea' id='block_1_5' title="bbox 379 2657 1846 2844">
    <p class='ocr_par' dir='ltr' id='par_1_7' title="bbox 379 2657 1846 2844">
     <span class='ocr_line' id='line_1_29' title="bbox 379 2657 1846 2704; baseline 0 -8"><span class='ocrx_word' id='word_1_235' title='bbox 379 2658 512 2696; x_wconf 68' lang='lat' dir='ltr'><strong>millen.</strong></span> <span class='ocrx_word' id='word_1_236' title='bbox 530 2658 566 2694; x_wconf 75' lang='lat' dir='ltr'>M</span> <span class='ocrx_word' id='word_1_237' title='bbox 742 2667 761 2702; x_wconf 89' lang='lat'><em>7</em></span> <span class='ocrx_word' id='word_1_238' title='bbox 788 2657 944 2694; x_wconf 78' lang='lat' dir='ltr'><strong>circlum</strong></span> <span class='ocrx_word' id='word_1_239' title='bbox 962 2659 994 2694; x_wconf 77' lang='lat' dir='ltr'>A</span> <span class='ocrx_word' id='word_1_240' title='bbox 1160 2662 1180 2695; x_wconf 85' lang='lat'><em>8</em></span> <span class='ocrx_word' id='word_1_241' title='bbox 1206 2658 1280 2695; x_wconf 71' lang='lat' dir='ltr'><strong>hiis</strong></span> <span class='ocrx_word' id='word_1_242' title='bbox 1298 2659 1322 2696; x_wconf 90' lang='lat' dir='ltr'>S</span> <span class='ocrx_word' id='word_1_243' title='bbox 1492 2668 1533 2704; x_wconf 91' lang='lat'><strong>17</strong></span> <span class='ocrx_word' id='word_1_244' title='bbox 1557 2658 1796 2696; x_wconf 83' lang='lat' dir='ltr'><strong>atentionem</strong></span> <span class='ocrx_word' id='word_1_245' title='bbox 1813 2659 1846 2696; x_wconf 85' lang='lat' dir='ltr'>A</span> 
     </span>
     <span class='ocr_line' id='line_1_30' title="bbox 384 2705 1279 2744; baseline -0.001 0"><span class='ocrx_word' id='word_1_246' title='bbox 384 2708 426 2744; x_wconf 80' lang='grc'><strong>18</strong></span> <span class='ocrx_word' id='word_1_247' title='bbox 450 2708 490 2743; x_wconf 79' lang='lat' dir='ltr'><strong>ct</strong></span> <span class='ocrx_word' id='word_1_248' title='bbox 509 2705 731 2742; x_wconf 74' lang='lat' dir='ltr'><strong>imminutu-</strong></span> <span class='ocrx_word' id='word_1_249' title='bbox 746 2717 812 2742; x_wconf 87' lang='lat' dir='ltr'><strong>om.</strong></span> <span class='ocrx_word' id='word_1_250' title='bbox 833 2705 930 2742; x_wconf 74' lang='lat' dir='ltr'><strong>S&#39;M’</strong></span> <span class='ocrx_word' id='word_1_251' title='bbox 1071 2715 1115 2743; x_wconf 85' lang='lat'><strong>22</strong></span> <span class='ocrx_word' id='word_1_252' title='bbox 1141 2705 1195 2742; x_wconf 89' lang='lat' dir='ltr'><strong>hii</strong></span> <span class='ocrx_word' id='word_1_253' title='bbox 1213 2706 1279 2743; x_wconf 80' lang='lat' dir='ltr'><strong>SM</strong></span> 
     </span>
     <span class='ocr_line' id='line_1_31' title="bbox 425 2773 1843 2844; baseline 0 -8"><span class='ocrx_word' id='word_1_254' title='bbox 425 2799 450 2836; x_wconf 88' lang='lat'><strong>6</strong></span> <span class='ocrx_word' id='word_1_255' title='bbox 475 2799 612 2835; x_wconf 70' lang='lat' dir='ltr'><strong>Cilica:</strong></span> <span class='ocrx_word' id='word_1_256' title='bbox 641 2797 663 2834; x_wconf 90' lang='lat' dir='ltr'><strong>i.</strong></span> <span class='ocrx_word' id='word_1_257' title='bbox 677 2810 708 2834; x_wconf 82' lang='lat' dir='ltr'><strong>e.</strong></span> <span class='ocrx_word' id='word_1_258' title='bbox 732 2773 902 2844; x_wconf 38' lang='lat' dir='ltr'><strong>Salam</strong></span> <span class='ocrx_word' id='word_1_259' title='bbox 1142 2799 1184 2835; x_wconf 88' lang='lat'><strong>16</strong></span> <span class='ocrx_word' id='word_1_260' title='bbox 1209 2803 1313 2835; x_wconf 73' lang='lat' dir='ltr'><strong>cuae:</strong></span> <span class='ocrx_word' id='word_1_261' title='bbox 1347 2810 1396 2836; x_wconf 74' lang='lat' dir='ltr'><strong>oc.</strong></span> <span class='ocrx_word' id='word_1_262' title='bbox 1422 2798 1588 2836; x_wconf 74' lang='lat' dir='ltr'><strong>&#39;rhomae</strong></span> <span class='ocrx_word' id='word_1_263' title='bbox 1613 2797 1843 2837; x_wconf 83' lang='lat' dir='ltr'><strong>cancellarii.</strong></span> 
     </span>
    </p>
   </div>
   <div class='ocr_carea' id='block_1_6' title="bbox 379 2844 1064 2952">
    <p class='ocr_par' dir='ltr' id='par_1_8' title="bbox 379 2844 1064 2952">
     <span class='ocr_line' id='line_1_32' title="bbox 379 2844 1064 2892; baseline 0 -9"><span class='ocrx_word' id='word_1_264' title='bbox 379 2855 419 2883; x_wconf 73' lang='lat'><strong>2¹</strong></span> <span class='ocrx_word' id='word_1_265' title='bbox 449 2858 512 2882; x_wconf 76' lang='lat' dir='ltr'><strong>mc</strong></span> <span class='ocrx_word' id='word_1_266' title='bbox 529 2847 637 2881; x_wconf 70' lang='lat' dir='ltr'><strong>ceiam</strong></span> <span class='ocrx_word' id='word_1_267' title='bbox 654 2848 724 2882; x_wconf 81' lang='lat' dir='ltr'><strong>etc.</strong></span> <span class='ocrx_word' id='word_1_268' title='bbox 742 2859 750 2882; x_wconf 72' lang='grc' dir='ltr'><strong><em>ε</em></strong></span> <span class='ocrx_word' id='word_1_269' title='bbox 782 2857 812 2883; x_wconf 83' lang='lat' dir='ltr'><strong>v.</strong></span> <span class='ocrx_word' id='word_1_270' title='bbox 833 2844 936 2883; x_wconf 71' lang='lat' dir='ltr'><strong>Eccli</strong></span> <span class='ocrx_word' id='word_1_271' title='bbox 955 2855 1011 2882; x_wconf 82' lang='lat' dir='ltr'><strong>xv.</strong></span> <span class='ocrx_word' id='word_1_272' title='bbox 1032 2855 1064 2892; x_wconf 89' lang='lat'><strong>9.</strong></span> 
     </span>
     <span class='ocr_line' id='line_1_33' title="bbox 490 2916 556 2952; baseline 0 0"><span class='ocrx_word' id='word_1_273' title='bbox 490 2916 556 2952; x_wconf 71' lang='lat'><strong>„⁶</strong></span> 
     </span>
    </p>
   </div>
  </div>
 </body>
</html>
