1988 3250
279 193 366 236 ‘737
382 191 414 228 a
755 179 1018 226 IOANNIS
1057 178 1574 226 SARESBERIENSIS
1673 177 1784 240 [1,111.
1798 189 1891 223 VI11

424 315 575 346 sorum
594 300 868 346 hilaritatem
887 301 1083 345 offendit.
1142 299 1364 357 Quicquid
1390 299 1509 343 enim
1538 300 1586 343 in
1612 299 1701 344 olla
1719 299 1894 343 ferueat

424 373 506 414 aut
524 371 573 413 in
592 371 740 415 culina
759 374 941 430 paretur
959 373 1041 414 aut
1059 373 1317 428 congestum
1337 369 1397 413 sit
1415 369 1463 412 in
1484 369 1789 427 promptuario
1812 372 1894 412 aut

425 440 474 482 in
507 454 660 484 mensa
690 440 979 498 resplendeat,
1014 439 1256 497 insipidum
1290 441 1359 482 est
1390 442 1436 482 et
1470 438 1700 490 insulsum,
1731 438 1771 482 si
1801 453 1892 482 non

379 515 410 554 b
426 509 582 552 hilaris
610 509 765 553 uultus
794 509 958 553 indicio
987 524 1188 567 saporem
1215 508 1392 565 ingerat
1420 507 1636 551 caritatis.
1697 507 1816 550 Nam
1845 511 1892 550 et

425 578 611 636 Iupiter,
629 582 683 622 ut
702 579 750 621 in
770 578 936 622 fabulis
962 581 1041 630 est,
1061 578 1268 635 pauperis
1296 577 1479 634 hospitii
1509 577 1760 634 acceptauit
1789 591 1889 620 0011-
1911 592 1931 626 5

423 647 598 691 uiuium
614 651 660 691 et
674 663 858 706 magnas
874 647 1102 705 reputauit
1118 646 1298 690 delicias
1313 644 1431 703 quod
1447 646 1610 690 deuota
1622 644 1891 690 Philemonis

422 715 632 775 angustia
661 717 948 760 ministrauit.
1020 716 1079 759 Et
1109 716 1286 774 quidem
1316 715 1372 759 de
1401 714 1478 759 illo
1507 715 1676 759 dictum
1706 718 1785 767 est,
1814 715 1891 760 sed

423 787 598 845 optinet
627 783 747 844 apud
775 801 927 830 omnes
956 787 1063 844 quia

883 894 1017 937 super
1045 879 1192 923 omnia
1221 879 1376 922 uultus

596 951 814 981 accessere
842 938 946 982 boni
976 952 1056 981 nec
1085 938 1204 980 iners
1231 951 1487 995 pauperque
1515 934 1734 980 uoluntas.
1910 955 1954 980 10

423 1027 506 1072 Est
531 1043 637 1087 ergo
662 1029 855 1073 ciuiliter
879 1029 1109 1074 conuiuari
1134 1029 1266 1072 hilari
1295 1029 1440 1081 uultu,
1463 1029 1590 1087 larga
1615 1042 1765 1080 manu,
1790 1028 1890 1072 dili-

421 1099 546 1157 genti
565 1099 706 1143 officio
725 1114 930 1143 amenare
950 1099 1219 1152 conuiuium,
1238 1102 1283 1142 et
1304 1100 1422 1157 quod
1447 1100 1495 1142 in
1523 1114 1654 1143 usum
1681 1099 1891 1157 suppetit,

420 1167 577 1211 habita
611 1169 782 1213 ratione
809 1184 1096 1227 personarum
1125 1169 1208 1213 loci
1247 1173 1293 1212 et
1330 1169 1554 1227 temporis,
1579 1169 1768 1227 singulis
1802 1169 1891 1212 dis·

419 1249 618 1294 pensare,
648 1253 739 1282 non
773 1239 952 1296 quidem
984 1253 1040 1282 ex
1071 1238 1259 1282 tristitia
1290 1239 1363 1282 uel
1394 1254 1451 1282 ex
1483 1239 1756 1290 necessitate,
1787 1253 1888 1283 cum

419 1307 608 1352 hilarem
627 1307 828 1352 datorem
853 1310 899 1351 et
918 1307 1040 1351 Deus
1060 1307 1232 1366 diligat.
1292 1307 1348 1350 In
1368 1322 1475 1352 usus
1500 1307 1689 1351 istorum
1713 1307 1818 1352 licet
1841 1311 1889 1352 et
1910 1324 1950 1359 ¹⁵

419 1376 551 1423 Catio
715 1368 728 1387 '

594 1469 698 1498 nere
727 1454 856 1512 signa
884 1454 1013 1498 nouis
1041 1455 1298 1512 praeceptis,
1328 1454 1478 1512 qualia
1506 1455 1692 1499 uincant

377 1524 404 1556 c
572 1513 821 1571 hitagoram
851 1513 1097 1570 Anithique
1127 1528 1251 1557 reum
1281 1513 1547 1571 doctumque
1577 1514 1776 1558 Platona.

417 1594 554 1638 Porro
599 1594 807 1638 conuiuia
850 1593 1154 1651 philosophica
1196 1594 1380 1637 0111111110
1427 1594 1649 1652 castigata
1697 1596 1744 1638 et
1791 1594 1885 1638 suis

418 1662 585 1720 regulis
623 1662 818 1706 limitata
856 1666 975 1715 sunt,
1013 1665 1066 1706 ut
1104 1663 1181 1720 qui
1220 1665 1460 1706 uersantur
1499 1663 1547 1706 in
1588 1663 1659 1707 his
1698 1662 1884 1721 possint,
1904 1680 1950 1706 no

415 1732 542 1776 nulla
579 1732 667 1776 cibi
703 1735 749 1775 et
787 1734 919 1791 potus
950 1732 1218 1790 impediente
1250 1732 1464 1783 molestia,
1499 1732 1591 1776 suis
1630 1732 1784 1777 officiis
1815 1732 1883 1776 in-

415 1802 596 1845 seruire.
656 1802 816 1845 Sobria
843 1802 961 1845 enim
981 1805 1088 1845 sunt
1117 1805 1163 1845 et
1190 1801 1312 1845 omni
1342 1801 1523 1844 luxuria
1546 1802 1766 1860 castigata
1791 1817 1882 1846 non

415 1871 667 1929 impediunt
698 1871 924 1915 Socratem
954 1886 1010 1914 ne
1044 1871 1282 1929 positiuam
1315 1870 1534 1914 iustitiam
1564 1875 1824 1928 exequatur,
1855 1886 1884 1915 a

413 1940 633 1983 naturalis
668 1940 955 1998 inquisitione
991 1940 1219 1984 Platonem
1249 1955 1338 1983 non
1368 1943 1590 1991 reuocant,
1623 1941 1881 1985 memoriam

414 2024 563 2053 rerum
603 2013 831 2067 gestarum
877 2025 967 2053 non
1006 2009 1241 2053 excutiunt
1284 2009 1480 2063 Critiae;
1539 2010 1750 2054 Thimeus
1790 2025 1880 2054 non
1901 2027 1944 2062 ²⁵

414 2079 676 2138 prohibetur
709 2094 864 2123 causas
903 2093 1050 2123 rerum
1081 2079 1280 2123 omnium
1314 2079 1498 2136 aperire,
1533 2094 1613 2123 1100
1657 2079 1818 2138 aliquis
1853 2095 1882 2124 a

414 2163 690 2206 quocumque
717 2149 902 2192 uirtutis
925 2148 1067 2192 officio
1098 2148 1362 2192 retardatur.
1423 2148 1510 2192 Hic
1540 2163 1620 2192 1100
1648 2149 1882 2193 tristitiam

414 2232 494 2261 1100
514 2218 691 2261 uultum
711 2218 915 2261 nubilum
934 2217 1155 2276 contingit
1175 2218 1221 2260 in
1242 2217 1369 2261 bonis
1389 2217 1559 2269 ducere,
1575 2232 1654 2262 nec
1671 2217 1883 2263 Crassum

412 2287 552 2339 illum,
583 2302 714 2344 quem
746 2287 900 2332 Cicero
934 2291 1114 2331 auctore
1154 2286 1325 2331 Lucilio
1358 2286 1493 2330 semel
1527 2286 1575 2331 in
1606 2287 1704 2331 uita
1734 2287 1883 2334 risisse

415 2407 430 2435 1
459 2395 705 2444 hylaritatem
724 2397 764 2434 Μ
896 2406 917 2435 2
944 2395 1180 2444 promtum-io
1199 2395 1231 2432 A
1359 2407 1381 2441 4
1408 2395 1553 2452 hylaris
1570 2396 1644 2433 ΒΜ
1740 2396 1882 2435 iudicio

411 2444 452 2481 Μ
547 2444 728 2482 karitatis
745 2444 785 2481 M
942 2453 959 2491 ς
986 2443 1156 2491 iuppiter
1172 2443 1210 2479 Μ
1366 2445 1389 2481 6
1413 2444 1614 2491 pilemonis
1633 2444 1700 2482 SM
1860 2448 1881 2483 8

411 2491 561 2530 obtinet
579 2491 645 2527 SM
793 2502 837 2530 10
860 2491 988 2529 inhers
1005 2490 1030 2528 S
1192 2492 1235 2528 18
1260 2490 1502 2539 pithagoram
1518 2491 1619 2529 ΑΒΜ
1834 2503 1881 2541 29

410 2539 580 2577 lucilicio
599 2539 637 2575 Μ

456 2644 479 2679 4
503 2634 635 2668 hilario
650 2633 795 2668 uultus:
822 2644 855 2668 v.
874 2629 979 2668 Eccli
997 2642 1105 2667 xxxv.
1130 2641 1182 2668 11.
1364 2641 1399 2677 4,
1418 2640 1436 2680 5
1464 2633 1560 2668 Nam
1577 2636 1608 2667 et
1625 2632 1769 2679 Iupiter
1783 2633 1879 2669 cta:

407 2692 441 2717 v.
461 2681 526 2717 Ov.
544 2682 628 2716 Met.
649 2679 724 2715 viii.
741 2681 813 2716 620
822 2691 923 2725 seqq.
1084 2689 1106 2724 9
1130 2691 1240 2724 nuper
1255 2680 1377 2715 omnia
1395 2681 1466 2716 etc.
1482 2691 1491 2715 ε
1516 2679 1582 2717 Ον.
1597 2680 1683 2716 Met,
1701 2678 1778 2717 viii.
1795 2680 1877 2725 677,

407 2730 490 2773 678.
605 2737 647 2772 14
675 2739 747 2763 non
763 2728 905 2773 quidem
922 2738 967 2763 ex
981 2728 1132 2762 tristitia
1149 2729 1220 2762 etc.
1237 2739 1245 2762 :
1271 2738 1302 2762 v.
1324 2737 1343 2762 2
1363 2726 1446 2763 Cor.
1464 2726 1511 2764 ix.
1533 2735 1564 2772 7.
1684 2735 1723 2771 17
1774 2738 1879 2764 onem

406 2779 502 2813 etc:
528 2774 621 2812 Hor.
637 2776 711 2811 Sat.
731 2774 771 2810 ii.
788 2785 821 2820 4.
842 2784 875 2818 2,
893 2784 926 2821 3.
1109 2784 1152 2819 ²3
1178 2775 1358 2809 Socratem
1374 2777 1471 2811 etos
1498 2786 1530 2810 v.
1548 2772 1717 2810 Chaloid.
1769 2786 1874 2812 omm.

406 2825 448 2860 in
468 2824 559 2860 Tim.
577 2823 671 2859 Plat-
690 2833 720 2859 0.
737 2822 771 2859 6.
916 2822 961 2859 28
989 2821 1160 2858 emaum
1177 2823 1270 2859 etc.:
1297 2833 1328 2857 v.
1348 2820 1424 2859 cic.
1444 2823 1487 2858 dc
1504 2822 1589 2859 Fen.
1609 2833 1639 2858 v.
1657 2831 1704 2868 30
1722 2820 1740 2869 ξ
1759 2831 1818 2868 92.

517 2901 585 2940 27⁴
