1988 3250
157 217 256 251 031³.
269 202 376 266 vn]
665 203 1102 250 POLICRATICVS
1641 200 1715 254 731
1733 202 1764 243 b

155 327 296 371 bonae
316 341 371 370 ex
391 325 520 369 malis
539 325 735 368 moribus
755 327 1054 381 procreantur.
1114 323 1208 368 Lex
1229 339 1402 382 quoque
1416 325 1624 369 Cornelia

155 395 432 453 sumptuaria
461 398 529 438 est
558 394 730 437 adiecta
758 394 991 451 prioribus,
1012 394 1059 436 in
1087 408 1175 451 qua
1202 408 1292 436 non
1317 395 1623 437 conuiuiorum

154 464 484 522 magnificentia
521 462 747 521 prohibita
780 465 848 506 est
879 476 960 506 nec
994 462 1125 519 gulae
1159 462 1317 505 modus
1353 462 1511 513 factus,
1546 463 1623 506 sed

155 534 327 578 minora
346 533 489 591 pretia
509 533 640 576 rebus
660 531 881 589 imposita.
941 531 1030 574 Sed
1055 531 1219 588 quibus
1250 531 1416 576 rebus?
1479 532 1623 584 Quam

118 615 138 650 6
155 603 389 660 exquisitis
415 605 461 646 et
486 616 598 660 pene
624 600 863 659 incognitis
891 600 1129 658 generibus
1153 600 1444 644 deliciarum?
1503 601 1626 654 Quos

154 672 245 716 illic
274 672 414 730 pisces
443 685 639 729 quasque
668 670 825 714 offulas
859 670 1073 721 nominat,
1102 673 1148 713 et
1180 673 1330 713 tamen
1360 670 1506 727 pretia
1535 670 1624 714 illis

154 741 327 785 minora
345 740 604 785 constituit!
648 739 806 783 Ausim
827 739 983 792 dicere,
999 742 1052 783 ut
1068 739 1220 782 uilitas
1236 739 1433 782 edulium
1454 740 1625 783 animos
1642 750 1664 778 c

155 810 383 855 hominum
405 810 462 854 ad
485 809 706 868 parandas
725 809 1006 853 obsoniorum
1026 808 1175 866 copias
1202 808 1409 852 incitaret
1429 812 1474 852 et
1494 809 1625 866 gulae

156 879 322 924 seruire
341 879 476 924 etiam
497 879 574 937 qui
594 879 746 937 paruis
766 882 913 923 essent
940 878 1232 922 facultatibus
1255 881 1447 935 possent.
1503 878 1626 935 'Ergo

67 997 71 1003 ,
99 962 142 990 10
157 949 356 1007 adprime
375 949 629 993 luxuriosus
649 951 695 992 et
713 948 926 1008 prodigus
946 947 1090 991 uideri
1111 949 1259 1005 potest
1277 948 1348 991 cui
1370 948 1477 991 haec
1498 951 1627 991 tanta

155 1019 204 1062 in
235 1019 376 1077 epulis
410 1019 482 1062 uel
515 1019 716 1076 gratuita
746 1020 984 1076 ponantur.
1036 1017 1270 1060 Praeterea
1305 1017 1467 1060 Lucius
1503 1017 1626 1068 Silla,

156 1088 352 1147 Lepidus
363 1088 527 1141 consul,
535 1088 677 1132 Anius
689 1087 840 1131 Restio
856 1087 975 1144 leges
991 1087 1234 1130 traduntur
1249 1086 1404 1129 tulisse
1420 1087 1625 1140 cibarias3

155 1158 218 1202 sic
238 1158 355 1202 enim
375 1157 674 1215 sumptuarias
693 1156 812 1214 leges
827 1155 942 1200 Cato
958 1156 1165 1214 appellat.
1226 1155 1453 1199 Differunt
1473 1160 1623 1200 tamen

157 1227 275 1284 quod
298 1227 488 1271 cibariae
514 1226 664 1284 gulam
689 1225 906 1283 iugulant,
927 1226 1231 1283 sumptuariae
1254 1225 1548 1276 altrimodam,
1574 1228 1627 1268 ut

99 1307 140 1345 τε
158 1296 224 1340 ait
253 1296 561 1347 Portunianus,
590 1295 814 1338 luxuriam
847 1295 1067 1339 cohibent.
1129 1295 1226 1339 Hoc
1257 1299 1406 1338 autem
1437 1310 1626 1352 magnae

157 1365 376 1409 libertatis
395 1364 600 1408 laudibus
620 1365 747 1407 effert
770 1364 899 1422 quod,
919 1379 1019 1408 cum
1040 1364 1207 1408 multae
1227 1364 1346 1422 leges
1365 1364 1420 1407 de
1441 1364 1560 1407 cenis
1580 1367 1627 1407 et

156 1434 406 1492 sumptibus
414 1433 639 1477 ferrentur
651 1433 706 1476 ad
718 1433 1352 1491 populum‚castigantissimae
1364 1433 1484 1476 illius
1497 1433 1628 1490 uigor

156 1502 235 1546 diu
253 1502 449 1560 optinuit
469 1516 582 1559 quae
600 1501 665 1544 nil
686 1502 922 1546 obscenum
940 1502 1076 1545 habet
1091 1502 1198 1559 quia
1218 1502 1282 1544 nil
1303 1502 1464 1559 probat
1484 1502 1625 1545 occul-

156 1574 267 1617 tum.
325 1571 552 1630 Praecepit
575 1571 692 1615 enim
713 1573 766 1614 ut
785 1572 1043 1629 patentibus
1067 1572 1214 1615 ianuis
1234 1572 1562 1629 pransitaretur
1581 1574 1627 1615 et
1644 1574 1673 1614 d

89 1650 141 1681 ‘ao
157 1641 437 1691 cenitaretur,
456 1642 509 1683 ut
543 1637 605 1684 sic
639 1640 778 1684 oculis
817 1641 985 1684 ciuium
1026 1641 1216 1684 testibus
1257 1640 1389 1684 factis
1420 1641 1626 1684 luxuriae

157 1709 314 1754 modus
347 1710 485 1754 fieret.
549 1709 646 1754 Hoc
678 1713 827 1753 autem
861 1711 960 1754 ideo
992 1714 1094 1754 tuto
1125 1711 1285 1768 probat
1313 1711 1626 1762 Portunianus,

157 1779 263 1837 quia
311 1779 430 1837 apud
469 1778 682 1836 populum
725 1779 993 1836 castigatum
1035 1783 1080 1823 et
1119 1780 1377 1837 posterioris
1425 1783 1627 1837 respectu

155 1862 338 1892 aureum
358 1847 480 1892 laudi
500 1851 596 1892 erat
617 1847 866 1906 frugalitas,
883 1851 929 1892 et
949 1852 1191 1907 paupertas
1211 1864 1301 1892 non
1325 1852 1502 1907 poterat
1530 1864 1624 1892 esse

158 1918 430 1976 contemptui
464 1917 536 1961 uel
568 1918 746 1971 rubori3
779 1933 859 1962 nec
890 1919 1134 1962 uerendum
1171 1922 1268 1962 erat
1300 1922 1353 1962 ut
1383 1919 1440 1962 ad
1472 1933 1625 1962 cenam

100 1999 144 2036 ²5
160 1987 349 2031 alienam
383 1987 600 2045 quispiam
635 1987 847 2031 incitatus
878 1988 1160 2046 impudenter
1190 1988 1390 2032 irrueret.
1463 1988 1626 2045 Super-

161 2055 312 2099 uenire
351 2056 468 2099 enim
508 2056 673 2100 fabulis
712 2072 801 2101 non
840 2061 1046 2102 euocatos
1090 2058 1210 2101 haud
1250 2058 1454 2115 equidem
1494 2061 1626 2115 turpe

160 2123 592 2181 W
658 2143 699 2182 15
725 2135 998 2183 portuanianus
1014 2136 1054 2173 M
1242 2137 1283 2173 18
1309 2135 1480 2183 optinuit
1497 2136 1563 2189 diu
1578 2135 1626 2171 A¹

160 2213 454 2298 ἰὲυῗοόοέιέἔω]
471 2215 727 2252 uerecundum
744 2216 785 2253 Μ
928 2228 948 2254 2
954 2226 972 2265 5
999 2216 1187 2255 inuitatus
1203 2218 1236 2254 A
1373 2218 1418 2255 26
1443 2184 1581 2254 &fiilis
1594 2217 1627 2253 A

212 2338 254 2375 13
279 2330 462 2374 Differam
478 2335 597 2366 tamen
614 2331 685 2367 etc.
703 2340 714 2366 τ
740 2329 857 2368 Plane
871 2330 989 2369 etiam
1000 2331 1098 2368 haec
1111 2342 1157 2368 ex
1172 2330 1355 2368 Macrobii
1367 2333 1627 2368 Saturnalibus

162 2375 360 2423 desumpta
387 2378 487 2420 sunt,
516 2376 618 2413 haud
643 2378 781 2414 tamen*
798 2378 840 2415 in
868 2378 1150 2426 exemplaribus
1182 2379 1321 2416 nostris
1353 2378 1624 2425 inveniuntur;

161 2435 196 2478 y.
218 2424 392 2478 Classiqal
409 2425 542 2459 Review
557 2423 607 2460 xi.
626 2436 664 2471 p.
682 2435 763 2469 441.
956 2437 1000 2471 14
1025 2428 1276 2463 altrimodam:
1303 2427 1383 2463 Hoc
1401 2426 1624 2462 vocabulum

161 2482 204 2506 111
227 2469 373 2524 Lexicis
397 2470 522 2513 deest3
553 2472 747 2508 altrimoda
773 2474 924 2509 luxuria
948 2476 1007 2510 est
1028 2486 1158 2511 eorum
1175 2474 1241 2520 qui
1259 2476 1371 2510 altero
1388 2476 1490 2510 modo
1510 2486 1626 2520 quam

161 2517 297 2600 φύσει]
313 2518 412 2554 sicut
428 2520 638 2554 multimoda
655 2530 785 2556 eorum
802 2520 866 2566 qui
885 2523 1008 2557 multis
1024 2523 1138 2558 modis
1154 2521 1407 2558 luxuriantur.
1456 2522 1534 2557 Aut
1551 2522 1625 2558 duo

181 2575 337 2619 uxum-ze
349 2576 493 2618 genera
505 2577 617 2612 supra
627 2565 856 2604 distinxerat
870 2567 1082 2605 Macrobius
1094 2582 1102 2610 ;
1128 2572 1197 2605 aut
1216 2571 1310 2605 alter
1324 2569 1387 2604 hic
1404 2567 1506 2605 idem
1524 2570 1626 2615 quod

163 2613 262 2648 alius
277 2612 475 2657 sigmficat.
583 2623 627 2659 19
650 2614 744 2650 Prae
808 2617 837 2650 it
853 2617 948 2651 enim
966 2618 1059 2652 etc.:
1084 2629 1116 2652 v.
1136 2617 1302 2653 Macrob.
1321 2619 1395 2652 Sat.
1414 2615 1469 2652 iii.
1491 2626 1531 2660 17
1552 2616 1569 2663 ξ
1595 2628 1622 2653 1.

165 2669 207 2695 21
235 2659 313 2694 Hoc
322 2664 442 2694 autem
452 2660 530 2694 ideo
540 2660 629 2697 etc.:
649 2659 775 2697 Etiam
814 2673 856 2698 oc
867 2663 967 2709 apud
980 2663 1215 2700 Macrobium
1226 2663 1339 2700 hodie
1354 2675 1431 2699 non
1444 2662 1625 2709 legimus;

163 2717 196 2741 v.
213 2706 385 2759 qlaqsical
400 2707 536 2759 Review
551 2706 623 2743 loc.
641 2718 753 2753 supra
769 2708 833 2745 cit.
970 2720 1012 2756 25
1040 2713 1231 2747 incitatus:
1259 2711 1318 2747 Ita
1335 2723 1382 2748 ex
1398 2710 1627 2747 auctoritate

165 2763 317 2788 maioris
333 2753 504 2789 codicum
520 2753 637 2799 partis
653 2755 793 2802 scripsi.
841 2755 943 2792 Olim
963 2759 1155 2803 (Classical
1171 2760 1309 2794 Review
1323 2758 1394 2795 loc.
1413 2769 1527 2804 supra
1544 2758 1625 2803 cit.)

163 2801 265 2835 haud
278 2801 456 2835 inuitatus
467 2811 536 2846 pro
549 2802 728 2838 inuitatus
765 2803 846 2839 osui
859 2817 867 2846 ;
888 2816 962 2850 qua
975 2804 1193 2842 coniectura
1205 2816 1299 2852 opus
1310 2817 1387 2842 non
1402 2806 1472 2841 est.
1568 2815 1625 2852 25,

165 2847 212 2884 26
234 2848 475 2893 Super-uenire
487 2849 582 2884 etc.=
607 2814 772 2887 Macroii.
789 2851 863 2888 Sat.
879 2850 906 2888 i.
923 2861 943 2896 7
963 2851 981 2899 ξ
1004 2862 1058 2888 10.

1446 2907 1513 2949 263
