1988 3250
286 249 369 290 795
387 250 417 285 a.
759 237 963 282 IOANN
966 237 1024 281 IS
1064 236 1576 281 SARESBERIENSIS
1679 234 1792 296 [ΜΒ.
1805 248 1898 280 VI11

432 357 735 415 percussitque
762 357 959 401 Sisaram
985 372 1200 415 quaerens
1226 357 1274 399 in
1300 356 1446 414 capite
1473 357 1669 400 uulneris
1689 357 1833 400 locum
1855 359 1902 399 et

431 430 609 484 tempus
639 427 787 470 ualide
818 427 1061 484 perforans.
1130 427 1193 469 Vt
1231 429 1382 469 autem
1421 429 1468 469 et
1507 426 1564 469 ab
1602 426 1691 469 alia
1729 428 1902 469 constet

432 496 620 539 historia
639 496 807 540 iustum
828 511 922 539 esse
942 496 1139 553 publicos
1160 495 1297 539 occidi
1317 495 1519 538 tirannos
1540 498 1585 538 et
1611 495 1823 552 populum
1842 494 1901 537 ad

434 565 518 609 Dei
558 566 817 623 obsequium
855 565 1046 616 liberari,
1085 565 1170 622 ipsi
1209 579 1382 621 quoque
1422 564 1670 608 sacerdotes
1719 563 1900 607 Domini

386 636 417 676 b
434 650 585 679 necem
619 650 770 678 eorum
802 638 1014 692 reputant
1046 635 1257 691 pietatem
1290 637 1348 685 et,
1378 634 1416 676 si
1449 634 1557 690 quid
1591 633 1681 676 doli
1721 633 1902 676 uidetur
1920 650 1940 684 5

433 705 596 748 habere
627 705 878 762 imaginem,
909 704 1120 761 religione
1154 703 1341 746 misterii
1374 703 1529 745 dicunt
1568 702 1760 746 Domino
1797 717 1902 746 con-

433 777 663 818 secratum.
723 774 797 817 Sic
818 773 1083 816 Holofernes
1103 787 1192 815 non
1207 772 1378 815 uirtute
1398 771 1548 814 hostili
1569 771 1646 814 sed
1666 771 1758 814 suis
1777 771 1904 815 uitiis

432 843 584 901 gladio
614 843 812 886 mulieris
840 843 1046 886 occubuit
1076 845 1132 893 et,
1167 841 1244 898 qui
1274 841 1385 884 uiris
1414 840 1710 884 formidabilis
1741 840 1903 894 fuerat,

434 913 615 956 luxuria
642 915 689 955 et
714 913 928 956 ebrietate
955 912 1112 963 uictus,
1136 925 1164 953 a
1191 910 1359 953 femina
1381 909 1644 953 interfectus
1668 912 1748 954 est.
1807 909 1902 954 Nec

435 981 627 1025 feminae
665 982 724 1024 ad
769 982 996 1024 tirannum
1046 980 1264 1038 patuisset
1311 993 1521 1030 accessus,
1560 979 1647 1022 nisi
1697 979 1902 1022 hostilem
1925 997 1965 1022 10

433 1051 633 1094 animum
659 1051 734 1108 pia
758 1050 1040 1094 simulatione
1067 1050 1264 1093 texisset.
1325 1049 1430 1093 Non
1451 1052 1519 1093 est
1539 1049 1657 1092 enim
1677 1048 1804 1092 dolus
1824 1048 1903 1106 qui

435 1121 575 1163 seruit
605 1120 708 1164 fidei
749 1123 795 1163 et
834 1120 1000 1163 militat
1028 1119 1217 1163 caritati.
1289 1118 1519 1176 Siquidem
1549 1118 1652 1162 fidei
1686 1122 1754 1162 est
1785 1118 1904 1175 quod

435 1190 635 1247 increpat
655 1189 901 1233 sacerdotes
921 1189 998 1246 qui
1025 1188 1203 1232 diuinae
1227 1188 1502 1231 miserationi
1528 1188 1904 1246 praescripserant

434 1262 611 1316 tempus
640 1274 696 1302 ex
726 1262 855 1316 pacto
885 1259 1087 1302 hostibus
1117 1273 1163 1302 se
1193 1258 1388 1301 dedituri
1419 1262 1466 1302 et
1489 1258 1658 1311 urbem,
1677 1258 1764 1301 nisi
1783 1257 1904 1300 infra

435 1329 631 1386 quinque
671 1329 764 1372 dies
804 1329 867 1372 eis
907 1328 1124 1372 Dominus
1157 1329 1426 1372 subueniret.
1499 1327 1715 1372 Caritatis
1753 1330 1904 1371 autem
1926 1342 1966 1378 15

438 1399 555 1455 quod
585 1398 709 1442 nulla
739 1398 1011 1442 formidabat
1039 1399 1245 1456 pericula,
1275 1399 1382 1442 dum
1413 1398 1576 1441 fratres
1606 1401 1653 1441 et
1691 1397 1905 1455 populum

442 1468 621 1511 Domini
649 1468 706 1511 ab
732 1468 933 1511 hostibus
960 1468 1181 1512 liberaret.
1241 1467 1359 1511 Nam
1384 1472 1430 1512 ct
1457 1469 1538 1512 hoc
1565 1467 1832 1525 egredientis
1858 1467 1907 1510 in

402 1551 428 1581 c
443 1537 630 1580 salutem
670 1537 870 1581 indicant
907 1537 1067 1580 uerba:
1111 1538 1210 1588 Fac,
1244 1538 1402 1595 inquit,
1435 1537 1636 1590 Domine,
1670 1540 1724 1581 ut
1757 1537 1907 1595 gladio

439 1607 618 1664 proprio
640 1607 734 1650 eius
753 1607 959 1664 superbia
984 1609 1243 1664 amputetur
1268 1610 1314 1650 et
1342 1607 1544 1664 capiatur
1573 1607 1730 1664 laqueo
1760 1607 1906 1650 oculo·

434 1690 533 1718 rum
549 1690 729 1718 suorum
745 1676 792 1718 in
812 1691 893 1726 me,
909 1678 955 1719 et
974 1676 1193 1733 percuties
1209 1691 1309 1719 eum
1325 1691 1382 1719 ex
1402 1676 1532 1719 labiis
1547 1676 1747 1719 caritatis
1763 1691 1901 1720 meae.
1926 1688 1970 1714 ὀ

435 1744 507 1788 Da
535 1744 668 1787 michi
699 1744 745 1787 in
775 1745 923 1788 animo
953 1746 1247 1788 constantiam
1278 1748 1330 1788 ut
1360 1748 1670 1802 contempnam
1700 1745 1828 1788 illum
1857 1749 1905 1789 et

435 1814 650 1856 uirtutem
680 1817 732 1857 ut
760 1817 958 1857 euertam
988 1829 1100 1858 eum.
1161 1814 1261 1857 Erit
1289 1815 1407 1858 enim
1438 1814 1691 1857 memoriale
1711 1814 1903 1858 nominis

436 1883 516 1934 tui,
532 1897 631 1926 cum
652 1897 810 1925 manus
826 1882 1016 1926 feminae
1037 1883 1244 1927 deiecerit
1264 1898 1378 1928 eum.
1418 1883 1606 1927 Vocauit
1626 1898 1731 1942 ergo
1750 1883 1906 1927 abram

435 1967 561 1995 suam
589 1954 634 1995 et
657 1951 922 1994 descendens
948 1953 994 1994 in
1021 1953 1201 1996 domum
1228 1967 1354 1996 suam
1382 1953 1570 1996 abstulit
1596 1967 1624 1996 a
1643 1967 1690 1997 se
1709 1952 1902 1997 cilicium

436 2026 483 2065 et
502 2021 628 2065 exuit
642 2035 688 2064 se
703 2021 902 2064 uestibus
923 2021 1168 2073 uiduitatis,
1184 2025 1229 2066 et
1250 2022 1362 2065 lauit
1374 2036 1532 2080 corpus
1547 2037 1688 2075 suum,
1705 2025 1750 2066 et
1770 2022 1904 2066 unxit
1926 2034 1969 2069 ²5

436 2105 483 2134 se
523 2090 660 2133 mirra
697 2090 877 2147 optima,
912 2094 958 2133 et
989 2091 1314 2135 discriminauit
1346 2091 1511 2135 crinem
1551 2091 1711 2148 capitis
1745 2091 1826 2142 sui,
1858 2095 1905 2136 et

438 2159 650 2216 imposuit
678 2159 856 2202 mitram
887 2174 1020 2217 super
1046 2163 1180 2218 caput
1209 2175 1355 2214 suum,
1383 2164 1429 2204 et
1457 2160 1606 2204 induit
1632 2175 1679 2204 se
1706 2160 1906 2204 uestibus

439 2228 724 2272 iocunditatis
747 2243 863 2279 suae,
884 2229 1064 2286 cingens
1084 2230 1340 2273 sandalibus
1360 2230 1492 2287 pedes
1513 2244 1627 2282 suos,
1647 2229 1924 2287 assumpsit,-

393 2295 422 2334 d
440 2312 525 2355 que
564 2297 785 2341 dextralia
824 2301 869 2341 et
909 2298 1003 2341 lilia
1035 2303 1080 2342 et
1114 2299 1291 2342 inaures
1327 2302 1372 2342 et
1405 2299 1573 2350 anulos,
1622 2302 1668 2343 et
1706 2299 1911 2343 omnibus

438 2367 711 2411 ornamentis
749 2367 842 2411 suis
875 2369 1055 2412 ornauit
1088 2383 1145 2413 se.
1221 2368 1510 2426 Contulitque
1552 2368 1592 2412 ei
1631 2368 1908 2426 splendorem
1927 2380 1972 2416 39

441 2516 462 2542 2
488 2505 630 2552 timpus
646 2503 777 2541 AS¹M¹
940 2505 964 2541 6
987 2504 1203 2552 ymaginem
1222 2504 1261 2540 M
1375 2504 1547 2552 mysterii
1565 2504 1605 2542 M
1779 2513 1819 2551 ις
1846 2517 1868 2541 v
1885 2504 1910 2542 S

444 2554 487 2589 16
511 2552 734 2589 formidauit
750 2551 774 2588 S
945 2562 997 2597 19,
1018 2562 1064 2587 20
1088 2553 1303 2589 occulorum
1323 2552 1367 2587 A*
1514 2563 1553 2589 21
1585 2554 1830 2591 contemnam
1847 2552 1910 2589 CB

442 2609 483 2646 25
506 2605 588 2646 pose
604 2599 803 2637 uiduitatis
820 2601 904 2637 add.
922 2611 987 2637 aue
1005 2599 1038 2635 Δ
1182 2611 1228 2647 30
1253 2600 1512 2638 homamcntis
1529 2600 1554 2637 S
1649 2599 1830 2638 hornauit
1847 2599 1873 2638 S

489 2740 509 2776 7
535 2732 768 2778 Holofernae:
796 2731 835 2768 in
853 2731 949 2769 libro
967 2730 1109 2768 Iudith.
1290 2734 1500 2779 3s'ncrepat
1516 2734 1608 2770 eta:
1635 2744 1666 2769 v.
1685 2731 1815 2770 Iudith
1833 2731 1912 2771 viii.

439 2782 717 2825 9seqq.18
743 2781 817 2816 lv'ac
834 2782 930 2816 eta:
957 2779 1109 2815 Iudith
1099 2790 1148 2815 ιι
1166 2788 1256 2816 12sc
1417 2790 1462 2826 ²3
1495 2781 1642 2817 Vocauit
1658 2782 1755 2817 eta:
1781 2779 1910 2817 Iudith

439 2837 476 2910 ξ.
492 2837 668 2911 5:333&
686 2873 734 2911 m
751 2873 824 2913 ιω
835 2837 881 2874 29
903 2828 1107 2864 dextralia.
1132 2826 1189 2864 cd.
1208 2826 1239 2863 V
1242 2792 1319 2875 υἹς.
1338 2826 1524 2865 hodierna
1539 2829 1756 2865 dextraliola
1772 2826 1911 2876 haben

549 2943 616 2992 ³7⁶
