1988 3250
152 229 253 264 eu.
267 216 390 277 xvn]
667 215 1105 261 POLICRATICVS
1636 218 1719 268 780
1737 216 1766 257 d

152 350 286 395 quam
319 336 505 395 pedibus
538 335 700 380 uestris
732 335 996 386 turbabatis,
1024 338 1071 379 et
1101 350 1206 379 oues
1236 351 1358 380 meae
1387 336 1475 380 11116
1504 350 1618 394 quae

152 405 406 450 conctsscats.
438 405 624 463 pedibus
662 404 824 448 uestris
863 403 1046 447 fuerant
1079 405 1387 461 pascebantur,
1421 409 1467 449 et
1505 420 1619 462 quse

152 474 284 533 pedes
314 475 453 518 uestri
486 474 791 524 turbauerant,
822 473 930 516 11666
964 473 1188 517 bibebant.
1247 474 1485 531 Propterea
1522 489 1620 517 ecce

152 545 247 602 ipse
271 543 418 588 iudico
446 543 565 587 inter
593 557 726 601 pecus
752 542 918 600 pingue
944 545 991 585 et
1017 541 1303 585 macilentum
1331 556 1411 599 pro
1430 558 1482 586 eo
1502 543 1620 599 quod
1638 544 1709 594 781
1728 555 1758 582 a

115 624 136 662 5
152 612 366 658 lateribus
385 614 431 656 et
449 611 646 656 humeris
665 611 980 669 impingebatis
1001 614 1047 654 et
1067 610 1274 654 cornibus
1294 611 1457 654 uestris
1476 612 1621 654 uenti-

152 681 314 726 labatis
343 681 493 726 omnia
522 681 700 724 infirma
732 694 891 738 peoora.
921 679 1059 724 donec
1092 679 1455 736 dispergerentur
1489 680 1621 724 foras.

153 750 481 797 Mercennarius
514 753 664 794 autem
697 763 803 794 oues
838 748 1017 807 quidem
1047 748 1120 792 uel
1155 748 1299 806 specie
1328 749 1494 806 pascit;
1533 749 1623 799 sed,

154 820 260 878 quia
287 819 437 863 omnia
467 819 577 864 facit
607 819 665 863 ad
696 818 901 876 pretium,
921 817 959 862 si
994 817 1151 875 lupum
1182 817 1337 861 uideat
1366 818 1622 868 irruentem,

155 889 346 935 dimittit
363 903 469 933 oues
492 891 538 933 et
564 888 685 947 fugit
710 888 787 946 qui
814 902 903 931 non
929 891 1082 945 pastor
1107 886 1184 930 sed
1204 888 1532 931 mercennarius
1555 892 1624 931 est

95 977 140 1003 το
156 973 236 1005 1166
271 958 449 1016 quidem
486 958 639 1003 ouium
673 957 750 1001 sed
785 956 897 1000 lucri
935 971 1087 1001 curam
1127 956 1274 1006 habet,
1307 956 1429 1001 canis
1468 957 1623 1014 utique

155 1031 319 1079 mutus,
338 1027 503 1071 latrare
523 1042 612 1071 non
633 1026 787 1071 ualens
809 1030 862 1070 ut
880 1026 952 1070 uel
973 1026 1163 1070 clamore
1184 1027 1230 1069 et
1249 1026 1448 1070 tumultu
1468 1026 1623 1083 lupum

156 1098 402 1143 absterreat
417 1096 668 1141 uenientem
683 1113 694 1149 ;
713 1096 931 1154 siquidem
949 1110 1050 1140 eum
1066 1095 1195 1139 timet
1214 1095 1291 1152 qui
1313 1096 1624 1153 temporalium

156 1167 337 1225 dirripit
355 1166 627 1218 facultatem,
646 1168 693 1210 et
712 1180 812 1211 eum
828 1180 917 1210 non
931 1165 1127 1210 attendit
1146 1165 1224 1223 qui
1243 1165 1438 1208 animam
1458 1166 1625 1210 crucia-

157 1240 288 1282 turus
316 1239 384 1281 est
412 1235 460 1279 in
490 1236 704 1294 gehenna.
762 1234 902 1280 Gecus
931 1234 1150 1292 siquidem
1180 1238 1248 1278 est
1276 1234 1334 1278 sd
1362 1235 1551 1292 grandia
1579 1238 1626 1278 et

99 1320 141 1356 15
160 1320 272 1364 quae
306 1305 472 1349 nullius
505 1308 612 1349 sunt
641 1304 946 1363 perhorrescit.
1006 1304 1073 1348 De
1108 1304 1178 1348 his
1212 1304 1382 1361 inquit:
1423 1304 1489 1348 Ve
1525 1319 1625 1362 pro·

158 1375 306 1434 phetis
324 1374 636 1432 insipientibus
655 1374 732 1432 qui
758 1377 1008 1432 sequuntur
1034 1373 1243 1431 spiritum
1269 1388 1400 1417 suum
1424 1378 1470 1418 et
1489 1374 1626 1418 nichil

159 1444 343 1496 uident3
370 1443 497 1502 qussi
518 1443 675 1501 uulpes
694 1443 743 1487 in
759 1443 946 1487 desertis
960 1443 1204 1500 prophetae
1220 1443 1300 1494 tui,
1320 1442 1475 1488 Israel.
1523 1443 1625 1486 Non
1643 1448 1672 1486 b

159 1512 416 1559 ascendistis
440 1527 496 1556 ex
519 1513 706 1557 aduerso
732 1527 875 1570 neque
902 1512 1171 1570 opposuistis
1197 1526 1374 1556 murum
1395 1527 1477 1570 pro
1495 1513 1627 1556 domo

159 1581 298 1628 Israel
331 1584 384 1626 ut
411 1582 590 1629 staretis
619 1582 666 1626 in
695 1582 863 1639 praelio
892 1582 939 1627 in
969 1582 1042 1625 die
1072 1581 1264 1625 Domini.
1325 1580 1476 1626 Nichil
1508 1582 1626 1626 enim

101 1673 146 1700 66
160 1652 209 1699 in
250 1651 314 1696 eis
351 1651 571 1696 libertatis
609 1655 678 1696 est
710 1655 763 1695 ut
797 1651 952 1695 mundi
987 1650 1284 1709 potestatibus
1316 1651 1627 1708 obloquantur,

160 1721 296 1766 nichil
318 1721 503 1766 uirtutis
527 1724 582 1765 ut
606 1722 843 1766 ueritatem
867 1721 915 1764 in
939 1720 1134 1778 periculo
1155 1723 1388 1772 tueantur;
1418 1721 1466 1763 in
1485 1722 1626 1765 omni-

162 1789 243 1835 bus
256 1790 439 1842 lucrum,
450 1790 499 1835 in
512 1790 647 1834 nullis
662 1793 742 1835 aut
754 1791 906 1848 paucis
918 1793 1141 1847 quaerunt
1156 1789 1347 1833 salutem
1362 1791 1626 1835 animarum.

161 1859 281 1906 Dum
312 1860 360 1905 in
393 1860 486 1904 suis
514 1860 758 1918 optineant,
787 1860 894 1903 dum
928 1860 986 1903 611
1016 1859 1273 1903 ambitionis
1302 1862 1382 1904 6111
1411 1860 1629 1904 auaritiae

161 1928 366 1974 succedat
394 1932 562 1979 uotum.
596 1944 748 1973 eorum
779 1943 892 1987 quse
931 1928 1069 1974 Ihesu
1103 1927 1273 1972 Christi
1313 1931 1419 1972 sunt
1457 1929 1630 1973 iactura

105 2011 145 2048 ⁸5
163 1998 502 2056 contempnitur.
560 1998 662 2043 Fiet
680 2013 771 2056 pax
785 1999 833 2042 in
852 1998 1009 2042 diebus
1028 2012 1194 2049 eorum,
1213 1998 1306 2042 sint
1325 1998 1492 2042 fetosae
1512 2013 1630 2048 oues,

163 2065 299 2111 boues
335 2081 518 2120 crassae,
555 2067 860 2126 promptuaria
898 2068 1041 2126 plena,
1080 2068 1190 2112 cibis
1228 2071 1275 2113 61
1309 2068 1429 2112 116616
1468 2072 1630 2112 onusta

164 2149 316 2181 mensa
353 2135 401 2180 in
438 2136 775 2181 admirationem
814 2137 1087 2181 intuentium
1122 2137 1365 2195 splendeat,
1399 2138 1550 2180 uariae
1584 2142 1630 2181 et

164 2204 382 2262 pretiosae
396 2205 709 2263 suppellectilis
723 2220 931 2264 operosus
941 2206 1089 2251 cultus
1101 2206 1342 2258 habundet,
1356 2207 1630 2250 honorentur

169 2275 215 2317 et
251 2272 454 2318 6016111111·
492 2289 520 2318 6
557 2274 712 2325 turbis,
753 2275 966 2326 ditentur,
1004 2275 1247 2319 uisitentur
1285 2290 1313 2318 6
1350 2276 1543 2320 subditis
1581 2276 1629 2319 in

107 2353 153 2388 ⁸⁰
169 2342 436 2392 muneribus,
455 2343 516 2386 sit
540 2343 728 2400 denique
754 2343 942 2397 liberum
969 2344 1150 2402 impune
1177 2347 1224 2388 et
1242 2345 1337 2388 sine
1357 2347 1464 2388 nota.
1485 2344 1629 2389 facere
1647 2358 1672 2388 c

169 2410 377 2467 quicquid
405 2410 543 2457 libido
569 2411 816 2463 dictauerit‚
844 2413 902 2456 611
931 2413 1107 2471 singula
1137 2413 1310 2457 dicent:
1342 2414 1478 2471 Euge,
1507 2429 1629 2472 euge.

169 2482 223 2523 ut
259 2478 389 2525 iuxta
425 2479 766 2539 increpationem
805 2483 1107 2540 propheticam
1147 2483 1244 2526 luto
1282 2483 1448 2542 absque
1493 2484 1632 2541 paleis

173 2609 188 2638 1
215 2598 275 2636 his
292 2599 333 2635 M
463 2610 504 2646 13
528 2599 663 2647 diripit
679 2600 771 2638 BAS
905 2604 948 2640 16
972 2605 1154 2641 secuntur
1170 2602 1238 2639 SM
1374 2613 1415 2648 17
1441 2603 1582 2641 israhel
1599 2605 1632 2641 A

218 2718 239 2755 7
266 2710 540 2748 Mercennarius
554 2710 649 2746 etc.:
675 2721 707 2746 v.
727 2709 856 2747 Ioann.
872 2722 907 2748 x.
927 2720 982 2754 12,
999 2721 1054 2756 13.
1202 2722 1246 2751 10
1269 2714 1373 2749 oanis
1391 2714 1484 2750 etc.:
1510 2725 1542 2750 v.
1560 2713 1631 2750 166.

170 2756 233 2795 lvi.
254 2767 309 2795 ιο.
529 2766 570 2793 12
595 2768 675 2792 eum
690 2759 788 2794 timet
805 2759 899 2794 etc.:
926 2770 958 2793 v.
978 2758 1087 2796 Matt.
1107 2770 1142 2795 x.
1160 2760 1218 2796 28.
1435 2770 1490 2807 15,
1512 2763 1556 2798 16
1587 2763 1633 2796 Ve

163 2804 441 2898 {fflpffegigegff-
457 2814 466 2841 ἔ
493 2802 623 2842 Ezech·
637 2803 717 2841 xiii
729 2813 809 2853 3-5.
904 2816 949 2852 32
975 2807 1050 2845 luto
1061 2808 1190 2855 absque
1197 2808 1317 2854 paleis
1329 2809 1401 2844 etc.
1416 2817 1426 2843 :
1444 2820 1476 2844 v.
1494 2807 1630 2846 Ezech.

1462 2934 1522 2969 3⁵1
