<?xml version="1.0" encoding="UTF-8"?>
<!DOCTYPE html PUBLIC "-//W3C//DTD XHTML 1.0 Transitional//EN"
    "http://www.w3.org/TR/xhtml1/DTD/xhtml1-transitional.dtd">
<html xmlns="http://www.w3.org/1999/xhtml" xml:lang="en" lang="en">
 <head>
  <title>
</title>
<meta http-equiv="Content-Type" content="text/html;charset=utf-8" />
  <meta name='ocr-system' content='tesseract 3.04.00' />
  <meta name='ocr-capabilities' content='ocr_page ocr_carea ocr_par ocr_line ocrx_word'/>
</head>
<body>
  <div class='ocr_page' id='page_1' title='image "./policraticisived02john_0132.png"; bbox 0 0 1988 3250; ppageno 0'>
   <div class='ocr_carea' id='block_1_1' title="bbox 236 203 1851 266">
    <p class='ocr_par' dir='ltr' id='par_1_1' title="bbox 236 203 1851 266">
     <span class='ocr_line' id='line_1_1' title="bbox 236 203 1851 266; baseline 0 -17"><span class='ocrx_word' id='word_1_1' title='bbox 236 209 318 259; x_wconf 77' lang='lat'>652</span> <span class='ocrx_word' id='word_1_2' title='bbox 330 209 361 249; x_wconf 87' lang='lat' dir='ltr'>b</span> <span class='ocrx_word' id='word_1_3' title='bbox 709 205 971 251; x_wconf 87' lang='lat' dir='ltr'>IOANNIS</span> <span class='ocrx_word' id='word_1_4' title='bbox 1011 205 1528 250; x_wconf 86' lang='lat' dir='ltr'>SARESBERIENSIS</span> <span class='ocrx_word' id='word_1_5' title='bbox 1651 203 1765 266; x_wconf 74' lang='lat' dir='ltr'>[mn.</span> <span class='ocrx_word' id='word_1_6' title='bbox 1778 216 1851 250; x_wconf 79' lang='lat' dir='ltr'>vu</span> 
     </span>
    </p>
   </div>
   <div class='ocr_carea' id='block_1_2' title="bbox 339 325 1915 1203">
    <p class='ocr_par' dir='ltr' id='par_1_2' title="bbox 377 325 1915 1009">
     <span class='ocr_line' id='line_1_2' title="bbox 380 325 1852 384; baseline 0 -16"><span class='ocrx_word' id='word_1_7' title='bbox 380 339 515 382; x_wconf 86' lang='lat' dir='ltr'>quam</span> <span class='ocrx_word' id='word_1_8' title='bbox 538 325 614 369; x_wconf 85' lang='lat' dir='ltr'>ille</span> <span class='ocrx_word' id='word_1_9' title='bbox 638 326 716 384; x_wconf 91' lang='lat' dir='ltr'>qui</span> <span class='ocrx_word' id='word_1_10' title='bbox 739 329 941 371; x_wconf 89' lang='lat' dir='ltr'>moratur</span> <span class='ocrx_word' id='word_1_11' title='bbox 963 327 1012 370; x_wconf 91' lang='lat' dir='ltr'>in</span> <span class='ocrx_word' id='word_1_12' title='bbox 1041 326 1432 371; x_wconf 84' lang='lat' dir='ltr'>iustificationibus</span> <span class='ocrx_word' id='word_1_13' title='bbox 1458 325 1639 370; x_wconf 88' lang='lat' dir='ltr'>Domini</span> <span class='ocrx_word' id='word_1_14' title='bbox 1666 328 1713 370; x_wconf 89' lang='lat' dir='ltr'>et</span> <span class='ocrx_word' id='word_1_15' title='bbox 1738 325 1852 369; x_wconf 85' lang='lat' dir='ltr'>mul-</span> 
     </span>
     <span class='ocr_line' id='line_1_3' title="bbox 377 395 1866 453; baseline 0 -15"><span class='ocrx_word' id='word_1_16' title='bbox 377 398 505 438; x_wconf 90' lang='lat' dir='ltr'>cente</span> <span class='ocrx_word' id='word_1_17' title='bbox 553 410 600 439; x_wconf 91' lang='lat' dir='ltr'>se</span> <span class='ocrx_word' id='word_1_18' title='bbox 648 397 916 440; x_wconf 86' lang='lat' dir='ltr'>conscientia</span> <span class='ocrx_word' id='word_1_19' title='bbox 958 397 1174 440; x_wconf 89' lang='lat' dir='ltr'>bonorum</span> <span class='ocrx_word' id='word_1_20' title='bbox 1219 410 1403 453; x_wconf 88' lang='lat' dir='ltr'>operum</span> <span class='ocrx_word' id='word_1_21' title='bbox 1445 410 1579 439; x_wconf 87' lang='lat' dir='ltr'>uerae</span> <span class='ocrx_word' id='word_1_22' title='bbox 1623 395 1866 440; x_wconf 65' lang='lat' dir='ltr'>felicitatis&gt;</span> 
     </span>
     <span class='ocr_line' id='line_1_4' title="bbox 377 465 1852 523; baseline 0.001 -15"><span class='ocrx_word' id='word_1_23' title='bbox 377 478 580 522; x_wconf 87' lang='lat' dir='ltr'>saporem</span> <span class='ocrx_word' id='word_1_24' title='bbox 613 468 712 509; x_wconf 76' lang='lat' dir='ltr'>‘tota</span> <span class='ocrx_word' id='word_1_25' title='bbox 744 467 907 510; x_wconf 90' lang='lat' dir='ltr'>mentis</span> <span class='ocrx_word' id='word_1_26' title='bbox 939 467 1157 510; x_wconf 86' lang='lat' dir='ltr'>auiditate</span> <span class='ocrx_word' id='word_1_27' title='bbox 1186 465 1277 508; x_wconf 89' lang='lat' dir='ltr'>iam</span> <span class='ocrx_word' id='word_1_28' title='bbox 1308 468 1571 523; x_wconf 72' lang='lat' dir='ltr'>praegustat</span> <span class='ocrx_word' id='word_1_29' title='bbox 1602 468 1648 509; x_wconf 90' lang='lat' dir='ltr'>et</span> <span class='ocrx_word' id='word_1_30' title='bbox 1681 466 1852 511; x_wconf 63' lang='lat' dir='ltr'>sentit?</span> 
     </span>
     <span class='ocr_line' id='line_1_5' title="bbox 380 534 1852 593; baseline 0.001 -17"><span class='ocrx_word' id='word_1_31' title='bbox 380 534 676 578; x_wconf 86' lang='lat' dir='ltr'>Proculdubio</span> <span class='ocrx_word' id='word_1_32' title='bbox 701 550 982 593; x_wconf 83' lang='lat' dir='ltr'>nequaquam</span> <span class='ocrx_word' id='word_1_33' title='bbox 1003 535 1123 578; x_wconf 89' lang='lat' dir='ltr'>illius</span> <span class='ocrx_word' id='word_1_34' title='bbox 1153 549 1311 592; x_wconf 83' lang='lat' dir='ltr'>expers</span> <span class='ocrx_word' id='word_1_35' title='bbox 1341 538 1410 578; x_wconf 89' lang='lat' dir='ltr'>est</span> <span class='ocrx_word' id='word_1_36' title='bbox 1437 535 1509 579; x_wconf 88' lang='lat' dir='ltr'>cui</span> <span class='ocrx_word' id='word_1_37' title='bbox 1539 536 1694 593; x_wconf 89' lang='lat' dir='ltr'>agnita</span> <span class='ocrx_word' id='word_1_38' title='bbox 1711 535 1852 579; x_wconf 87' lang='lat' dir='ltr'>beati-</span> 
     </span>
     <span class='ocr_line' id='line_1_6' title="bbox 379 604 1892 662; baseline -0.001 -13"><span class='ocrx_word' id='word_1_39' title='bbox 379 606 490 649; x_wconf 88' lang='lat' dir='ltr'>tudo</span> <span class='ocrx_word' id='word_1_40' title='bbox 511 604 736 656; x_wconf 79' lang='lat' dir='ltr'>dulcescit,</span> <span class='ocrx_word' id='word_1_41' title='bbox 755 607 802 648; x_wconf 89' lang='lat' dir='ltr'>et</span> <span class='ocrx_word' id='word_1_42' title='bbox 822 605 863 648; x_wconf 91' lang='lat' dir='ltr'>ei</span> <span class='ocrx_word' id='word_1_43' title='bbox 883 604 1193 662; x_wconf 82' lang='lat' dir='ltr'>expetibilium</span> <span class='ocrx_word' id='word_1_44' title='bbox 1220 604 1424 647; x_wconf 81' lang='lat' dir='ltr'>cumulus</span> <span class='ocrx_word' id='word_1_45' title='bbox 1443 604 1570 647; x_wconf 88' lang='lat' dir='ltr'>adest</span> <span class='ocrx_word' id='word_1_46' title='bbox 1590 605 1666 662; x_wconf 92' lang='lat' dir='ltr'>qui</span> <span class='ocrx_word' id='word_1_47' title='bbox 1687 604 1735 647; x_wconf 93' lang='lat' dir='ltr'>in</span> <span class='ocrx_word' id='word_1_48' title='bbox 1755 604 1853 647; x_wconf 89' lang='lat' dir='ltr'>uita</span> <span class='ocrx_word' id='word_1_49' title='bbox 1871 618 1892 654; x_wconf 84' lang='lat'>5</span> 
     </span>
     <span class='ocr_line' id='line_1_7' title="bbox 378 672 1854 732; baseline -0.001 -14"><span class='ocrx_word' id='word_1_50' title='bbox 378 677 534 732; x_wconf 82' lang='lat' dir='ltr'>gustat</span> <span class='ocrx_word' id='word_1_51' title='bbox 563 677 610 717; x_wconf 90' lang='lat' dir='ltr'>et</span> <span class='ocrx_word' id='word_1_52' title='bbox 641 674 767 717; x_wconf 86' lang='lat' dir='ltr'>uidet</span> <span class='ocrx_word' id='word_1_53' title='bbox 801 689 935 731; x_wconf 89' lang='lat' dir='ltr'>quam</span> <span class='ocrx_word' id='word_1_54' title='bbox 974 674 1126 717; x_wconf 89' lang='lat' dir='ltr'>suauis</span> <span class='ocrx_word' id='word_1_55' title='bbox 1157 676 1226 716; x_wconf 92' lang='lat' dir='ltr'>est</span> <span class='ocrx_word' id='word_1_56' title='bbox 1257 672 1486 717; x_wconf 91' lang='lat' dir='ltr'>Dominus.</span> <span class='ocrx_word' id='word_1_57' title='bbox 1560 673 1854 731; x_wconf 89' lang='lat' dir='ltr'>Philosophus</span> 
     </span>
     <span class='ocr_line' id='line_1_8' title="bbox 379 742 1854 800; baseline 0.001 -14"><span class='ocrx_word' id='word_1_58' title='bbox 379 747 542 794; x_wconf 86' lang='lat' dir='ltr'>autem,</span> <span class='ocrx_word' id='word_1_59' title='bbox 581 744 708 787; x_wconf 89' lang='lat' dir='ltr'>cuius</span> <span class='ocrx_word' id='word_1_60' title='bbox 756 744 949 787; x_wconf 88' lang='lat' dir='ltr'>intentio</span> <span class='ocrx_word' id='word_1_61' title='bbox 998 743 1212 800; x_wconf 86' lang='lat' dir='ltr'>dirigitur</span> <span class='ocrx_word' id='word_1_62' title='bbox 1258 742 1364 786; x_wconf 92' lang='lat' dir='ltr'>illuc</span> <span class='ocrx_word' id='word_1_63' title='bbox 1407 745 1461 786; x_wconf 90' lang='lat' dir='ltr'>ut</span> <span class='ocrx_word' id='word_1_64' title='bbox 1502 743 1659 800; x_wconf 87' lang='lat' dir='ltr'>sapiat,</span> <span class='ocrx_word' id='word_1_65' title='bbox 1700 743 1854 787; x_wconf 91' lang='lat' dir='ltr'>eodem</span> 
     </span>
     <span class='ocr_line' id='line_1_9' title="bbox 379 812 1855 870; baseline -0.002 -13"><span class='ocrx_word' id='word_1_66' title='bbox 379 817 559 857; x_wconf 87' lang='lat' dir='ltr'>auctore</span> <span class='ocrx_word' id='word_1_67' title='bbox 578 816 752 856; x_wconf 89' lang='lat' dir='ltr'>amator</span> <span class='ocrx_word' id='word_1_68' title='bbox 771 813 855 856; x_wconf 91' lang='lat' dir='ltr'>Dei</span> <span class='ocrx_word' id='word_1_69' title='bbox 876 816 944 856; x_wconf 86' lang='lat' dir='ltr'>est</span> <span class='ocrx_word' id='word_1_70' title='bbox 965 815 1010 856; x_wconf 91' lang='lat' dir='ltr'>et</span> <span class='ocrx_word' id='word_1_71' title='bbox 1033 813 1148 855; x_wconf 90' lang='lat' dir='ltr'>uitia</span> <span class='ocrx_word' id='word_1_72' title='bbox 1174 812 1384 869; x_wconf 89' lang='lat' dir='ltr'>subigens</span> <span class='ocrx_word' id='word_1_73' title='bbox 1407 812 1539 855; x_wconf 87' lang='lat' dir='ltr'>rebus</span> <span class='ocrx_word' id='word_1_74' title='bbox 1565 812 1855 870; x_wconf 86' lang='lat' dir='ltr'>agnoscendis</span> 
     </span>
     <span class='ocr_line' id='line_1_10' title="bbox 379 881 1853 940; baseline -0.001 -14"><span class='ocrx_word' id='word_1_75' title='bbox 379 883 575 940; x_wconf 88' lang='lat' dir='ltr'>applicat</span> <span class='ocrx_word' id='word_1_76' title='bbox 613 882 812 925; x_wconf 91' lang='lat' dir='ltr'>animum</span> <span class='ocrx_word' id='word_1_77' title='bbox 851 884 904 924; x_wconf 94' lang='lat' dir='ltr'>ut</span> <span class='ocrx_word' id='word_1_78' title='bbox 943 882 1013 925; x_wconf 86' lang='lat' dir='ltr'>his</span> <span class='ocrx_word' id='word_1_79' title='bbox 1048 881 1215 939; x_wconf 81' lang='lat' dir='ltr'>agnitis</span> <span class='ocrx_word' id='word_1_80' title='bbox 1246 881 1304 924; x_wconf 90' lang='lat' dir='ltr'>ad</span> <span class='ocrx_word' id='word_1_81' title='bbox 1338 895 1493 924; x_wconf 90' lang='lat' dir='ltr'>ueram</span> <span class='ocrx_word' id='word_1_82' title='bbox 1527 881 1853 924; x_wconf 87' lang='lat' dir='ltr'>beatitudinem</span> 
     </span>
     <span class='ocr_line' id='line_1_11' title="bbox 379 950 1915 1009; baseline -0.001 -15"><span class='ocrx_word' id='word_1_83' title='bbox 379 952 520 1009; x_wconf 88' lang='lat' dir='ltr'>possit</span> <span class='ocrx_word' id='word_1_84' title='bbox 540 952 756 997; x_wconf 85' lang='lat' dir='ltr'>accedere.</span> <span class='ocrx_word' id='word_1_85' title='bbox 816 951 938 994; x_wconf 88' lang='lat' dir='ltr'>Haec</span> <span class='ocrx_word' id='word_1_86' title='bbox 966 951 1085 995; x_wconf 91' lang='lat' dir='ltr'>enim</span> <span class='ocrx_word' id='word_1_87' title='bbox 1105 951 1330 994; x_wconf 91' lang='lat' dir='ltr'>hominem</span> <span class='ocrx_word' id='word_1_88' title='bbox 1351 951 1532 994; x_wconf 90' lang='lat' dir='ltr'>beatum</span> <span class='ocrx_word' id='word_1_89' title='bbox 1552 950 1726 994; x_wconf 82' lang='lat' dir='ltr'>faciunt</span> <span class='ocrx_word' id='word_1_90' title='bbox 1745 951 1783 994; x_wconf 90' lang='lat' dir='ltr'>si</span> <span class='ocrx_word' id='word_1_91' title='bbox 1807 953 1854 994; x_wconf 88' lang='lat' dir='ltr'>et</span> <span class='ocrx_word' id='word_1_92' title='bbox 1873 966 1915 991; x_wconf 85' lang='lat'>10</span> 
     </span>
    </p>

    <p class='ocr_par' dir='ltr' id='par_1_3' title="bbox 339 1020 1856 1203">
     <span class='ocr_line' id='line_1_12' title="bbox 339 1020 1855 1078; baseline 0 -14"><span class='ocrx_word' id='word_1_93' title='bbox 339 1037 366 1069; x_wconf 82' lang='lat' dir='ltr'>c</span> <span class='ocrx_word' id='word_1_94' title='bbox 382 1021 596 1065; x_wconf 89' lang='lat' dir='ltr'>uitiorum</span> <span class='ocrx_word' id='word_1_95' title='bbox 630 1021 864 1064; x_wconf 89' lang='lat' dir='ltr'>soluantur</span> <span class='ocrx_word' id='word_1_96' title='bbox 896 1020 1087 1071; x_wconf 88' lang='lat' dir='ltr'>uincula,</span> <span class='ocrx_word' id='word_1_97' title='bbox 1114 1023 1160 1063; x_wconf 95' lang='lat' dir='ltr'>et</span> <span class='ocrx_word' id='word_1_98' title='bbox 1187 1021 1314 1077; x_wconf 88' lang='lat' dir='ltr'>quasi</span> <span class='ocrx_word' id='word_1_99' title='bbox 1341 1020 1607 1077; x_wconf 87' lang='lat' dir='ltr'>quibusdam</span> <span class='ocrx_word' id='word_1_100' title='bbox 1639 1020 1855 1078; x_wconf 84' lang='lat' dir='ltr'>gradibus</span> 
     </span>
     <span class='ocr_line' id='line_1_13' title="bbox 380 1089 1856 1147; baseline -0.001 -13"><span class='ocrx_word' id='word_1_101' title='bbox 380 1090 766 1147; x_wconf 86' lang='lat' dir='ltr'>contemplationis</span> <span class='ocrx_word' id='word_1_102' title='bbox 814 1089 1010 1133; x_wconf 84' lang='lat' dir='ltr'>lucidum</span> <span class='ocrx_word' id='word_1_103' title='bbox 1060 1092 1106 1133; x_wconf 94' lang='lat' dir='ltr'>et</span> <span class='ocrx_word' id='word_1_104' title='bbox 1154 1089 1480 1134; x_wconf 88' lang='lat' dir='ltr'>indeficientem</span> <span class='ocrx_word' id='word_1_105' title='bbox 1528 1089 1700 1134; x_wconf 82' lang='lat' dir='ltr'>fontem</span> <span class='ocrx_word' id='word_1_106' title='bbox 1748 1089 1856 1134; x_wconf 93' lang='lat' dir='ltr'>boni</span> 
     </span>
     <span class='ocr_line' id='line_1_14' title="bbox 381 1159 925 1203; baseline -0.002 0"><span class='ocrx_word' id='word_1_107' title='bbox 381 1159 515 1203; x_wconf 90' lang='lat' dir='ltr'>detur</span> <span class='ocrx_word' id='word_1_108' title='bbox 543 1160 746 1203; x_wconf 85' lang='lat' dir='ltr'>inuisere.</span> <span class='ocrx_word' id='word_1_109' title='bbox 806 1159 925 1202; x_wconf 90' lang='lat' dir='ltr'>Nam</span> 
     </span>
    </p>
   </div>
   <div class='ocr_carea' id='block_1_3' title="bbox 585 1244 1660 1303">
    <p class='ocr_par' dir='ltr' id='par_1_4' title="bbox 585 1244 1660 1303">
     <span class='ocr_line' id='line_1_15' title="bbox 585 1244 1660 1303; baseline 0.001 -15"><span class='ocrx_word' id='word_1_110' title='bbox 585 1244 697 1289; x_wconf 82' lang='lat' dir='ltr'>felix</span> <span class='ocrx_word' id='word_1_111' title='bbox 726 1245 803 1303; x_wconf 90' lang='lat' dir='ltr'>qui</span> <span class='ocrx_word' id='word_1_112' title='bbox 833 1245 982 1303; x_wconf 88' lang='lat' dir='ltr'>potuit</span> <span class='ocrx_word' id='word_1_113' title='bbox 1011 1260 1160 1289; x_wconf 87' lang='lat' dir='ltr'>rerum</span> <span class='ocrx_word' id='word_1_114' title='bbox 1190 1260 1450 1303; x_wconf 89' lang='lat' dir='ltr'>cognoscere</span> <span class='ocrx_word' id='word_1_115' title='bbox 1480 1259 1660 1298; x_wconf 82' lang='lat' dir='ltr'>causas3</span> 
     </span>
    </p>
   </div>
   <div class='ocr_carea' id='block_1_4' title="bbox 378 1321 1920 1458">
    <p class='ocr_par' dir='ltr' id='par_1_5' title="bbox 378 1321 1920 1458">
     <span class='ocr_line' id='line_1_16' title="bbox 381 1321 1920 1390; baseline -0.001 -15"><span class='ocrx_word' id='word_1_116' title='bbox 381 1335 438 1384; x_wconf 91' lang='lat' dir='ltr'>et,</span> <span class='ocrx_word' id='word_1_117' title='bbox 477 1334 531 1375; x_wconf 91' lang='lat' dir='ltr'>ut</span> <span class='ocrx_word' id='word_1_118' title='bbox 569 1332 635 1375; x_wconf 89' lang='lat' dir='ltr'>ait</span> <span class='ocrx_word' id='word_1_119' title='bbox 678 1334 820 1390; x_wconf 87' lang='lat' dir='ltr'>poeta,</span> <span class='ocrx_word' id='word_1_120' title='bbox 859 1332 1003 1389; x_wconf 87' lang='lat' dir='ltr'>(nobis</span> <span class='ocrx_word' id='word_1_121' title='bbox 1050 1332 1180 1383; x_wconf 88' lang='lat' dir='ltr'>enim,</span> <span class='ocrx_word' id='word_1_122' title='bbox 1220 1332 1527 1389; x_wconf 89' lang='lat' dir='ltr'>undecumque</span> <span class='ocrx_word' id='word_1_123' title='bbox 1571 1321 1920 1390; x_wconf 40' lang='lat' dir='ltr'>prouenianths&#39;</span> 
     </span>
     <span class='ocr_line' id='line_1_17' title="bbox 378 1401 1166 1458; baseline 0.003 -15"><span class='ocrx_word' id='word_1_124' title='bbox 378 1401 555 1458; x_wconf 89' lang='lat' dir='ltr'>placent</span> <span class='ocrx_word' id='word_1_125' title='bbox 584 1401 874 1446; x_wconf 90' lang='lat' dir='ltr'>incitamenta</span> <span class='ocrx_word' id='word_1_126' title='bbox 903 1402 1166 1456; x_wconf 88' lang='lat' dir='ltr'>uirtutum):</span> 
     </span>
    </p>
   </div>
   <div class='ocr_carea' id='block_1_5' title="bbox 333 1493 1915 2191">
    <p class='ocr_par' dir='ltr' id='par_1_6' title="bbox 525 1493 1708 1595">
     <span class='ocr_line' id='line_1_18' title="bbox 525 1493 1708 1595; baseline 0.001 -59"><span class='ocrx_word' id='word_1_127' title='bbox 525 1493 692 1536; x_wconf 88' lang='lat' dir='ltr'>Felices</span> <span class='ocrx_word' id='word_1_128' title='bbox 720 1494 895 1537; x_wconf 82' lang='lat' dir='ltr'>animae</span> <span class='ocrx_word' id='word_1_129' title='bbox 925 1493 1086 1550; x_wconf 91' lang='lat' dir='ltr'>quibus</span> <span class='ocrx_word' id='word_1_130' title='bbox 1115 1494 1197 1537; x_wconf 83' lang='lat' dir='ltr'>has</span> <span class='ocrx_word' id='word_1_131' title='bbox 1225 1508 1484 1551; x_wconf 85' lang='lat' dir='ltr'>cognoscere</span> <span class='ocrx_word' id='word_1_132' title='bbox 1513 1493 1708 1595; x_wconf 75' lang='lat' dir='ltr'>primum</span> 
     </span>
    </p>

    <p class='ocr_par' dir='ltr' id='par_1_7' title="bbox 525 1551 1915 1725">
     <span class='ocr_line' id='line_1_19' title="bbox 525 1551 1634 1667; baseline 0 -15"><span class='ocrx_word' id='word_1_133' title='bbox 525 1551 722 1654; x_wconf 55' lang='lat' dir='ltr'>Crigiqglq</span> <span class='ocrx_word' id='word_1_134' title='bbox 725 1552 1634 1677; x_wconf 43' lang='lat' dir='ltr'>edgsntoillglslpgggstezcadicgiigguzuigcisuqlue</span> 
     </span>
     <span class='ocr_line' id='line_1_20' title="bbox 585 1667 1915 1725; baseline 0.003 -15"><span class='ocrx_word' id='word_1_135' title='bbox 585 1667 721 1711; x_wconf 91' lang='lat' dir='ltr'>altius</span> <span class='ocrx_word' id='word_1_136' title='bbox 750 1668 956 1711; x_wconf 90' lang='lat' dir='ltr'>humanis</span> <span class='ocrx_word' id='word_1_137' title='bbox 986 1668 1208 1711; x_wconf 88' lang='lat' dir='ltr'>exeruisse</span> <span class='ocrx_word' id='word_1_138' title='bbox 1238 1671 1384 1725; x_wconf 89' lang='lat' dir='ltr'>caput</span> <span class='ocrx_word' id='word_1_139' title='bbox 1871 1688 1915 1714; x_wconf 66' lang='grc' dir='ltr'>πο</span> 
     </span>
    </p>

    <p class='ocr_par' dir='ltr' id='par_1_8' title="bbox 529 1725 1700 1841">
     <span class='ocr_line' id='line_1_21' title="bbox 529 1725 1700 1785; baseline 0.002 -17"><span class='ocrx_word' id='word_1_140' title='bbox 529 1725 633 1769; x_wconf 93' lang='lat' dir='ltr'>Non</span> <span class='ocrx_word' id='word_1_141' title='bbox 664 1726 814 1769; x_wconf 91' lang='lat' dir='ltr'>Venus</span> <span class='ocrx_word' id='word_1_142' title='bbox 845 1729 890 1769; x_wconf 93' lang='lat' dir='ltr'>et</span> <span class='ocrx_word' id='word_1_143' title='bbox 920 1726 1075 1769; x_wconf 87' lang='lat' dir='ltr'>uinum</span> <span class='ocrx_word' id='word_1_144' title='bbox 1106 1726 1314 1769; x_wconf 85' lang='lat' dir='ltr'>sublimia</span> <span class='ocrx_word' id='word_1_145' title='bbox 1342 1728 1522 1783; x_wconf 82' lang='lat' dir='ltr'>pectora</span> <span class='ocrx_word' id='word_1_146' title='bbox 1551 1725 1700 1785; x_wconf 86' lang='lat' dir='ltr'>fregit,</span> 
     </span>
     <span class='ocr_line' id='line_1_22' title="bbox 585 1783 1430 1841; baseline 0 -14"><span class='ocrx_word' id='word_1_147' title='bbox 585 1783 864 1841; x_wconf 88' lang='lat' dir='ltr'>officiumque</span> <span class='ocrx_word' id='word_1_148' title='bbox 893 1784 980 1827; x_wconf 86' lang='lat' dir='ltr'>fori</span> <span class='ocrx_word' id='word_1_149' title='bbox 1010 1784 1252 1827; x_wconf 88' lang='lat' dir='ltr'>militiaeue</span> <span class='ocrx_word' id='word_1_150' title='bbox 1283 1784 1430 1836; x_wconf 83' lang='lat' dir='ltr'>labor3</span> 
     </span>
    </p>

    <p class='ocr_par' dir='ltr' id='par_1_9' title="bbox 525 1842 1571 1958">
     <span class='ocr_line' id='line_1_23' title="bbox 525 1842 1571 1900; baseline 0.001 -15"><span class='ocrx_word' id='word_1_151' title='bbox 525 1857 615 1885; x_wconf 92' lang='lat' dir='ltr'>non</span> <span class='ocrx_word' id='word_1_152' title='bbox 646 1842 757 1886; x_wconf 91' lang='lat' dir='ltr'>leuis</span> <span class='ocrx_word' id='word_1_153' title='bbox 787 1843 972 1886; x_wconf 87' lang='lat' dir='ltr'>ambitio</span> <span class='ocrx_word' id='word_1_154' title='bbox 1001 1842 1268 1900; x_wconf 77' lang='lat' dir='ltr'>perfusaque</span> <span class='ocrx_word' id='word_1_155' title='bbox 1297 1842 1439 1900; x_wconf 87' lang='lat' dir='ltr'>gloria</span> <span class='ocrx_word' id='word_1_156' title='bbox 1469 1842 1571 1886; x_wconf 85' lang='lat' dir='ltr'>fuco</span> 
     </span>
     <span class='ocr_line' id='line_1_24' title="bbox 583 1900 1565 1958; baseline 0 -15"><span class='ocrx_word' id='word_1_157' title='bbox 583 1915 932 1958; x_wconf 85' lang='lat' dir='ltr'>magnarumque</span> <span class='ocrx_word' id='word_1_158' title='bbox 963 1900 1103 1944; x_wconf 82' lang='lat' dir='ltr'>fames</span> <span class='ocrx_word' id='word_1_159' title='bbox 1132 1901 1390 1944; x_wconf 89' lang='lat' dir='ltr'>sollicitauit</span> <span class='ocrx_word' id='word_1_160' title='bbox 1418 1916 1565 1958; x_wconf 89' lang='lat' dir='ltr'>opum.</span> 
     </span>
    </p>

    <p class='ocr_par' dir='ltr' id='par_1_10' title="bbox 528 1958 1912 2074">
     <span class='ocr_line' id='line_1_25' title="bbox 528 1958 1912 2015; baseline 0.002 -14"><span class='ocrx_word' id='word_1_161' title='bbox 528 1958 780 2002; x_wconf 82' lang='lat' dir='ltr'>Admonere</span> <span class='ocrx_word' id='word_1_162' title='bbox 809 1959 946 2002; x_wconf 89' lang='lat' dir='ltr'>oculis</span> <span class='ocrx_word' id='word_1_163' title='bbox 976 1959 1192 2002; x_wconf 84' lang='lat' dir='ltr'>distantia</span> <span class='ocrx_word' id='word_1_164' title='bbox 1220 1959 1366 2002; x_wconf 86' lang='lat' dir='ltr'>sidera</span> <span class='ocrx_word' id='word_1_165' title='bbox 1396 1959 1560 2002; x_wconf 88' lang='lat' dir='ltr'>nostris</span> <span class='ocrx_word' id='word_1_166' title='bbox 1871 1981 1912 2015; x_wconf 82' lang='lat'>25</span> 
     </span>
     <span class='ocr_line' id='line_1_26' title="bbox 586 2017 1450 2074; baseline 0.001 -14"><span class='ocrx_word' id='word_1_167' title='bbox 586 2017 825 2074; x_wconf 86' lang='lat' dir='ltr'>etheraque</span> <span class='ocrx_word' id='word_1_168' title='bbox 854 2017 1033 2074; x_wconf 89' lang='lat' dir='ltr'>ingenio</span> <span class='ocrx_word' id='word_1_169' title='bbox 1062 2031 1329 2074; x_wconf 84' lang='lat' dir='ltr'>supposuere</span> <span class='ocrx_word' id='word_1_170' title='bbox 1359 2031 1450 2061; x_wconf 89' lang='lat' dir='ltr'>suo.</span> 
     </span>
    </p>

    <p class='ocr_par' dir='ltr' id='par_1_11' title="bbox 333 2075 1741 2133">
     <span class='ocr_line' id='line_1_27' title="bbox 333 2075 1741 2133; baseline 0.001 -15"><span class='ocrx_word' id='word_1_171' title='bbox 333 2085 362 2125; x_wconf 79' lang='lat' dir='ltr'>d</span> <span class='ocrx_word' id='word_1_172' title='bbox 527 2075 600 2119; x_wconf 91' lang='lat' dir='ltr'>Sic</span> <span class='ocrx_word' id='word_1_173' title='bbox 630 2075 801 2132; x_wconf 89' lang='lat' dir='ltr'>petitur</span> <span class='ocrx_word' id='word_1_174' title='bbox 829 2075 982 2125; x_wconf 90' lang='lat' dir='ltr'>celum,</span> <span class='ocrx_word' id='word_1_175' title='bbox 1013 2090 1101 2118; x_wconf 92' lang='lat' dir='ltr'>non</span> <span class='ocrx_word' id='word_1_176' title='bbox 1133 2078 1185 2118; x_wconf 90' lang='lat' dir='ltr'>ut</span> <span class='ocrx_word' id='word_1_177' title='bbox 1215 2075 1332 2119; x_wconf 86' lang='lat' dir='ltr'>ferat</span> <span class='ocrx_word' id='word_1_178' title='bbox 1362 2075 1505 2118; x_wconf 86' lang='lat' dir='ltr'>Ossan</span> <span class='ocrx_word' id='word_1_179' title='bbox 1535 2075 1741 2133; x_wconf 89' lang='lat' dir='ltr'>Olimpus</span> 
     </span>
    </p>

    <p class='ocr_par' dir='ltr' id='par_1_12' title="bbox 583 2133 1592 2191">
     <span class='ocr_line' id='line_1_28' title="bbox 583 2133 1592 2191; baseline 0.002 -16"><span class='ocrx_word' id='word_1_180' title='bbox 583 2148 843 2190; x_wconf 87' lang='lat' dir='ltr'>summaque</span> <span class='ocrx_word' id='word_1_181' title='bbox 875 2133 1073 2177; x_wconf 90' lang='lat' dir='ltr'>Peliacus</span> <span class='ocrx_word' id='word_1_182' title='bbox 1103 2133 1248 2176; x_wconf 85' lang='lat' dir='ltr'>sidera</span> <span class='ocrx_word' id='word_1_183' title='bbox 1278 2136 1436 2191; x_wconf 86' lang='lat' dir='ltr'>tangat</span> <span class='ocrx_word' id='word_1_184' title='bbox 1466 2148 1592 2191; x_wconf 73' lang='lat' dir='ltr'>apeX.</span> 
     </span>
    </p>
   </div>
   <div class='ocr_carea' id='block_1_6' title="bbox 380 2225 1914 2491">
    <p class='ocr_par' dir='ltr' id='par_1_13' title="bbox 380 2225 1914 2491">
     <span class='ocr_line' id='line_1_29' title="bbox 382 2225 1853 2282; baseline 0.001 -14"><span class='ocrx_word' id='word_1_185' title='bbox 382 2225 570 2269; x_wconf 88' lang='lat' dir='ltr'>Nullum</span> <span class='ocrx_word' id='word_1_186' title='bbox 607 2228 758 2268; x_wconf 89' lang='lat' dir='ltr'>tamen</span> <span class='ocrx_word' id='word_1_187' title='bbox 790 2225 980 2269; x_wconf 88' lang='lat' dir='ltr'>officium</span> <span class='ocrx_word' id='word_1_188' title='bbox 1013 2227 1081 2268; x_wconf 89' lang='lat' dir='ltr'>est</span> <span class='ocrx_word' id='word_1_189' title='bbox 1114 2225 1301 2268; x_wconf 89' lang='lat' dir='ltr'>militiae</span> <span class='ocrx_word' id='word_1_190' title='bbox 1335 2228 1416 2268; x_wconf 90' lang='lat' dir='ltr'>aut</span> <span class='ocrx_word' id='word_1_191' title='bbox 1450 2225 1570 2268; x_wconf 89' lang='lat' dir='ltr'>domi</span> <span class='ocrx_word' id='word_1_192' title='bbox 1605 2226 1723 2282; x_wconf 92' lang='lat' dir='ltr'>quod</span> <span class='ocrx_word' id='word_1_193' title='bbox 1763 2241 1853 2270; x_wconf 93' lang='lat' dir='ltr'>non</span> 
     </span>
     <span class='ocr_line' id='line_1_30' title="bbox 380 2294 1914 2352; baseline 0 -16"><span class='ocrx_word' id='word_1_194' title='bbox 380 2294 661 2352; x_wconf 88' lang='lat' dir='ltr'>philosophia</span> <span class='ocrx_word' id='word_1_195' title='bbox 700 2296 954 2351; x_wconf 86' lang='lat' dir='ltr'>pertractet,</span> <span class='ocrx_word' id='word_1_196' title='bbox 994 2294 1158 2351; x_wconf 87' lang='lat' dir='ltr'>quippe</span> <span class='ocrx_word' id='word_1_197' title='bbox 1197 2309 1310 2351; x_wconf 85' lang='lat' dir='ltr'>quae</span> <span class='ocrx_word' id='word_1_198' title='bbox 1355 2294 1448 2337; x_wconf 89' lang='lat' dir='ltr'>sola</span> <span class='ocrx_word' id='word_1_199' title='bbox 1491 2294 1689 2338; x_wconf 86' lang='lat' dir='ltr'>excludit</span> <span class='ocrx_word' id='word_1_200' title='bbox 1727 2296 1852 2347; x_wconf 86' lang='lat' dir='ltr'>uitia,</span> <span class='ocrx_word' id='word_1_201' title='bbox 1871 2310 1914 2345; x_wconf 80' lang='lat'>30</span> 
     </span>
     <span class='ocr_line' id='line_1_31' title="bbox 381 2363 1855 2421; baseline 0.001 -14"><span class='ocrx_word' id='word_1_202' title='bbox 381 2370 427 2407; x_wconf 91' lang='lat' dir='ltr'>et</span> <span class='ocrx_word' id='word_1_203' title='bbox 456 2364 551 2407; x_wconf 88' lang='lat' dir='ltr'>sinc</span> <span class='ocrx_word' id='word_1_204' title='bbox 581 2378 670 2420; x_wconf 88' lang='lat' dir='ltr'>qua</span> <span class='ocrx_word' id='word_1_205' title='bbox 699 2363 835 2407; x_wconf 89' lang='lat' dir='ltr'>nichil</span> <span class='ocrx_word' id='word_1_206' title='bbox 867 2367 983 2407; x_wconf 87' lang='lat' dir='ltr'>recte</span> <span class='ocrx_word' id='word_1_207' title='bbox 1014 2363 1131 2407; x_wconf 89' lang='lat' dir='ltr'>inter</span> <span class='ocrx_word' id='word_1_208' title='bbox 1160 2363 1359 2407; x_wconf 88' lang='lat' dir='ltr'>homines</span> <span class='ocrx_word' id='word_1_209' title='bbox 1388 2363 1482 2420; x_wconf 80' lang='lat' dir='ltr'>geri</span> <span class='ocrx_word' id='word_1_210' title='bbox 1511 2366 1666 2421; x_wconf 89' lang='lat' dir='ltr'>potest.</span> <span class='ocrx_word' id='word_1_211' title='bbox 1728 2365 1855 2410; x_wconf 88' lang='lat' dir='ltr'>Sicut</span> 
     </span>
     <span class='ocr_line' id='line_1_32' title="bbox 381 2432 1854 2491; baseline 0.003 -16"><span class='ocrx_word' id='word_1_212' title='bbox 381 2437 531 2476; x_wconf 87' lang='lat' dir='ltr'>autem</span> <span class='ocrx_word' id='word_1_213' title='bbox 572 2432 733 2475; x_wconf 80' lang='lat' dir='ltr'>morari</span> <span class='ocrx_word' id='word_1_214' title='bbox 775 2433 821 2475; x_wconf 89' lang='lat' dir='ltr'>in</span> <span class='ocrx_word' id='word_1_215' title='bbox 861 2433 1262 2486; x_wconf 86' lang='lat' dir='ltr'>iustificationibus,</span> <span class='ocrx_word' id='word_1_216' title='bbox 1301 2433 1347 2476; x_wconf 89' lang='lat' dir='ltr'>id</span> <span class='ocrx_word' id='word_1_217' title='bbox 1392 2436 1460 2477; x_wconf 90' lang='lat' dir='ltr'>est</span> <span class='ocrx_word' id='word_1_218' title='bbox 1508 2433 1557 2476; x_wconf 90' lang='lat' dir='ltr'>in</span> <span class='ocrx_word' id='word_1_219' title='bbox 1603 2434 1854 2491; x_wconf 83' lang='lat' dir='ltr'>expletione</span> 
     </span>
    </p>
   </div>
   <div class='ocr_carea' id='block_1_7' title="bbox 653 2512 810 2516">
    <p class='ocr_par' dir='ltr' id='par_1_14' title="bbox 653 2512 810 2516">
     <span class='ocr_line' id='line_1_33' title="bbox 653 2512 810 2516; baseline 0 0"><span class='ocrx_word' id='word_1_220' title='bbox 653 2512 810 2516; x_wconf 95' lang='lat' dir='ltr'> </span> 
     </span>
    </p>
   </div>
   <div class='ocr_carea' id='block_1_8' title="bbox 380 2514 916 2580">
    <p class='ocr_par' dir='ltr' id='par_1_15' title="bbox 380 2514 916 2580">
     <span class='ocr_line' id='line_1_34' title="bbox 380 2514 916 2580; baseline 0 -10"><span class='ocrx_word' id='word_1_221' title='bbox 380 2514 442 2579; x_wconf 86' lang='lat'>29,</span> <span class='ocrx_word' id='word_1_222' title='bbox 460 2543 505 2579; x_wconf 89' lang='lat'>30</span> <span class='ocrx_word' id='word_1_223' title='bbox 531 2532 655 2580; x_wconf 71' lang='lat' dir='ltr'>philon</span> <span class='ocrx_word' id='word_1_224' title='bbox 657 2532 773 2579; x_wconf 79' lang='lat' dir='ltr'>ophia</span> <span class='ocrx_word' id='word_1_225' title='bbox 790 2543 865 2570; x_wconf 85' lang='lat' dir='ltr'>non</span> <span class='ocrx_word' id='word_1_226' title='bbox 884 2533 916 2570; x_wconf 79' lang='lat' dir='ltr'>A</span> 
     </span>
    </p>
   </div>
   <div class='ocr_carea' id='block_1_9' title="bbox 384 2592 532 2598">
    <p class='ocr_par' dir='ltr' id='par_1_16' title="bbox 384 2592 532 2598">
     <span class='ocr_line' id='line_1_35' title="bbox 384 2592 532 2598; baseline 0 0"><span class='ocrx_word' id='word_1_227' title='bbox 384 2592 532 2598; x_wconf 95' lang='lat' dir='ltr'> </span> 
     </span>
    </p>
   </div>
   <div class='ocr_carea' id='block_1_10' title="bbox 681 2592 817 2596">
    <p class='ocr_par' dir='ltr' id='par_1_17' title="bbox 681 2592 817 2596">
     <span class='ocr_line' id='line_1_36' title="bbox 681 2592 817 2596; baseline 0 0"><span class='ocrx_word' id='word_1_228' title='bbox 681 2592 817 2596; x_wconf 95' lang='lat' dir='ltr'> </span> 
     </span>
    </p>
   </div>
   <div class='ocr_carea' id='block_1_11' title="bbox 381 2616 1855 2902">
    <p class='ocr_par' dir='ltr' id='par_1_18' title="bbox 381 2616 1854 2902">
     <span class='ocr_line' id='line_1_37' title="bbox 435 2616 1854 2672; baseline 0.001 -18"><span class='ocrx_word' id='word_1_229' title='bbox 435 2628 447 2654; x_wconf 84' lang='lat'>1</span> <span class='ocrx_word' id='word_1_230' title='bbox 477 2624 642 2654; x_wconf 81' lang='lat' dir='ltr'>moratur</span> <span class='ocrx_word' id='word_1_231' title='bbox 657 2620 695 2653; x_wconf 69' lang='lat' dir='ltr'>in</span> <span class='ocrx_word' id='word_1_232' title='bbox 722 2618 1038 2672; x_wconf 55' lang='grc' dir='ltr'>ἰαείϋῒοαίίοῃῶω</span> <span class='ocrx_word' id='word_1_233' title='bbox 1062 2618 1234 2653; x_wconf 75' lang='lat' dir='ltr'>Domt&#39;m&#39;:</span> <span class='ocrx_word' id='word_1_234' title='bbox 1261 2616 1308 2652; x_wconf 78' lang='lat' dir='ltr'>cf.</span> <span class='ocrx_word' id='word_1_235' title='bbox 1328 2617 1384 2653; x_wconf 78' lang='lat' dir='ltr'>Pa.</span> <span class='ocrx_word' id='word_1_236' title='bbox 1402 2616 1525 2653; x_wconf 84' lang='lat' dir='ltr'>cxviii.</span> <span class='ocrx_word' id='word_1_237' title='bbox 1549 2618 1600 2661; x_wconf 87' lang='lat'>16,</span> <span class='ocrx_word' id='word_1_238' title='bbox 1621 2628 1678 2664; x_wconf 86' lang='lat'>23,</span> <span class='ocrx_word' id='word_1_239' title='bbox 1695 2619 1754 2663; x_wconf 82' lang='lat'>48,</span> <span class='ocrx_word' id='word_1_240' title='bbox 1775 2627 1854 2663; x_wconf 83' lang='lat'>117.</span> 
     </span>
     <span class='ocr_line' id='line_1_38' title="bbox 381 2664 1854 2711; baseline -0.001 -8"><span class='ocrx_word' id='word_1_241' title='bbox 381 2666 406 2703; x_wconf 91' lang='lat'><strong>6</strong></span> <span class='ocrx_word' id='word_1_242' title='bbox 430 2671 548 2711; x_wconf 71' lang='lat' dir='ltr'>quaeat</span> <span class='ocrx_word' id='word_1_243' title='bbox 573 2668 666 2701; x_wconf 45' lang='lat' dir='ltr'>etos</span> <span class='ocrx_word' id='word_1_244' title='bbox 692 2677 725 2701; x_wconf 89' lang='lat' dir='ltr'>v.</span> <span class='ocrx_word' id='word_1_245' title='bbox 752 2665 808 2701; x_wconf 70' lang='lat' dir='ltr'>Pa.</span> <span class='ocrx_word' id='word_1_246' title='bbox 836 2664 965 2701; x_wconf 81' lang='lat' dir='ltr'>xxxiii.</span> <span class='ocrx_word' id='word_1_247' title='bbox 991 2675 1027 2710; x_wconf 93' lang='lat'>9.</span> <span class='ocrx_word' id='word_1_248' title='bbox 1135 2673 1155 2709; x_wconf 90' lang='grc'><em>7</em></span> <span class='ocrx_word' id='word_1_249' title='bbox 1182 2666 1323 2701; x_wconf 77' lang='lat' dir='ltr'>eodem.</span> <span class='ocrx_word' id='word_1_250' title='bbox 1349 2676 1397 2701; x_wconf 96' lang='grc' dir='ltr'>ιο.</span> <span class='ocrx_word' id='word_1_251' title='bbox 1417 2664 1587 2701; x_wconf 85' lang='lat' dir='ltr'>Platone.</span> <span class='ocrx_word' id='word_1_252' title='bbox 1688 2675 1731 2702; x_wconf 89' lang='lat'>10</span> <span class='ocrx_word' id='word_1_253' title='bbox 1755 2666 1854 2703; x_wconf 76' lang='lat' dir='ltr'>Haec</span> 
     </span>
     <span class='ocr_line' id='line_1_39' title="bbox 382 2711 1855 2759; baseline 0.001 -11"><span class='ocrx_word' id='word_1_254' title='bbox 382 2716 479 2749; x_wconf 77' lang='lat' dir='ltr'>aem&#39;m</span> <span class='ocrx_word' id='word_1_255' title='bbox 504 2712 1130 2749; x_wconf 64' lang='lat' dir='ltr'>otc.:v.130eth.00naol.1’h·.zos</span> <span class='ocrx_word' id='word_1_256' title='bbox 1148 2711 1202 2748; x_wconf 85' lang='lat' dir='ltr'>iii.</span> <span class='ocrx_word' id='word_1_257' title='bbox 1230 2715 1338 2748; x_wconf 81' lang='lat' dir='ltr'>metr.</span> <span class='ocrx_word' id='word_1_258' title='bbox 1369 2722 1409 2748; x_wconf 85' lang='lat'>12</span> <span class='ocrx_word' id='word_1_259' title='bbox 1433 2713 1540 2748; x_wconf 69' lang='lat' dir='ltr'>Felix</span> <span class='ocrx_word' id='word_1_260' title='bbox 1554 2725 1615 2759; x_wconf 79' lang='lat' dir='ltr'>qu</span> <span class='ocrx_word' id='word_1_261' title='bbox 1611 2714 1750 2759; x_wconf 69' lang='lat' dir='ltr'>potuit</span> <span class='ocrx_word' id='word_1_262' title='bbox 1770 2714 1855 2749; x_wconf 75' lang='lat' dir='ltr'>bom·</span> 
     </span>
     <span class='ocr_line' id='line_1_40' title="bbox 382 2760 1853 2807; baseline 0 -11"><span class='ocrx_word' id='word_1_263' title='bbox 382 2761 530 2796; x_wconf 75' lang='lat' dir='ltr'>Fontem</span> <span class='ocrx_word' id='word_1_264' title='bbox 553 2762 668 2795; x_wconf 66' lang='lat' dir='ltr'>uim-e</span> <span class='ocrx_word' id='word_1_265' title='bbox 690 2762 761 2796; x_wconf 76' lang='lat' dir='ltr'>luca</span> <span class='ocrx_word' id='word_1_266' title='bbox 758 2762 864 2804; x_wconf 70' lang='grc' dir='ltr'><em>’,ἀνω</em></span> <span class='ocrx_word' id='word_1_267' title='bbox 883 2760 991 2795; x_wconf 64' lang='lat' dir='ltr'>belis</span> <span class='ocrx_word' id='word_1_268' title='bbox 1009 2761 1073 2807; x_wconf 71' lang='lat' dir='ltr'>qui</span> <span class='ocrx_word' id='word_1_269' title='bbox 1091 2761 1208 2805; x_wconf 73' lang='lat' dir='ltr'>potuit</span> <span class='ocrx_word' id='word_1_270' title='bbox 1228 2771 1357 2806; x_wconf 72' lang='lat' dir='ltr'>ymmo</span> <span class='ocrx_word' id='word_1_271' title='bbox 1376 2761 1509 2796; x_wconf 70' lang='lat' dir='ltr'>Ter-rae</span> <span class='ocrx_word' id='word_1_272' title='bbox 1530 2762 1627 2796; x_wconf 71' lang='lat' dir='ltr'>solue</span> <span class='ocrx_word' id='word_1_273' title='bbox 1611 2772 1667 2796; x_wconf 71' lang='lat' dir='ltr'>ere</span> <span class='ocrx_word' id='word_1_274' title='bbox 1690 2762 1853 2798; x_wconf 72' lang='lat' dir='ltr'>uincula.</span> 
     </span>
     <span class='ocr_line' id='line_1_41' title="bbox 386 2806 1854 2862; baseline 0 -17"><span class='ocrx_word' id='word_1_275' title='bbox 386 2818 427 2853; x_wconf 74' lang='lat'>14</span> <span class='ocrx_word' id='word_1_276' title='bbox 446 2809 545 2854; x_wconf 70' lang='lat' dir='ltr'>feli:</span> <span class='ocrx_word' id='word_1_277' title='bbox 560 2809 624 2855; x_wconf 78' lang='lat' dir='ltr'>qm&#39;</span> <span class='ocrx_word' id='word_1_278' title='bbox 643 2809 761 2862; x_wconf 71' lang='lat' dir='ltr'>potunt</span> <span class='ocrx_word' id='word_1_279' title='bbox 778 2809 876 2844; x_wconf 83' lang='lat' dir='ltr'>etc..</span> <span class='ocrx_word' id='word_1_280' title='bbox 903 2806 1014 2854; x_wconf 79' lang='lat' dir='ltr'>Verg.</span> <span class='ocrx_word' id='word_1_281' title='bbox 1036 2809 1159 2852; x_wconf 68' lang='lat' dir='ltr'>Geom.</span> <span class='ocrx_word' id='word_1_282' title='bbox 1182 2806 1222 2842; x_wconf 86' lang='lat' dir='ltr'>ii.</span> <span class='ocrx_word' id='word_1_283' title='bbox 1245 2818 1323 2851; x_wconf 72' lang='grc'>490.</span> <span class='ocrx_word' id='word_1_284' title='bbox 1490 2816 1529 2851; x_wconf 88' lang='lat'>17</span> <span class='ocrx_word' id='word_1_285' title='bbox 1556 2808 1690 2843; x_wconf 72' lang='lat' dir='ltr'>Felices</span> <span class='ocrx_word' id='word_1_286' title='bbox 1706 2810 1854 2846; x_wconf 71' lang='lat' dir='ltr'>animae</span> 
     </span>
     <span class='ocr_line' id='line_1_42' title="bbox 381 2854 1678 2902; baseline -0.001 -9"><span class='ocrx_word' id='word_1_287' title='bbox 381 2855 688 2893; x_wconf 72' lang='lat' dir='ltr'>etc.20v.1·&#39;.aee</span> <span class='ocrx_word' id='word_1_288' title='bbox 705 2854 728 2893; x_wconf 86' lang='lat' dir='ltr'>i.</span> <span class='ocrx_word' id='word_1_289' title='bbox 746 2864 838 2902; x_wconf 71' lang='grc'><strong><em>297-</em></strong></span> <span class='ocrx_word' id='word_1_290' title='bbox 842 2856 920 2902; x_wconf 84' lang='grc'>308.</span> <span class='ocrx_word' id='word_1_291' title='bbox 1017 2856 1107 2891; x_wconf 70' lang='lat' dir='ltr'>hac:</span> <span class='ocrx_word' id='word_1_292' title='bbox 1131 2866 1180 2892; x_wconf 90' lang='grc' dir='ltr'>ιο.</span> <span class='ocrx_word' id='word_1_293' title='bbox 1199 2866 1320 2891; x_wconf 78' lang='lat' dir='ltr'>rerum</span> <span class='ocrx_word' id='word_1_294' title='bbox 1339 2866 1487 2899; x_wconf 58' lang='lat' dir='ltr'>caueam</span> <span class='ocrx_word' id='word_1_295' title='bbox 1510 2856 1596 2892; x_wconf 77' lang='lat' dir='ltr'>haec</span> <span class='ocrx_word' id='word_1_296' title='bbox 1612 2854 1678 2892; x_wconf 81' lang='lat' dir='ltr'>Ov.</span> 
     </span>
    </p>
   </div>
  </div>
 </body>
</html>
