1988 3250
181 211 280 244 οΑΡ.
295 201 440 257 xxm]
706 198 1144 244 POLICRATICVS
1662 200 1750 249 698
1771 200 1799 238 b

180 319 355 370 ctantis‚
374 317 719 376 imperfectionis
738 318 914 375 signum
930 321 1012 363 est.
1071 317 1261 375 Signum
1280 318 1402 371 dieo;
1421 317 1644 361 defectum

181 388 328 446 potius
359 387 548 430 dixerim
582 387 875 431 conscientiae
908 385 1206 429 manifestum.
1267 387 1468 439 Quodam
1504 387 1645 444 igitur
1662 403 1685 432 c

180 457 310 500 modo
329 471 466 513 eoque
485 456 675 514 glorioso
689 455 912 513 perfectus
927 458 995 498 est
1010 455 1087 511 qui
1108 455 1339 511 praeuidet
1358 456 1476 498 unde
1496 456 1645 498 ualeat

180 526 334 570 satiari
346 540 357 578 3
386 526 503 582 quod
523 525 607 568 etsi
631 525 851 568 neminem
872 524 945 567 uel
964 524 1203 567 admodum
1227 538 1389 581 paucos
1408 524 1644 580 gentilium

142 614 162 650 ⁵
179 597 400 638 assecutos
419 594 607 646 credam,
627 594 731 638 huic
750 596 900 637 tamen
924 593 1161 636 nonnullos
1181 593 1398 636 institisse
1419 594 1645 649 proposito

179 667 349 708 certum
383 663 537 714 habeo,
566 678 667 707 cum
707 665 754 706 et
792 662 965 706 ethicus
999 662 1141 706 dicat:
1185 661 1370 706 Certum
1405 665 1512 704 uoto
1544 665 1644 718 pete

179 733 334 785 finem;
368 732 464 775 sine
496 746 584 789 quo
613 732 660 774 in
690 731 916 774 infinitum
947 731 1086 774 animi
1115 731 1300 773 humani
1330 734 1515 773 conatus
1545 745 1643 787 pro-

179 802 380 846 tenditur
399 804 446 844 et
464 802 512 844 in
533 801 579 844 id
599 801 718 858 quod
744 801 925 844 omnino
948 803 1141 857 nequeat
1160 799 1447 857 apprehendi.
1510 800 1645 842 Porro

179 871 333 929 Magni
353 871 520 914 Montis
539 871 708 915 incolae
735 871 877 914 uitam
902 870 1196 928 praearduam
1224 869 1455 926 elegerunt
1479 872 1536 919 et,
1556 883 1646 911 non

121 961 164 988 ιο
178 940 309 984 modo
334 940 550 984 auaritiae
579 940 655 983 sed
682 940 823 997 ipsius
843 942 1030 982 naturae
1050 938 1375 996 quodammodo
1394 938 1646 988 domitores,

179 1010 328 1054 omnia
361 1010 636 1054 necessitatis
675 1010 861 1066 imperia
901 1009 1198 1059 excluserunt,
1231 1008 1489 1051 abiecerunt
1527 1007 1645 1050 solli-

179 1079 420 1124 citudinem
433 1080 628 1123 crastini.
659 1079 822 1123 Omnia
834 1078 989 1121 mundi
1000 1078 1324 1122 oblectamenta
1335 1081 1647 1135 contempnere

180 1162 338 1206 pamm
354 1151 421 1192 est
432 1149 550 1206 apud
568 1163 664 1201 eos;
691 1163 966 1206 quacumque
981 1148 1038 1191 ad
1052 1151 1203 1205 portas
1218 1162 1370 1190 eorum
1386 1147 1485 1204 quis
1499 1147 1647 1204 pulset

180 1217 385 1275 imagine,
419 1218 671 1261 excluditur
705 1221 751 1261 et
785 1217 997 1261 confusus
1032 1216 1252 1268 abscedit;
1294 1217 1341 1259 in
1373 1230 1448 1259 eas
1482 1216 1645 1272 quippe
1664 1221 1693 1261 d

121 1305 163 1341 15
178 1287 299 1331 solus
314 1286 520 1332 Christus
534 1287 797 1345 ingreditur,
808 1287 934 1331 cuius
949 1287 1206 1330 innituntur
1224 1286 1408 1343 gratiae,
1428 1286 1646 1329 iactantes

180 1357 423 1415 cogitatum
437 1372 566 1401 suum
583 1358 630 1400 in
646 1372 747 1400 eum
763 1358 840 1414 qui
856 1357 1065 1415 paruulos
1080 1357 1251 1400 enutrit
1270 1360 1316 1399 et
1336 1356 1415 1399 dat
1435 1356 1646 1398 iumentis

181 1441 323 1470 escam
357 1426 578 1484 pullisque
612 1441 846 1470 cornorum
864 1443 874 1480 3
910 1427 1006 1469 lilia
1045 1427 1183 1469 uestit
1217 1426 1315 1483 agri
1355 1429 1402 1468 et
1441 1425 1647 1468 omnibus

179 1497 458 1554 sperantibus
487 1496 535 1539 in
562 1511 608 1540 se
635 1500 716 1540 aut
742 1497 1073 1540 constitutionis
1102 1511 1208 1540 suae
1237 1495 1647 1553 obtemperantibus

181 1565 269 1625 legi
291 1566 537 1610 necessaria
560 1570 760 1623 praestat
780 1572 832 1610 ut
853 1566 989 1610 nichil
1010 1566 1126 1610 desit
1154 1566 1224 1608 his
1251 1565 1328 1622 qui
1355 1580 1402 1608 se
1432 1565 1527 1607 eius
1557 1579 1646 1607 non

51 1640 54 1644 '
122 1653 164 1679 πο
181 1635 486 1680 subtraxerint
520 1636 756 1679 uoluntati.
817 1636 974 1679 Totam
1005 1650 1110 1693 ergo
1145 1635 1487 1679 sollicitudinem
1521 1648 1646 1676 suam

182 1707 228 1749 et
265 1719 438 1748 omnem
478 1705 525 1747 in
565 1719 666 1748 eum
706 1705 940 1762 proiciunt,
971 1705 1042 1749 cui
1083 1704 1137 1747 de
1178 1704 1383 1747 fidelibus
1423 1717 1530 1747 cura
1570 1706 1648 1751 est,

181 1773 375 1831 adeoque
401 1774 663 1831 prudentiae
690 1774 896 1818 deuitant
923 1774 1153 1831 angustias
1178 1777 1230 1816 ut
1254 1773 1350 1816 uita
1377 1787 1529 1816 eorum
1551 1775 1649 1814 tota

181 1843 405 1887 nonnullis
452 1843 688 1900 temptatio
752 1843 983 1895 uideatur;
1038 1843 1181 1886 sancti
1230 1842 1448 1899 siquidem
1499 1846 1648 1899 patres

180 1926 320 1971 genus
338 1913 644 1970 temptationis
663 1912 902 1963 diffiniunt,
921 1927 1021 1956 cum
1043 1913 1142 1969 quis
1161 1912 1432 1969 agendorum
1453 1911 1649 1954 habenas

54 1992 60 1998 '
123 2001 164 2036 ²5
182 1981 335 2026 diuino
361 1982 598 2025 dumtaxat
623 1983 865 2026 committit
889 1982 1112 2031 miraculo,
1134 1982 1329 2024 humano
1353 1981 1550 2023 nondum
1571 1995 1648 2023 au-

182 2051 291 2094 xilio
302 2051 556 2095 destitutus.
603 2050 811 2096 Ceterum
828 2067 910 2110 ego
926 2052 1068 2094 uitam
1084 2051 1331 2108 placentem
1345 2050 1440 2094 Deo
1456 2051 1650 2093 arbitror

183 2120 439 2178 cupiditatis
464 2121 679 2179 ignaram,
706 2121 985 2165 insistentem
1012 2121 1290 2164 innocentiae
1317 2123 1363 2163 et
1387 2120 1649 2177 peruigilem

183 2189 380 2247 inopere
399 2190 608 2234 caritatis.
659 2190 778 2244 Quid
798 2205 903 2248 ergo
923 2190 971 2233 in
992 2191 1062 2233 his
1081 2193 1162 2233 aut
1183 2190 1229 2232 in
1250 2190 1339 2232 illis
1358 2189 1443 2232 sibi
1464 2189 1649 2247 palliata
1666 2202 1758 2250 699
1780 2211 1808 2239 a

184 2259 399 2317 ypocrisis
420 2259 686 2311 uendicabit‚
705 2260 952 2317 cupiditate
978 2260 1199 2304 deducta'l
1260 2259 1432 2316 Regula
1459 2273 1650 2315 namque

125 2347 168 2381 30
186 2328 414 2372 uerissima
441 2334 520 2379 est,
539 2329 656 2385 quod
685 2329 740 2372 de
771 2329 917 2374 radice
944 2330 1146 2373 caritatis
1176 2344 1265 2372 non
1295 2329 1503 2372 oriuntur
1532 2329 1651 2371 mala

185 2433 208 2469 6
233 2432 353 2470 eticus
369 2431 438 2468 0¹8
579 2434 600 2469 8
625 2431 835 2479 aprehendi
853 2431 878 2468 S
1026 2433 1068 2468 16
1093 2434 1131 2468 et
1148 2444 1215 2467 om.
1237 2431 1276 2467 M
1435 2442 1478 2478 19
1503 2430 1563 2467 his
1580 2443 1647 2467 om.

184 2479 217 2516 A
374 2490 421 2515 20
445 2479 711 2516 subtraxerunt
728 2479 766 2514 M
921 2490 965 2516 22
991 2479 1229 2525 prouidentie
1248 2478 1309 2515 CA
1462 2489 1508 2524 29
1533 2479 1649 2525 hypo-

185 2526 290 2563 crisis
306 2526 394 2563 GBS

233 2618 256 2653 6
285 2618 427 2653 Certum
444 2619 538 2655 etc.:
565 2618 653 2655 Hor.
671 2621 742 2665 Ep.
761 2618 785 2655 i.
804 2629 835 2655 2.
855 2621 910 2666 56.
1039 2631 1094 2665 11,
1115 2630 1156 2656 12
1181 2621 1461 2656 sollicitudinem
1478 2621 1650 2655 crastini:

187 2675 218 2700 v.
237 2663 346 2700 Matt.
363 2664 410 2700 vi.
427 2675 482 2711 34.
675 2676 712 2720 15
740 2668 915 2703 iactantes
929 2669 1002 2704 etc.
1020 2679 1028 2703 :
1056 2679 1087 2703 v.
1108 2668 1165 2703 Ps.
1183 2667 1245 2703 liv.
1264 2678 1319 2712 23.
1521 2668 1563 2703 16
1588 2669 1652 2702 dac

187 2713 356 2747 iumentis
371 2713 464 2748 etc.:
489 2723 521 2747 v.
537 2712 595 2748 Ps.
612 2713 721 2750 cxlvi.
734 2724 767 2760 9.
957 2724 998 2760 17
1023 2716 1123 2750 Lilia
1143 2717 1237 2751 etc.:
1264 2727 1296 2750 v.
1316 2714 1429 2750 Matt.
1446 2713 1493 2750 vi.
1513 2715 1572 2758 28,
1593 2725 1648 2759 30.

188 2768 234 2794 20
269 2759 392 2794 Totam
417 2760 509 2795 etc.:
541 2771 573 2795 v.
604 2771 617 2796 1
647 2761 745 2797 Petr.
773 2773 803 2796 v.
830 2770 862 2805 7.
1049 2772 1094 2808 23
1127 2764 1244 2797 sancti
1266 2764 1442 2808 siquidem
1470 2764 1542 2798 etc.
1559 2772 1567 2796 ε
1602 2761 1650 2796 cf.

187 2805 384 2841 Walafrid,
404 2804 525 2841 Strab.
544 2808 655 2843 Gloss.
673 2810 714 2843 in
730 2809 835 2844 Matt.
851 2810 896 2844 iv.
913 2810 936 2845 6
950 2820 959 2844 :
986 2810 1096 2845 Nemo
1111 2811 1208 2845 debet
1224 2814 1359 2845 tentare
1377 2811 1492 2845 Deum
1509 2811 1651 2854 quando

187 2853 290 2889 habet
305 2864 350 2888 ex
364 2854 524 2889 humana
539 2857 677 2891 ratione
692 2857 779 2902 quid
787 2858 920 2901 faciat.

1477 2935 1540 2970 205
