1988 3250
112 212 207 246 car.
223 198 286 260 11]
626 200 1061 246 POLICRATICVS
1587 211 1660 253 ⁷15
1678 203 1709 242 b

110 319 158 362 in
196 334 283 376 quo
321 322 470 363 tamen
508 319 606 377 ipso
645 334 735 362 una
768 334 868 363 cum
902 319 1109 362 satietate
1148 321 1359 364 memoria
1398 335 1570 378 quoque

111 388 297 432 moritur
335 389 591 446 uoluptatis,
650 389 769 432 Bene
809 388 942 431 etiam
982 388 1153 444 colligit
1191 389 1299 434 haec
1338 391 1486 446 pueris
1525 394 1570 434 et
1588 404 1613 435 c

109 458 377 502 mulierculis
408 460 454 501 et
485 457 624 504 seruis
658 460 704 500 et
737 471 965 503 seruorum
995 457 1232 500 simillimis
1262 458 1411 501 liberis
1441 463 1570 516 grata

110 541 213 580 esse,
250 527 379 584 graui
419 541 524 569 uero
559 526 727 572 homini
767 529 812 571 et
852 541 904 572 ea
943 541 1055 583 quae
1095 527 1211 570 fiunt
1249 530 1368 570 certo
1409 528 1571 571 iudicio

67 588 92 648 '⁵
109 596 371 655 ponderanti
400 595 522 641 nullo
549 595 678 638 modo
704 610 830 655 posse
854 595 1045 655 probari.
1105 595 1308 639 Valerius
1333 596 1570 649 Maximus,

108 664 185 708 sed
219 667 264 708 et
303 663 468 716 Cicero,
503 663 640 707 refert
681 664 798 722 quod
834 664 881 706 in
915 664 1182 714 Alexandro,
1218 666 1294 722 qui
1334 665 1569 722 largitione

107 733 449 778 beniuolentiam
490 734 778 776 Macedonum
817 734 1080 787 sectabatur,
1116 735 1229 778 hanc
1268 734 1569 792 profusionem

107 803 316 861 pecuniae
336 803 566 863 Philippus
580 802 800 860 arguerit3
820 805 865 845 et
880 803 1091 862 epistolae
1111 803 1288 861 quidem
1309 804 1445 846 uerba
1465 807 1571 846 sunt

107 873 236 916 haec:
267 872 396 926 Quod
425 874 470 915 te
500 871 665 914 malum
698 872 883 915 rationis
912 872 959 914 in
990 872 1120 915 istam
1151 887 1274 929 spem
1304 873 1485 916 induxit
1519 877 1571 916 ut

50 958 92 984 ιο
109 957 181 986 008
199 942 282 986 tibi
302 942 452 984 fideles
471 944 600 999 putes
616 956 725 998 quos
744 942 930 998 pecunia
949 942 1246 999 corrupisses?
1306 943 1378 986 Au
1400 946 1450 985 tu
1472 942 1570 985 ideo

106 1011 202 1069 agis
231 1013 283 1054 ut
314 1011 573 1054 Macedones
604 1026 693 1054 11011
723 1014 768 1054 te
798 1026 944 1068 regem
975 1025 1103 1054 suum
1134 1011 1211 1054 sed
1240 1012 1493 1054 ministrum
1524 1014 1569 1055 et

105 1080 398 1139 praebitorem
418 1081 608 1137 putent?
669 1080 796 1133 Quod
817 1080 994 1137 quidem
1016 1081 1108 1138 regi
1125 1081 1350 1124 sordidum
1372 1096 1463 1123 esse
1480 1096 1567 1124 non

105 1150 293 1208 ambigis
322 1152 367 1192 et
396 1149 689 1207 corruptelam
720 1164 853 1206 quam
883 1149 1163 1206 largitionem
1193 1150 1341 1207 potius
1371 1150 1481 1202 dici;
1516 1150 1569 1193 fit

56 1230 59 1234 '
106 1219 222 1262 enim
261 1219 452 1263 deterior
491 1219 568 1276 qui
602 1218 762 1276 accipit
796 1222 930 1275 atque
965 1219 1022 1261 ad
1066 1219 1182 1262 idem
1227 1234 1398 1276 semper
1437 1235 1567 1277 expe-

49 1303 87 1340 1⁵
105 1288 312 1335 ctandum
342 1288 549 1348 paratior.
629 1287 747 1341 Quid
777 1290 926 1330 autem
961 1291 1028 1333 est
1061 1288 1243 1334 stultius
1278 1304 1411 1348 quam
1450 1289 1566 1346 quod
1585 1290 1615 1331 d

105 1357 242 1401 facias
280 1357 468 1400 libenter
506 1372 659 1400 curare
699 1359 751 1400 ut
790 1357 836 1399 id
876 1357 1046 1400 diutius
1085 1357 1229 1401 facere
1270 1373 1357 1401 non
1398 1359 1567 1416 possis'ss

106 1427 380 1485 Largitiones
419 1426 730 1469 immoderatas
770 1427 951 1484 rapinae
990 1431 1254 1484 sequentur-3
1301 1442 1401 1470 cum
1448 1429 1566 1471 enim

104 1495 249 1541 dando
277 1511 403 1554 egere
432 1497 635 1554 coeperiS,
663 1496 790 1539 bonis
820 1496 976 1539 alienis
1006 1511 1163 1539 manus
1193 1497 1359 1554 cogeris
1390 1497 1566 1542 inferre,

103 1565 271 1627 Itaque,
291 1580 389 1609 cum
410 1565 734 1612 beniuolentiae
761 1566 1079 1623 comparandae
1106 1581 1238 1610 causa
1258 1566 1318 1609 sis
1342 1566 1566 1624 prodigus,

46 1652 88 1678 ²0
103 1649 192 1679 non
222 1637 350 1678 tanta
378 1635 527 1678 studia
552 1635 796 1692 assequeris
825 1650 975 1678 eorum
1007 1635 1167 1692 quibus
1195 1636 1367 1679 dederis
1397 1641 1566 1694 quanta

103 1719 252 1749 eorum
267 1705 367 1751 odia
382 1705 541 1762 quibus
556 1705 781 1751 ademeris.
826 1705 1121 1758 Quamobrem
1137 1721 1216 1749 nec
1236 1706 1302 1749 ita
1321 1707 1565 1753 claudenda

103 1776 170 1818 est
188 1788 258 1818 res
276 1773 509 1817 familiaris
528 1777 580 1818 ut
600 1789 697 1817 eam
718 1774 971 1832 benignitas
995 1775 1166 1832 aperire
1193 1791 1281 1818 non
1309 1777 1460 1835 possit,
1484 1792 1564 1821 nec

102 1843 168 1887 ita
205 1843 438 1889 reseranda
475 1846 528 1886 ut
566 1843 770 1888 omnibus
809 1846 983 1901 pateat;
1029 1844 1106 1887 sed
1145 1845 1368 1905 utrimque
1408 1846 1564 1889 modus

103 1912 363 1956 adhibeatur
410 1913 534 1974 isque
583 1912 804 1956 referatur
851 1913 909 1956 ad
958 1912 1207 1957 facultates.
1278 1914 1337 1957 Et
1385 1915 1564 1973 quidem

46 2001 86 2036 ²5
104 1981 326 2040 eleganter
362 1982 456 2029 siue
496 1982 726 2043 Philippus
760 1983 854 2026 siue
888 1983 1003 2030 alius
1037 1983 1263 2042 popularis
1298 1984 1430 2029 huius
1464 1999 1563 2042 pro·

103 2050 288 2095 fusionis
326 2051 730 2095 immoderationem
769 2052 981 2104 cohibuit,
1017 2067 1129 2112 quae
1165 2053 1341 2114 quidem
1373 2054 1561 2112 gloriam

102 2119 279 2164 uidetur
311 2121 477 2173 afferre,
508 2120 585 2168 sed
615 2135 736 2167 more
769 2122 1029 2173 meretricio,
1063 2136 1163 2168 cum
1203 2138 1273 2166 res
1307 2122 1560 2175 defecerint,
1578 2125 1652 2174 716
1674 2136 1706 2165 a

103 2189 333 2236 euanescit.
402 2189 519 2235 Nam
538 2190 709 2247 gratiae
729 2205 862 2249 quam
887 2205 976 2233 non
997 2191 1142 2236 uirtus
1162 2192 1239 2235 sed
1259 2192 1441 2239 fortuna
1461 2208 1561 2237 con-

101 2258 224 2302 ciliat
242 2273 364 2303 amor
382 2259 623 2306 meretricis
643 2260 883 2306 rectissime
903 2264 1198 2320 comparatur.

101 2408 124 2444 8
147 2406 352 2454 phylippus
366 2407 406 2447 M
549 2418 593 2455 27
618 2409 718 2447 ferre
734 2410 767 2446 Δ

151 2545 169 2583 5
201 2538 365 2573 Valmus
378 2539 583 2575 Maximus:
607 2552 638 2576 v.
655 2540 737 2576 Val.
754 2540 854 2578 Max.
872 2541 935 2577 vii.
953 2544 1068 2579 2ext.
1090 2552 1143 2580 10.
1309 2545 1333 2580 6
1361 2545 1501 2580 cicero.
1527 2557 1559 2581 v.

102 2582 178 2620 Cic.
204 2585 247 2620 de
277 2585 342 2629 Offi
371 2584 413 2623 11.
443 2594 482 2632 15
509 2586 554 2669 ἐξ
588 2588 951 2642 53-550100101118
982 2589 1108 2626 locum
1139 2602 1255 2637 usque
1287 2591 1336 2629 ad
1361 2594 1561 2638 facultate&

103 2629 276 2677 sequitur
291 2631 456 2675 Ioannes,
470 2643 508 2669 se
549 2596 752 2671 abbreviat.
894 2646 940 2682 ²9
963 2639 1182 2674 meretricis.
1209 2638 1332 2686 qualis
1348 2642 1430 2677 erat
1445 2639 1559 2677 'rhais

103 2677 338 2722 Terentiana,
357 2678 402 2716 de
419 2691 492 2731 qua
508 2679 548 2720 iu
565 2681 733 2728 capitulo
750 2683 936 2730 sequenti.

1387 2923 1451 2958 235
