1988 3250
699 685 1064 739 APPENDIX
1108 685 1166 736 ΙΙ

616 830 708 878 (vide
724 832 752 869 t.
770 830 812 878 ii,
830 843 866 879 p.
883 839 967 879 425.
985 839 1029 879 25
1049 842 1138 880 app.
1156 830 1257 878 crit.)

10 955 26 986 ’ὲ-
247 953 457 1000 Sequuntur
469 953 636 988 versiculi
655 953 699 988 de
713 953 874 998 fallacia
890 952 1020 988 mundi
1038 962 1126 1000 quos
1140 952 1180 988 in
1200 952 1273 989 cod.
1293 953 1323 989 S
1328 954 1472 1000 payv'na
1490 960 1670 1000 postrema

200 1023 297 1049 man.
313 1023 403 1048 saec.
421 1012 482 1047 xiv
495 1011 651 1058 scripsit,
669 1022 734 1048 nec
749 1012 840 1048 amn·
855 1011 963 1059 (quod
976 1010 1105 1056 sciam)
1124 1012 1222 1058 typis
1236 1014 1440 1049 commissos
1456 1013 1623 1050 invenies.

24 1126 25 1130 „
15 1111 18 1120 ‘
18 989 33 1094 -ae-a-Jz„

339 1113 518 1160 Queritur
539 1121 564 1150 a.
587 1113 731 1150 mundo
755 1113 855 1161 quod
879 1115 985 1150 totus
1009 1124 1086 1150 non
1110 1113 1220 1152 daret
1243 1113 1312 1151 uni

387 1172 567 1209 Subditus
591 1173 636 1209 ut
660 1172 779 1210 faciat
802 1172 891 1209 inde
915 1172 1050 1209 beatus
1073 1171 1200 1210 homo.

340 1229 414 1276 Qui
437 1230 552 1268 timet
575 1230 643 1267 aut
668 1232 796 1278 sperat
821 1229 1012 1278 gaudetue
1035 1229 1190 1268 doletue
1213 1230 1350 1268 beatus

386 1289 472 1326 Non
497 1288 596 1332 erit3
628 1289 698 1326 hec
723 1288 858 1326 mundi
882 1290 970 1325 sunt
994 1288 1097 1325 mals
1121 1288 1244 1327 mixta
1266 1290 1387 1328 bonis.

339 1348 422 1385 Hec
446 1347 548 1384 mala
571 1347 736 1384 mundus
760 1347 878 1384 habet
901 1358 974 1394 que
1000 1349 1107 1385 motu
1132 1349 1315 1396 temporis
1337 1349 1443 1389 omni

387 1406 582 1451 Crescunt,
609 1405 828 1453 augmentis
852 1404 1111 1452 multiplicata.
1134 1407 1224 1444 suis.

338 1465 524 1512 Prospera.
546 1466 747 1502 mutantur
769 1464 950 1508 aduersis,
976 1463 1105 1501 tristia.
1128 1465 1236 1510 letis:

385 1523 446 1561 Sic
471 1525 556 1560 rota
579 1522 734 1561 fortune
759 1523 903 1560 nobilis
927 1523 998 1560 ills.
1021 1526 1166 1561 monet.

338 1582 506 1620 Presidet
530 1581 602 1619 hec
628 1581 783 1627 mundo,
810 1580 1015 1619 mundanis
1038 1582 1108 1620 hec
1132 1582 1363 1628 dominatur,

384 1640 498 1678 Ludit
523 1642 562 1678 et
585 1639 627 1677 in
651 1640 775 1684 rebus,
802 1640 967 1678 moribus
992 1653 1060 1678 usa
1083 1641 1173 1680 suis.
1627 1655 1669 1680 ιο

337 1698 494 1737 Summa
516 1699 670 1747 premit,
694 1710 783 1736 mox
806 1711 897 1746 yma
921 1699 1048 1746 leuat3
1083 1700 1136 1737 sic
1162 1701 1290 1738 omnia
1312 1701 1456 1746 turbat,

383 1758 462 1796 Nec
486 1757 578 1795 sinit
600 1757 681 1795 ulla
704 1757 803 1796 leuis
827 1758 938 1795 firma
962 1770 1115 1796 manere
1139 1759 1218 1798 diu.

338 1816 389 1855 Et
412 1816 534 1854 nichil
558 1816 618 1853 his
640 1816 792 1862 stabile,
817 1817 971 1853 firmum
996 1817 1130 1862 nichil,
1157 1817 1287 1856 omnia
1310 1830 1421 1856 cursu

384 1874 620 1922 Precipitata
642 1873 722 1912 leui
745 1874 978 1921 preteritum
1004 1876 1132 1912 ruunt.

338 1933 420 1972 Hec
444 1932 659 1979 stimulant,
685 1935 844 1981 angunt,
869 1932 1044 1970 cruciant
1068 1933 1264 1972 mundans.
1288 1937 1535 1982 sequentem3

385 1990 488 2039 Ergo
512 2004 598 2029 cum
621 1992 762 2029 mundo
786 2003 899 2030 nemo
923 1992 1057 2029 beatus
1082 1992 1166 2030 erit.

338 2050 434 2096 Quid
458 2062 526 2088 nos
550 2050 709 2088 exilium
733 2051 901 2088 delectat
914 2052 935 2088 ‘?
966 2051 1059 2098 quid
1084 2051 1277 2099 peregrini

384 2107 477 2146 Esse
500 2109 568 2146 diu
591 2109 795 2147 uolumus?
827 2110 918 2157 quid
942 2110 1007 2148 uia
1030 2109 1149 2158 longa
1173 2110 1316 2150 iuuat?

340 2166 412 2204 Hic
436 2167 543 2206 labor
565 2169 606 2205 et
629 2168 737 2206 dolor
761 2170 842 2211 est;
875 2169 976 2206 mala
1000 2180 1068 2206 nos
1092 2168 1155 2206 hic
1179 2171 1346 2217 undique
1369 2169 1553 2213 turbant;

385 2225 459 2263 Hic
483 2238 680 2274 nunquam
703 2226 850 2274 requies
874 2228 1030 2274 integra.
1054 2239 1190 2275 par-sue
1215 2231 1367 2271 manet;
1620 2239 1668 2266 20

340 2284 413 2320 Hic
438 2284 586 2331 requies
610 2284 718 2321 labor
742 2287 812 2332 est,
838 2285 939 2333 quia,
964 2286 1053 2322 dum
1079 2298 1212 2333 eorpus
1235 2286 1450 2334 requiescit,

385 2342 611 2380 Concutitur
633 2343 766 2380 multis
791 2356 898 2381 mens
921 2344 1072 2391 agitata
1096 2345 1217 2382 malis.

340 2399 514 2447 Corporis
537 2400 580 2437 in
603 2401 774 2448 requiem
800 2402 908 2450 plebs
931 2402 1100 2451 insurgit
1124 2403 1325 2452 uiciorum,

388 2459 506 2505 Inque
530 2459 747 2506 uoluptates
772 2473 880 2498 mens
906 2461 1074 2499 resoluta
1096 2461 1183 2501 ruit.

341 2516 451 2553 Pacis
475 2517 715 2564 prosperitas,
741 2518 862 2556 elacio
885 2520 1151 2567 prosperitatis

387 2574 454 2611 Est
481 2587 627 2620 comes;
659 2575 732 2614 hec
757 2577 858 2615 uicia
881 2580 1008 2616 cetera
1033 2590 1180 2626 queque
1204 2580 1319 2628 parit.

339 2633 457 2679 Quem
482 2646 593 2672 nemo
618 2637 744 2681 uexat,
768 2637 928 2674 mundus
952 2649 1038 2674 cum
1063 2636 1240 2685 principe
1265 2637 1400 2674 mundi

387 2693 549 2740 Impetit
572 2695 612 2731 et
635 2693 746 2731 uiciis
769 2697 883 2733 uexat
906 2695 1028 2732 amica
1051 2706 1149 2732 caro.

563 2805 596 2830 2.
620 2798 642 2830 l.
659 2796 723 2831 fiat
941 2798 963 2834 8
976 2799 1094 2837 forsan
1108 2796 1133 2832 Ζ.
1150 2798 1295 2832 mobilis

1484 2873 1551 2908 435
