1988 3250
278 220 353 266 741
369 214 399 260 d
744 206 1006 260 IOANmS
1045 214 1559 260 SARESBERIENSIS
1660 213 1772 275 [mn.
1787 225 1881 259 vul

413 349 574 394 panem
620 339 861 394 antequam
903 336 1134 396 frangeret
1172 337 1429 381 benedicere
1470 336 1713 381 consueuit.
1791 334 1881 380 Sed

412 409 459 450 et
478 406 590 449 illud
610 406 780 450 celebre
800 409 868 450 est
880 406 1106 464 sapientis,
1119 407 1238 464 quod
1257 406 1548 464 philosophia,
1565 420 1677 463 quae
1697 405 1878 450 unicum

412 490 576 519 munus
605 478 673 519 est
698 475 880 519 deorum
911 477 957 519 et
987 475 1222 534 disciplina
1250 476 1596 533 disciplinarum,
1621 474 1881 518 honoranda

412 548 482 588 est
500 545 765 602 anteloquio.
824 544 969 589 Ciuile
989 560 1163 603 quoque
1183 549 1252 589 est
1275 547 1321 588 et
1350 545 1486 589 sacris
1513 545 1677 588 litteris
1700 559 1881 588 consen-

412 617 594 658 taneum
615 619 696 658 aut
714 615 894 658 omnino
914 614 1043 658 silere
1063 615 1111 657 in
1131 630 1283 658 mensa
1298 617 1351 658 ut
1365 615 1522 658 audias
1541 614 1599 657 ad
1618 613 1881 671 profectum,
1899 628 1918 662 5

411 687 493 727 aut
530 684 649 727 unde
688 684 922 741 proficiant
954 683 1030 727 alii
1063 686 1144 728 aut
1162 685 1274 727 'sine
1304 684 1435 741 culpa
1473 684 1670 727 letentur
1699 682 1880 726 doctum

410 753 610 811 proferre
622 766 884 806 sermonem;
908 753 1126 810 siquidem
1142 756 1188 796 et
1203 754 1322 796 inter
1333 753 1649 796 comedendum
1662 752 1882 796 Dominus

410 822 645 880 parabolas
673 825 754 865 aut
782 823 920 865 uerba
949 821 1071 866 uitae
1100 822 1358 879 frequenter
1396 822 1674 865 auditoribus
1711 821 1880 867 miscet.

410 892 530 936 Sunt
548 895 699 935 autem
719 891 852 934 nimis
872 891 1022 935 tristia
1041 895 1088 934 et
1108 891 1202 934 fere
1221 891 1453 934 ciuilitatis
1480 891 1648 948 ignara,
1668 891 1747 934 ubi
1766 890 1882 934 citra

408 962 687 1019 uoluptatem
707 961 917 1004 audiendi
938 960 1057 1004 solus
1081 964 1239 1004 uenter
1264 961 1475 1018 impletur
1492 963 1573 1004 aut
1592 960 1671 1004 ubi
1691 960 1880 1005 clamore
1900 974 1942 999 ιο

410 1031 615 1075 anserino
642 1033 688 1074 et
716 1030 880 1087 ineptis
907 1028 1073 1074 fabulis
1104 1030 1313 1074 conuiuia
1339 1033 1638 1088 perstrepunt.
1698 1029 1792 1073 Nec
1813 1031 1899 1073 est·

411 1100 489 1157 qui
515 1100 729 1143 musicam
753 1103 912 1150 arceat,
932 1114 1033 1143 cum
1064 1114 1137 1144 ars
1166 1100 1376 1144 innocens
1406 1100 1467 1143 sit
1492 1099 1603 1143 adeo
1630 1099 1809 1157 quidem
1827 1100 1882 1143 ut

411 1183 508 1213 eam
530 1169 734 1213 Socrates
754 1169 920 1213 discere
940 1169 989 1211 in
1013 1171 1239 1212 senectute
1259 1169 1494 1213 curauerit.

264 1265 344 1307 742
363 1265 394 1296 a
586 1262 596 1279 ‘
612 1255 872 1300 Cantabunt
900 1255 1036 1300 michi
1065 1250 1278 1299 Dametas
1308 1258 1354 1299 et
1384 1255 1532 1299 Licius
1562 1254 1689 1312 Egon
1702 1254 1713 1271 '

408 1338 539 1383 ciuile
559 1342 649 1393 est3
1767 1359 1770 1363 ·
1900 1339 1940 1392 ¹5

582 1432 592 1450 ‘
609 1425 836 1469 Saltantes
864 1424 1025 1468 satiros
1054 1422 1307 1467 imitabitur
1334 1423 1629 1481 Alphesibeus
1645 1423 1654 1440 '

408 1517 466 1561 ad
486 1517 658 1575 plebeia
676 1517 851 1560 transit.
910 1516 998 1560 Illa
1021 1531 1127 1574 ergo
1156 1530 1269 1574 quae
1292 1516 1516 1574 apertiora
1542 1518 1650 1559 sunt
1678 1519 1725 1560 et
1753 1516 1879 1560 uitiis

408 1587 551 1645 magis
566 1587 754 1630 aduersa
773 1586 1041 1644 proferenda
1053 1586 1160 1629 sunt
1174 1586 1312 1629 uerba
1326 1589 1372 1629 et
1384 1600 1496 1643 quae
1512 1585 1737 1629 luxuriam
1751 1585 1878 1644 iugu-

407 1656 516 1707 lant,
551 1660 700 1700 amota
731 1659 882 1699 tamen
913 1655 986 1699 uel
1020 1654 1145 1698 tenui
1177 1655 1423 1713 suspicione
1458 1655 1688 1698 auaritiae.
1754 1654 1879 1699 Licet

407 1725 525 1769 enim
546 1725 948 1783 intemperantibus
974 1725 1035 1768 sit
1061 1723 1207 1782 sopita
1236 1739 1351 1768 uena
1381 1724 1560 1782 ingenii,
1580 1738 1670 1767 non
1696 1724 1878 1768 omnino
1898 1740 1942 1766 ιο

407 1795 652 1838 extinctam
685 1809 778 1838 esse
809 1797 1032 1838 correctus
1066 1794 1258 1837 Polemio
1292 1794 1420 1837 testis
1454 1796 1532 1837 est.
1604 1793 1692 1837 Hic
1726 1796 1878 1837 autem

407 1863 608 1921 perditae
638 1864 843 1907 luxuriae
874 1863 1125 1907 adolescens
1152 1862 1343 1906 Athenis
1371 1863 1473 1913 fuit,
1489 1878 1631 1921 neque
1660 1863 1878 1907 illecebris

404 1933 499 1977 eius
533 1932 842 1976 tantummodo
875 1932 951 1976 sed
988 1935 1034 1976 et
1068 1932 1166 1990 ipsa
1199 1931 1387 1976 infamia
1419 1933 1631 1990 gaudens.
1701 1932 1817 1978 Cum
1851 1947 1877 1977 e

406 2003 613 2047 conuiuio
633 2018 722 2046 non
741 2006 843 2060 post
862 2017 1062 2046 occasum
1083 2002 1188 2045 solis
1212 2002 1289 2045 sed
1319 2006 1419 2060 post
1442 2005 1591 2046 ortum
1611 2003 1878 2046 surrexisset

407 2073 675 2130 domumque
695 2072 868 2116 rediens
889 2072 1150 2116 Xenocratis
1171 2071 1420 2129 philosophi
1448 2075 1674 2129 patentem
1695 2073 1876 2116 ianuam
1897 2090 1939 2125 ²5

359 2142 390 2183 b
408 2142 605 2193 uidisset,
644 2142 751 2185 uino
790 2142 953 2199 grauis,
993 2142 1234 2198 unguentis
1277 2141 1513 2192 delibutus,
1552 2142 1683 2185 sertis
1731 2142 1877 2200 capite

409 2211 626 2262 redimito,
646 2211 873 2269 perlucida
893 2214 1017 2254 ueste
1038 2211 1239 2262 amictus,
1254 2210 1466 2254 refertam
1486 2211 1620 2254 turba
1646 2210 1877 2255 doctorum

411 2326 454 2362 16
477 2326 620 2371 satyros
639 2324 675 2360 M
821 2334 865 2360 22
890 2323 1138 2360 adholescens
1156 2323 1188 2359 Α

459 2443 472 2471 1
502 2435 704 2469 benedicere
727 2435 935 2469 consueuit:
963 2444 995 2470 v
1022 2432 1130 2469 Matt.
1155 2433 1225 2469 xiv.
1249 2442 1301 2478 19,
1316 2444 1378 2487 Jtv.
1405 2434 1459 2479 36,
1478 2433 1576 2470 xxvi.
1604 2435 1658 2478 26,
1684 2433 1801 2471 Marc.
1828 2433 1876 2472 vi.

407 2490 464 2526 41,
483 2480 560 2517 viii.
579 2482 613 2523 6,
641 2480 712 2517 xiv.
731 2491 786 2524 22,
813 2480 899 2517 Luc
919 2479 969 2517 ix.
992 2482 1044 2526 16,
1071 2479 1161 2517 xxii.
1184 2491 1234 2526 19,
1263 2480 1360 2516 xxiv.
1371 2491 1436 2535 30,
1464 2481 1594 2538 10111111.
1612 2481 1658 2520 vi.
1680 2491 1735 2527 11,
1757 2492 1770 2519 1
1792 2481 1876 2519 Cor.

408 2528 459 2564 xi
479 2538 535 2572 24.
682 2539 702 2564 2
725 2529 954 2574 philosopha
971 2527 1257 2565 ο1ο.;Μ1ω1-οὺ
1276 2530 1349 2564 Sat.
1368 2527 1393 2564 i.
1412 2538 1457 2573 24
1476 2528 1494 2575 ξ
1515 2529 1571 2566 21’.
1737 2538 1758 2574 7
1784 2531 1881 2566 inter

406 2577 657 2612 comedendum
675 2578 768 2612 etc:
796 2574 952 2611 ν.Μ1111..
972 2574 1068 2611 xxvi.
1088 2586 1127 2612 21
1145 2587 1183 2611 se
1275 2575 1362 2611 Luc.
1377 2574 1440 2611 vii.
1457 2587 1628 2623 4011111111,
1647 2575 1718 2613 xiv.
1735 2587 1875 2623 xseqq..

407 2623 483 2659 xix.
500 2625 646 2668 eueqq..
666 2626 737 2659 etc.
882 2624 903 2659 8
928 2624 1036 2658 uerba
1054 2625 1172 2659 uitae:
1187 2588 1328 2660 (ioann.
1348 2623 1394 2659 vi.
1413 2625 1471 2661 68.
1605 2634 1656 2666 12,
1675 2634 1716 2670 13
1741 2629 1782 2660 ut
1798 2636 1878 2661 eam

407 2673 586 2707 Socraten:
613 2682 643 2706 v.
671 2669 827 2714 Quintil.
854 2671 943 2706 Inet.
971 2672 1067 2706 Ome.
1096 2669 1119 2706 i.
1150 2670 1234 2716 10§
1255 2681 1321 2761 (33.
1487 2681 1527 2716 ¹4
1555 2672 1760 2708 Cantabunt
1784 2674 1876 2708 eto.-

408 2718 517 2763 Vera.
539 2719 814 2763 11:01.v.72.73‚
961 2727 1001 2761 17
1026 2730 1050 2754 a
1077 2719 1230 2753 ertiom.
1255 2717 1355 2761 Quae
1372 2717 1422 2754 sit
1438 2724 1564 2765 operm
1582 2721 1749 2755 narratio
1766 2718 1879 2756 docet

408 2765 487 2802 Cic.
503 2767 546 2801 de
565 2766 650 2800 Inve
652 2771 700 2800 nt.
719 2764 742 2801 i.
770 2763 859 2811 205
888 2774 933 2810 29
945 2730 1128 2811 ·quai'em
1156 2764 1269 2802 fuisse
1289 2765 1497 2802 orationem
1516 2765 1632 2809 illam,
1639 2777 1764 2821 quam
1787 2778 1876 2803 mox

407 2812 508 2849 infra
534 2814 726 2856 memorat,
747 2774 969 2848 xenocratis
994 2812 1040 2849 de
1067 2812 1250 2849 modestia
1272 2815 1310 2849 et
1326 2813 1579 2868 temperantia
1596 2812 1755 2851 minime
1774 2812 1876 2851 dubi-

406 2860 563 2898 tandum
582 2863 649 2897 11111.
793 2870 834 2897 21
863 2861 935 2896 Hic
952 2865 1071 2897 autem
1088 2862 1183 2897 etc.:
1210 2860 1290 2897 Val.
1311 2861 1409 2897 Max.
1429 2860 1474 2898 vi.
1492 2871 1514 2907 9
1531 2862 1605 2897 ext.
1626 2860 1644 2909 ξ
1669 2870 1699 2899 1.
