1988 3250
258 201 334 244 777
348 203 384 233 a
730 193 994 238 IOANNIS
1034 193 1550 238 SARESBER-IENSIS
1655 190 1766 252 [Lm.
1781 204 1873 238 vlu

401 326 658 370 compagem
677 313 841 370 quietis
861 316 908 357 et
930 313 1064 371 pacis,
1084 327 1173 370 qua
1191 312 1330 356 nichil
1349 312 1572 356 salubrius
1591 315 1671 364 est,
1689 312 1874 356 molitur

401 381 675 439 extinguere.
732 381 963 439 Siquidem
990 382 1098 426 haec
1125 381 1312 425 flumina
1338 380 1570 425 caritatem
1601 381 1874 439 extinguunt

402 450 472 494 his
491 451 654 508 quibus
674 451 772 494 uita
790 454 993 509 negatur.
1052 450 1110 494 In
1125 451 1195 494 his
1211 450 1426 492 Tantalus
1446 450 1620 493 laborat
1638 450 1687 492 in
1706 450 1874 495 fabulis

401 519 516 563 citra
553 519 819 573 satietatem,
849 524 896 563 et
927 535 1070 564 sermo
1104 520 1389 577 propheticus
1423 517 1681 577 degentium
1719 520 1768 563 in
1801 520 1873 564 his

401 588 531 646 aquis
573 589 773 647 increpat
811 588 945 633 sitim.
1005 589 1218 633 Sitientes
1265 603 1370 646 ergo
1415 587 1473 631 ad
1519 602 1658 646 aquas
1706 589 1874 634 inuitat
1892 601 1912 637 5

401 658 638 716 oppositas,
667 673 782 716 quae
813 672 840 702 a
870 658 1032 716 spiritu
1064 658 1304 716 profluunt,
1325 657 1490 715 absque
1527 659 1873 704 commutatione

401 728 544 785 gratis
574 731 829 786 accepturos
864 743 892 771 a
926 728 1074 786 gratia
1107 727 1264 770 uinum
1303 730 1348 770 et
1380 726 1458 770 lac.
1519 727 1679 781 Quare,
1710 728 1872 786 inquit,

402 796 654 854 appenditis
684 800 920 855 argentum
951 812 1040 840 non
1071 796 1119 839 in
1149 796 1351 853 panibus,
1371 799 1418 839 et
1447 796 1642 840 laborem
1671 800 1872 841 uestrum

405 881 495 909 non
534 866 582 909 in
625 867 892 910 saturitate?
969 865 1137 909 Audite
1179 865 1411 908 audientes
1453 880 1524 909 me
1569 867 1615 909 et
1659 866 1875 911 comedite

360 937 390 976 b
408 935 583 989 bonum,
599 938 646 979 et
671 935 965 979 delectabitur
990 935 1038 977 in
1061 933 1353 978 crassitudine
1380 934 1530 978 anima
1548 938 1710 979 uestra.
1769 935 1815 980 N
1816 950 1875 980 on
1893 951 1937 977 1ο

405 1004 562 1062 utique
591 1005 639 1048 in
668 1005 747 1048 illa
775 1005 823 1048 in
853 1019 942 1062 qua
970 1003 1306 1047 delectationem
1335 1018 1426 1047 non
1455 1004 1590 1048 habet
1619 1005 1769 1049 anima
1796 1005 1875 1050 sed

402 1088 530 1127 car03
567 1074 616 1117 in
646 1074 724 1119 illa
752 1075 800 1118 in
827 1089 916 1132 qua
939 1073 1238 1117 recalcitrauit
1267 1072 1455 1117 dilectus
1484 1074 1765 1126 incrassatus,
1791 1075 1873 1118 im-

402 1143 659 1201 pinguatus,
691 1144 918 1195 dilatatus,
949 1144 1026 1187 sed
1059 1142 1106 1186 in
1137 1158 1228 1200 qua
1263 1142 1539 1186 benedicitur
1571 1143 1702 1195 filius,
1735 1147 1789 1188 ut
1826 1144 1874 1188 in

403 1227 502 1257 rore
537 1213 891 1271 superuenientis
929 1212 1102 1271 gratiae
1137 1216 1183 1257 et
1222 1212 1492 1271 pinguedine
1531 1212 1660 1256 liberi
1698 1213 1875 1258 arbitrii

403 1282 682 1326 uoluntatem
730 1282 815 1326 Dei
865 1283 1108 1340 prudenter
1151 1282 1386 1339 intelligat,
1430 1285 1636 1339 potenter
1679 1283 1876 1341 impleat,
1895 1296 1935 1332 η

403 1351 565 1395 toleret
611 1351 844 1409 patienter.
917 1351 1015 1395 Hae
1064 1351 1216 1408 itaque
1257 1351 1588 1409 impinguantes
1631 1355 1678 1395 et
1724 1352 1876 1398 dulces

405 1435 547 1478 aquae
571 1423 678 1464 sunt
704 1423 750 1465 et
777 1435 890 1478 quae
914 1421 1025 1464 alias
1050 1435 1203 1464 omnes
1226 1423 1490 1477 temperant,
1509 1420 1615 1477 quia
1641 1421 1711 1465 his
1735 1421 1876 1466 salsu-

403 1490 554 1548 ginem
588 1504 741 1533 earum
775 1490 1006 1534 absorbuit
1039 1489 1212 1548 lignum
1244 1489 1385 1533 crucis
1419 1492 1466 1532 et
1499 1489 1752 1534 dulcorauit
1787 1506 1876 1544 eas,

404 1562 452 1603 et
465 1559 709 1616 sapientiae
723 1559 897 1603 celestis
912 1559 1080 1603 infusio
1095 1559 1270 1602 easdem
1291 1559 1339 1601 in
1359 1558 1548 1602 salutem
1563 1559 1814 1603 animarum
1829 1563 1877 1604 et

403 1627 657 1672 satietatem
697 1628 805 1672 fecit
843 1643 936 1672 esse
974 1627 1202 1686 potabiles.
1263 1627 1362 1671 Hae
1393 1642 1567 1685 quoque
1602 1627 1795 1672 liberant
1829 1632 1875 1674 et
1893 1639 1938 1665 ⁸0

404 1697 544 1740 totius
583 1697 823 1742 tirannidis
862 1697 1088 1741 incursum
1128 1697 1379 1754 impediunt
1420 1700 1501 1740 aut
1546 1701 1756 1754 premunt
1793 1703 1876 1743 aut

404 1766 612 1823 puniunt.
683 1766 787 1810 Non
826 1781 932 1825 ergo
964 1781 1107 1810 uanae
1146 1766 1265 1810 uires
1303 1765 1381 1810 sed
1421 1766 1588 1810 ueritas
1626 1766 1789 1811 liberat
1826 1767 1875 1811 in

404 1835 631 1892 wquitate
645 1835 906 1889 consistens;
926 1839 986 1889 et,
998 1835 1101 1880 licet
1113 1835 1291 1879 uanitas
1306 1835 1541 1893 promittat
1556 1835 1876 1891 liberationem,

405 1918 510 1949 uere
545 1904 672 1948 liberi
704 1919 983 1962 nequaquam
1018 1908 1125 1948 sunt
1159 1904 1245 1948 nisi
1281 1918 1391 1962 quos
1426 1904 1566 1949 Filius
1605 1905 1876 1951 liberauerit.

364 1979 390 2011 c
406 1972 474 2017 Tu
506 1978 693 2017 naturae
724 1974 896 2031 gratiae
925 1977 972 2017 et
1000 1973 1167 2032 gloriae
1196 1973 1422 2031 distingue
1449 1973 1713 2028 libertatem,
1737 1978 1783 2019 et
1808 1976 1876 2020 in·
1895 1990 1938 2027 ες

405 2044 558 2087 uenies
604 2044 774 2087 nullam
819 2058 973 2087 earum
1016 2043 1071 2087 de
1120 2043 1322 2087 uanitate
1367 2043 1635 2102 contingere,
1673 2059 1754 2089 nec
1791 2045 1877 2090 tibi

406 2113 602 2157 conditio
622 2114 764 2171 magis
784 2113 958 2157 seruilis
978 2117 1178 2157 occurret
1197 2128 1332 2170 quam
1351 2113 1531 2157 tiranni.
1590 2113 1640 2158 Si
1661 2115 1779 2158 enim
1798 2115 1878 2160 ubi

406 2251 673 2309 deprimitur
691 2266 822 2309 quem
843 2252 1028 2310 spiritus
1048 2266 1237 2309 nequam
1259 2252 1470 2310 exagitat.

406 2364 427 2401 7
454 2322 678 2402 aceessi’iir'c'ss
695 2356 750 2392 A:
776 2358 1002 2403 accepturus
1020 2354 1045 2392 S
1192 2365 1234 2401 14
1259 2355 1572 2402 superuenientes
1589 2356 1621 2393 A

455 2437 475 2463 2
502 2427 762 2472 haecflumn'na
779 2429 876 2465 etc.=
903 2439 935 2463 v.
953 2426 1060 2463 Cant.
1082 2425 1158 2464 viii.
1176 2435 1209 2472 7.
1382 2438 1403 2474 3
1434 2429 1635 2466 Tantalus:
1662 2428 1739 2476 qui.
1761 2431 1805 2467 ut
1820 2429 1878 2468 ait

406 2472 568 2515 Ovidius.
590 2475 714 2511 Amor.
734 2473 774 2510 ii.
794 2484 825 2511 2.
845 2484 891 2519 43
909 2476 1050 2520 quaerit
1066 2486 1180 2521 aquas
1196 2476 1236 2510 in
1253 2476 1358 2522 aquic
1381 2481 1413 2512 et
1434 2488 1546 2522 poma
1561 2479 1718 2523 Mucia
1744 2490 1786 2514 ca
1813 2482 1878 2516 tat.

407 2529 426 2567 5
454 2522 622 2557 sitientes
641 2523 734 2559 etc:
759 2533 792 2559 v.
814 2521 882 2558 Ina.
901 2521 948 2558 lv.
970 2532 999 2564 1,
1017 2531 1048 2559 2.
1262 2532 1303 2559 12
1328 2525 1573 2560 recalcierauit
1589 2526 1686 2562 etc.:
1712 2536 1744 2561 v.
1799 2526 1875 2563 eut„

408 2567 524 2604 xxxii.
548 2578 600 2615 ¹5·
796 2579 836 2615 13
873 2578 914 2614 14
939 2571 979 2604 in
996 2581 1075 2605 rore
1092 2571 1188 2607 etc:
1215 2581 1245 2606 v.
1264 2568 1356 2607 Gen.
1377 2570 1489 2607 xxvii.
1509 2581 1564 2616 39.
1759 2581 1812 2618 17,
1836 2574 1878 2610 18

406 2616 627 2662 σαιειιρίηεηι
651 2617 746 2653 etc.:
775 2628 807 2652 v.
836 2596 951 2653 issxod.
980 2627 1037 2652 xv.
1065 2626 1120 2663 25.
1173 2616 1336 2664 Lignum
1362 2629 1436 2664 quo
1461 2617 1602 2655 iniecto
1629 2617 1759 2656 dulce·
1785 2619 1879 2657 fecit
1904 2632 1909 2636 ·

405 2674 524 2745 afflua-
552 2662 699 2710 Moyse·
728 2675 878 2700 crucem
906 2662 1119 2710 significare
1145 2664 1257 2701 docet
1284 2665 1375 2711 Aug.
1399 2667 1539 2710 ουσιαι.
1564 2668 1604 2702 in
1631 2667 1739 2713 Περὶ.
1766 2665 1807 2705 ἰὶ.
1833 2676 1877 2714 57

407 2710 422 2756 (
468 2710 558 2755 igne
576 2712 613 2747 Ρ.
636 2712 676 2748 L.
698 2710 819 2747 xxxiv.
836 2712 935 2755 616).
1126 2722 1170 2748 22
1198 2714 1332 2749 ueritas
1349 2713 1496 2750 liberm:
1522 2725 1552 2750 v.
1574 2713 1702 2750 Ioann.
1722 2713 1799 2751 viii.
1819 2725 1878 2761 32.

409 2766 454 2802 24
480 2770 562 2794 uere
578 2759 682 2794 libem·
699 2761 771 2795 etc.
790 2770 799 2796 ε
828 2770 857 2796 v.
882 2758 1009 2796 Ioann.
1031 2757 1106 2795 viii.
1129 2762 1182 2804 36.
1376 2769 1432 2805 27,
1451 2761 1495 2797 28
1521 2761 1583 2797 ubi
1599 2762 1762 2808 Spiritus
1778 2763 1875 2800 etc:

408 2815 430 2842 2
448 2804 528 2842 Cor.
550 2804 602 2843 iii.
628 2814 678 2850 17.
913 2816 958 2852 29
981 2818 1084 2861 quem
1101 2809 1254 2854 spiritua
1270 2819 1421 2856 nequam
1438 2810 1618 2854 exagitat:
1644 2810 1686 2846 ut
1703 2806 1794 2846 Saul
1812 2808 1879 2857 qui

406 2855 591 2899 tyrannus
607 2858 712 2900 crat3
740 2865 771 2891 v.
796 2863 808 2891 1
832 2852 921 2900 Reg.
943 2865 1012 2890 xvi.
1037 2864 1087 2899 ¹4·

514 2915 585 2951 3⁴⁴
