1988 3250
164 224 267 258 oar.
282 211 387 274 xxi]
675 211 1111 257 POLICRATICVS
1639 213 1723 262 804
1743 223 1768 254 e

164 332 241 390 qui
260 332 452 376 uoluerit
470 331 774 388 subsequatur.
818 331 933 375 Cum
953 331 1011 374 ad
1030 331 1175 388 ipsum
1195 332 1330 375 limen
1349 334 1504 391 templi
1523 348 1620 391 per-

163 401 349 451 uenerit,
361 401 563 458 priuatus
575 400 749 443 existat.
782 399 849 442 Tu
864 400 993 450 enim,
1005 400 1119 443 sicut
1130 400 1260 451 nosti,
1271 401 1393 444 intus
1406 416 1451 444 es
1466 402 1622 456 iudex;

162 468 244 512 hoc
273 469 391 512 enim
414 468 548 512 etiam
568 483 693 512 sacra
711 468 880 512 sanctio
906 468 1086 512 uidetur
1108 469 1295 526 exigere.
1355 470 1621 516 Obediente's

160 537 300 595 igitur
318 552 399 596 pro
417 537 606 581 ueritate
635 538 699 595 pii
721 540 838 589 sunt,
858 538 1126 581 reluctantes
1145 552 1287 581 uanae
1313 539 1478 596 gloriae
1504 554 1618 583 com-

122 624 143 659 3
160 606 415 664 probantur.
455 607 573 661 Quid
587 607 705 650 enim
720 607 919 665 patiatur
933 610 1013 650 aut
1033 606 1149 664 quod
1165 611 1387 650 mereatur
1401 608 1619 663 auxilium

160 675 237 733 qui
257 676 446 720 Matrem
466 676 647 719 deorum
676 676 914 734 propitiam
941 676 1102 719 habere
1128 676 1350 719 noluerit?
1401 675 1488 728 Qui
1515 692 1620 735 ergo

159 759 256 788 eam
287 745 575 803 neglexerint,
606 760 696 788 non
726 746 868 789 solum
902 745 997 789 sine
1032 746 1210 802 querela
1247 760 1337 788 non
1377 748 1509 788 erunt
1542 746 1619 789 sed

159 814 293 858 etiam
319 817 496 858 nostrae
522 815 840 873 indignationis
865 815 1079 873 impetum
1109 815 1403 858 sustinebunt.
1462 814 1618 872 Neque
1635 813 1664 854 d

159 883 276 926 enim
308 884 378 927 fas
409 886 478 927 est
506 886 560 927 ut
589 884 655 927 illi
683 887 892 942 parcatur
921 884 996 941 qui
1027 884 1144 928 Deos
1173 884 1381 927 habuerit
1406 885 1618 928 inimicos.

101 970 143 996 ιο
159 952 306 997 Suade
335 953 550 1011 siquidem
580 954 643 997 eis
671 956 734 1005 ut,
753 954 790 998 si
820 968 918 998 mea
943 954 1102 999 uolunt
1128 953 1219 998 frui
1247 955 1450 1006 tuitione,
1468 970 1619 999 ornnes

158 1022 295 1066 Matri
330 1023 511 1067 deorum
545 1023 754 1067 studeant
788 1024 943 1067 offerre
977 1024 1209 1067 culturam.
1283 1024 1405 1068 Haec
1440 1025 1618 1082 quidem

158 1092 346 1149 scripsit,
361 1095 407 1136 et
425 1092 482 1136 ad
502 1092 835 1136 similitudinem
855 1093 1059 1136 ecclesiae
1079 1093 1314 1137 demonum
1336 1094 1502 1151 templa
1517 1109 1616 1138 con-

157 1161 319 1213 stituit,
339 1164 385 1205 et
411 1161 608 1205 instituit
633 1162 858 1205 ministros
881 1162 928 1204 in
952 1162 1140 1206 diuersis
1165 1163 1377 1220 gradibus
1397 1163 1454 1206 ad
1475 1163 1619 1206 instar

157 1229 426 1283 clericorum,
447 1233 500 1274 ut
519 1234 665 1274 essent
690 1231 767 1288 qui
786 1234 953 1274 ceteros
981 1231 1189 1275 docerent
1209 1232 1378 1276 cultum
1407 1232 1617 1290 perfidiae

100 1314 140 1349 ιε
158 1301 204 1342 et
223 1299 471 1356 penitentes
490 1302 590 1358 post
617 1300 792 1357 culpam
822 1301 1062 1344 secundum
1092 1301 1378 1346 traditionem
1398 1301 1615 1346 Christia-

157 1382 316 1412 norum
354 1369 620 1413 correctione
654 1369 859 1414 mediocri
900 1370 1203 1414 reformarent.
1278 1371 1428 1415 Nichil
1464 1375 1614 1415 autem

157 1437 275 1495 quod
303 1453 332 1482 a
358 1438 542 1496 paganis
571 1439 921 1483 committeretur
949 1440 996 1483 in
1028 1439 1255 1484 Christum
1287 1455 1463 1484 enorme
1493 1441 1615 1485 uide-

156 1506 300 1551 batur.
360 1507 484 1551 Adeo
502 1508 678 1565 quidem
699 1510 752 1552 ut
770 1523 849 1552 nec
869 1510 1012 1553 seuire
1032 1510 1079 1552 in
1104 1513 1301 1554 mortuos
1321 1510 1613 1554 inhumanum

156 1579 238 1620 aut
263 1576 438 1620 crudele
467 1578 652 1634 paganis
680 1578 919 1623 uideretur.
979 1579 1108 1622 Vnde
1138 1580 1185 1622 in
1213 1580 1397 1624 ciuitate
1427 1579 1614 1623 Sebasta

96 1659 141 1686 no
157 1645 368 1690 Iohannis
397 1646 625 1704 Baptistae
653 1647 932 1705 sepulchrum
964 1652 1234 1706 aperuerunt
1264 1649 1445 1706 ignique
1475 1650 1612 1692 tradi·
1631 1648 1713 1699 805
1732 1663 1761 1690 a

154 1715 327 1767 derunt,
350 1730 448 1760 ossa
466 1731 572 1760 uero
590 1731 641 1760 ac
667 1717 894 1774 puluerem
924 1717 1237 1775 disperserunt.
1295 1718 1343 1762 Si
1371 1719 1443 1762 uel
1467 1720 1615 1777 capita

152 1785 421 1842 flagitiorum
452 1785 546 1829 eius
579 1786 651 1829 uel
690 1787 945 1830 summatim
979 1801 1092 1844 quae
1126 1802 1205 1844 per
1238 1787 1382 1845 ipsum
1422 1788 1470 1831 in
1509 1788 1615 1832 orbe

153 1854 364 1898 aduersus
398 1853 635 1899 Ecclesiam
666 1859 793 1913 gesta
830 1858 947 1909 sunt,
981 1856 1163 1900 uoluero
1202 1872 1420 1910 enarrare,
1459 1858 1613 1901 multis

153 1923 412 1980 magnisque
441 1924 742 1968 uoluminibus
772 1928 900 1969 tanta
939 1926 1086 1982 egebit
1124 1927 1324 1971 materia.
1393 1927 1480 1971 Sed
1513 1942 1613 1985 pro-

97 2002 138 2038 25
155 1992 407 2050 gradiamur
420 1993 477 2036 ad
489 1993 632 2044 finem,
646 2009 775 2051 quem
789 1995 888 2052 pius
900 1994 1109 2047 Galileus,
1122 1996 1410 2040 intemeratae
1423 1996 1612 2054 uirginis

156 2061 308 2114 Filius,
339 2062 476 2119 impio
505 2064 772 2120 persecutori
806 2079 886 2108 suo
920 2065 978 2108 ad
1016 2065 1358 2109 consolationem
1393 2066 1612 2110 Ecclesiae

154 2145 260 2174 suae
298 2133 343 2174 et
375 2131 432 2174 ad
470 2131 655 2190 gloriam
692 2134 949 2186 maiestatis,
989 2149 1078 2192 qua
1117 2135 1239 2178 Patri
1279 2136 1526 2193 coaequalis
1565 2140 1612 2180 et

154 2200 538 2244 consubstantialis
567 2204 645 2252 est,
671 2205 874 2259 potenter
903 2203 1080 2247 inflixit.
1140 2204 1406 2262 Procingens
1436 2220 1540 2263 ergo
1564 2220 1611 2250 se

155 2268 212 2311 ad
251 2268 464 2312 Persicam
502 2271 826 2328 expeditionem
865 2287 946 2330 pro
984 2288 1105 2316 more
1151 2274 1274 2317 misit
1322 2274 1518 2332 Delphos
1565 2279 1611 2319 et

95 2353 139 2387 30
155 2337 315 2380 Delum
346 2341 478 2395 atque
509 2339 747 2392 Dodonem,
776 2342 1006 2392 consulens
1039 2358 1097 2386 an
1136 2343 1366 2400 expediret
1403 2344 1460 2386 ad
1495 2345 1611 2388 bella

154 2406 396 2463 procedere.
473 2408 608 2453 Vates
656 2410 805 2467 itaque
853 2411 1049 2455 uniuersi
1099 2412 1331 2455 uictoriam
1380 2414 1609 2470 promitte·

155 2475 276 2528 bant,
313 2490 402 2519 uno
436 2476 552 2520 inter
589 2482 734 2523 cetera
771 2480 957 2524 animati
997 2495 1217 2538 responso,
1252 2482 1369 2538 quod
1414 2497 1494 2539 pro
1533 2498 1608 2526 ex-

154 2544 298 2602 emplo
326 2545 539 2589 mendacii
569 2561 619 2590 ac
653 2547 918 2592 seductionis
946 2550 1137 2593 inserere
1166 2565 1255 2594 non
1284 2551 1466 2608 pigebit.
1528 2551 1609 2596 Est
1625 2552 1655 2591 b

153 2616 303 2656 autem
334 2614 607 2659 huiusmodi:
636 2616 767 2660 Nunc
797 2632 946 2662 omnes
974 2619 1258 2677 aggredimur
1286 2620 1370 2663 Dei
1399 2621 1611 2665 uictoriae

154 2718 178 2754 6
200 2715 394 2754 noluerint
408 2716 433 2753 S
578 2727 623 2765 19
643 2718 813 2759 sebastea
828 2720 870 2758 δ’

205 2819 250 2854 19
277 2810 376 2845 Vnde
400 2810 441 2844 in
464 2811 611 2845 ciuitate
633 2811 726 2848 etat
757 2823 789 2848 v.
815 2810 978 2850 Cassiod.
1002 2813 1100 2850 Hist-
1127 2814 1227 2861 Tap.
1252 2814 1301 2851 vi.
1326 2822 1380 2862 ις.
1562 2817 1609 2853 28

151 2857 369 2903 fficium:
382 2857 475 2894 eta:
498 2867 531 2894 v.
547 2855 638 2894 ibid.
650 2856 698 2895 vi.
713 2867 771 2904 4⁴·

1434 2923 1497 2959 39ι
