1988 3250
228 245 316 287 705
335 245 362 278 c
699 231 960 277 IOANNIS
1000 227 1516 277 SARESBERIENSIS
1644 229 1754 286 [mn.
1770 240 1842 273 vn

377 369 468 397 non
506 354 724 411 prouenit.
783 353 923 405 Vnde,
952 353 1058 411 quia
1089 364 1310 396 summum
1341 352 1507 394 bonum
1539 351 1587 394 in
1617 351 1714 394 uita
1742 365 1843 394 con-

377 427 469 467 stat
499 438 592 467 esse
625 424 837 467 uirtutem
875 426 922 467 et
952 438 1065 480 quae
1097 423 1191 466 sola
1220 436 1359 480 graue
1393 423 1439 463 et
1470 420 1669 463 odiosum
1704 420 1844 464 serui·

377 493 490 536 tutis
524 493 697 537 excutit
730 494 898 551 iugum,
926 508 1008 550 pro
1036 492 1219 542 uirtute,
1255 505 1368 548 quae
1395 490 1634 547 singularis
1661 489 1845 534 uiuendi

376 577 509 606 causa
550 566 629 614 est,
672 563 961 613 moriendum,
996 562 1034 605 si
1078 561 1315 604 necessitas
1363 559 1548 617 ingruit,
1593 559 1845 617 philosophi

330 633 360 674 d
377 635 656 676 censuerunt.
715 632 779 675 At
806 633 913 675 haec
942 631 1138 689 perfecte
1165 631 1260 673 sine
1290 629 1497 672 libertate
1517 644 1607 672 non
1627 629 1846 686 prouenit,
1865 644 1885 678 5

375 702 684 759 libertatisque
719 702 998 759 dispendium
1033 700 1276 758 perfectam
1309 699 1535 742 conuincit
1567 714 1657 742 non
1695 699 1847 742 adesse

376 771 603 814 uirtutem.
665 771 783 828 Ergo
808 774 853 814 et
879 786 960 828 pro
990 771 1213 813 uirtutum
1240 768 1400 811 habitu
1428 768 1616 825 quilibet
1640 769 1752 811 liber
1780 771 1848 812 est

376 844 434 891 et,
461 843 680 897 quatenus
707 843 775 883 est
800 840 923 891 liber,
952 843 1134 882 eatenus
1161 837 1407 881 uirtutibus
1434 838 1595 895 pollet;
1640 853 1664 882 e
1693 841 1849 881 contra

377 909 492 952 uitia
531 909 624 952 sola
663 909 924 952 seruitutem
964 909 1183 951 inducunt
1221 907 1530 964 hominemque
1570 907 1768 964 personis
1802 911 1849 951 et

377 978 509 1021 rebus
543 978 742 1022 indebito
771 978 993 1021 famulatu
1028 978 1277 1029 subiciunt3
1307 979 1365 1029 et,
1394 975 1498 1020 licet
1527 977 1720 1020 seruitus
1749 991 1847 1034 per·
1870 992 1910 1017 10
1949 990 1955 997 ·

377 1061 511 1090 sonae
550 1048 812 1105 quandoque
859 1047 1152 1090 miserabilior
1197 1049 1364 1104 pareat,
1403 1046 1618 1091 uitiorum
1656 1047 1850 1091 seruitus

377 1115 508 1174 longe
547 1131 719 1174 semper
757 1117 959 1160 miserior
999 1120 1076 1159 est.
1157 1116 1276 1169 Quid
1316 1119 1384 1159 est
1423 1116 1574 1173 itaque
1614 1116 1850 1160 amabilius

378 1185 615 1230 libertatez
674 1187 794 1240 Quid
815 1186 1107 1229 fauorabilius
1124 1186 1163 1228 ei
1185 1186 1263 1243 qui
1283 1186 1468 1229 uirtutis
1486 1185 1680 1242 aliquam
1702 1200 1848 1229 reuer-

379 1255 546 1298 entiam
566 1256 730 1300 habet?
790 1256 900 1298 Eam
926 1256 1198 1312 promouisse
1222 1270 1373 1298 omnes
1401 1254 1600 1313 egregios
1626 1255 1850 1313 principes

378 1324 588 1382 legimus3
619 1339 699 1368 nec
728 1340 939 1382 umquam
969 1325 1157 1368 calcasse
1187 1324 1438 1368 libertatem
1468 1325 1555 1367 nisi
1587 1325 1849 1369 manifestos
1869 1338 1910 1373 15

378 1394 563 1437 uirtutis
603 1394 762 1438 hostes.
822 1395 945 1447 Quae
986 1394 1141 1437 fauore
1180 1394 1402 1437 libertatis
1446 1397 1552 1437 sunt
1594 1394 1850 1439 introducta

379 1467 602 1507 nouerunt
617 1464 871 1521 iurisperiti,
886 1467 931 1507 et
946 1479 1058 1521 quae
1072 1464 1128 1507 ob
1143 1464 1263 1506 illius
1275 1478 1468 1507 amorem
1481 1464 1712 1522 magnifice
1724 1468 1852 1523 gesta

229 1538 315 1588 706
334 1547 365 1578 a
381 1535 487 1576 sunt
506 1533 815 1576 historicorum
835 1533 1089 1576 testimonio
1105 1533 1352 1590 percelebre
1366 1535 1445 1576 est.
1497 1534 1609 1577 Cato
1629 1549 1850 1578 uenenum

381 1603 508 1653 bibit,
531 1603 691 1645 asciuit
717 1603 927 1660 gladium,
958 1606 1014 1654 et,
1044 1618 1100 1646 ne
1127 1618 1215 1660 qua
1242 1617 1366 1646 mora
1391 1603 1676 1660 protenderet
1704 1603 1847 1648 uitam

380 1672 633 1730 ignobilem,
653 1673 817 1715 iniecta
843 1687 978 1715 manu
1002 1673 1212 1715 dilatauit
1238 1672 1415 1724 uulnus,
1434 1673 1695 1730 sanguinem
1717 1687 1848 1731 gene·
1871 1690 1914 1715 ao

382 1756 530 1785 rosum
571 1741 738 1792 effudit,
777 1756 832 1784 ne
876 1746 1136 1799 regnantem
1177 1741 1350 1784 uideret
1390 1741 1607 1786 Cesarem.
1682 1743 1851 1787 Brutus

382 1826 508 1854 arma
536 1810 678 1854 mouit
709 1811 861 1854 ciuilia
891 1815 943 1853 ut
972 1811 1127 1854 urbem
1158 1811 1373 1855 eximeret
1402 1812 1638 1865 seruituti3
1669 1812 1852 1870 ipsaque

382 1880 507 1924 sedes
541 1880 715 1937 imperii
747 1880 987 1923 miserabili
1018 1880 1177 1924 maluit
1206 1880 1322 1924 bello
1350 1895 1523 1938 semper
1551 1882 1688 1940 affligi
1718 1896 1851 1940 quam

383 1950 611 1994 dominum
647 1950 750 1993 licet
784 1950 1067 1993 mitissimum
1109 1950 1340 1995 sustinere.
1399 1950 1592 1994 Transeo
1630 1952 1688 1995 ad
1727 1953 1851 1996 infir-

382 2019 566 2062 miorem
587 2033 753 2062 sexum.
814 2018 1035 2076 Coniuges
1059 2019 1405 2075 Teuthonorum‚
1425 2020 1482 2063 ob
1501 2035 1695 2064 amorem
1721 2022 1850 2080 pudi-
1873 2035 1914 2070 τε

382 2089 514 2133 citiae
554 2091 761 2146 rogantes
805 2088 1019 2131 uictorem
1065 2089 1257 2132 Marium
1302 2092 1356 2132 ut
1399 2089 1515 2132 dono
1564 2090 1852 2135 mitterentur

384 2158 546 2201 Vestae
595 2157 857 2215 uirginibus,
907 2172 953 2200 se
1003 2172 1176 2215 quoque
1230 2158 1543 2215 promittentes
1593 2160 1855 2204 concubitus

387 2228 564 2271 futuras
594 2229 809 2284 expertes,
840 2242 940 2271 cum
971 2227 1152 2271 minime
1182 2227 1456 2280 audirentur,
1485 2229 1690 2285 proxima
1727 2232 1856 2274 nocte

386 2342 582 2428 fihiffngruit
599 2342 803 2380 necessitas
819 2342 858 2378 M
1036 2351 1075 2380 ιι
1104 2343 1290 2389 appareat
1307 2341 1352 2378 Βι
1512 2352 1556 2391 25
1583 2343 1855 2383 theutonorum

439 2496 463 2531 6
487 2495 730 2541 libertatisque
748 2497 839 2531 etc.:
864 2492 969 2530 Venti
1000 2492 1078 2529 ium
1098 2505 1173 2530 esse
1191 2492 1339 2530 videtur
1356 2493 1466 2530 Hom.
1489 2497 1552 2533 Od.
1570 2494 1658 2532 xvii.
1673 2506 1754 2542 322,
1773 2506 1856 2543 323.

389 2543 444 2585 18.
467 2552 508 2587 19
532 2554 710 2577 uenenum
727 2543 836 2578 bibit:
863 2542 941 2578 1100
987 2554 1006 2578 ο
1024 2540 1167 2578 Catone
1183 2553 1257 2578 non
1280 2542 1455 2579 refertur.
1660 2554 1703 2590 19
1727 2546 1858 2582 asciuit

382 2591 546 2637 alodium
565 2592 660 2626 etc.:
686 2601 716 2625 v.
737 2588 832 2625 Flor.
852 2587 890 2624 ii.
916 2599 954 2634 13
975 2589 992 2634 ξ
1014 2598 1052 2632 7¹
1082 2588 1142 2630 (iv.
1167 2590 1204 2632 2)
1236 2591 1322 2625 Cato
1352 2616 1360 2625 .
1393 2617 1400 2626 .
1433 2616 1441 2624 .
1474 2596 1622 2627 mortem
1650 2592 1721 2627 sibu·
1748 2595 1857 2629 etiam

385 2639 519 2674 accfuie
537 2665 544 2673 .
564 2664 572 2673 .
592 2664 599 2672 .
618 2637 739 2673 atr-icto
754 2638 876 2682 alodio
893 2638 1089 2671 reue-latum
1101 2642 1223 2682 pectus
1235 2638 1341 2672 semel
1355 2639 1551 2684 {letumque
1564 2640 1751 2684 pervus-sit.
1787 2640 1858 2676 Ille

380 2697 524 2732 pannus,
533 2686 619 2719 dum
631 2685 1011 2726 abscederent.rancida
1022 2685 1160 2730 plasme,
1169 2690 1354 2731 secutaque
1368 2687 1407 2720 ui
1417 2688 1609 2732 sanqua‘m'e
1619 2687 1858 2724 moribundus

388 2744 518 2768 manue
536 2734 573 2766 n'n
595 2734 671 2777 ipso
689 2732 832 2767 uolnere
849 2732 1004 2778 reliquit,
1023 2733 1115 2779 quod
1134 2733 1208 2777 ipse
1225 2733 1439 2777 bissecerat.
1625 2743 1665 2770 21
1696 2735 1855 2772 Iit-utus:

388 2779 412 2815 i.
425 2791 458 2816 e.
480 2779 527 2814 M.
544 2779 670 2814 lunius
692 2778 837 2822 brutus,
853 2778 917 2825 qui
936 2777 1072 2815 Iulium
1088 2779 1282 2815 Caesarem
1302 2779 1507 2817 interfecit.
1691 2791 1736 2827 23
1760 2783 1858 2819 sedec

387 2828 552 2874 imperii:
576 2839 624 2863 ιο.
638 2827 766 2863 Roma.
863 2835 905 2873 25
929 2828 1103 2874 Coniuqee
1120 2827 1382 2864 Teuthonomaem
1400 2830 1494 2865 etc.:
1520 2839 1551 2865 v.
1563 2827 1644 2865 Val.
1657 2827 1758 2866 Max.
1770 2828 1818 2866 vi.
1839 2839 1853 2867 1

389 2878 466 2913 ext.
485 2884 516 2920 3.
