1988 3250
235 195 318 263 5⁷93
338 211 368 252 b

715 212 918 258 IOANN
919 213 978 258 IS
1018 213 1533 259 SARESBERIENSIS
1681 213 1792 275 [mn.
1806 225 1858 258 VI

385 332 568 384 ciarum,
599 332 811 391 simplicis
849 333 1001 387 animi,
1039 348 1181 392 paruo
1212 336 1422 378 contenta
1456 334 1566 386 cibo,
1595 334 1769 378 duratis
1798 331 1857 376 ad

385 416 562 446 omnem
587 402 789 446 laborum
817 403 1102 447 tolerantiam
1130 403 1352 455 membris,
1371 404 1443 448 cui
1471 407 1647 462 gestare
1675 403 1858 453 ferrum,

385 470 552 515 fossam
581 472 752 524 ducere,
772 487 883 516 onus
914 464 1032 516 ferre
1059 473 1332 517 consuetudo
1361 473 1430 534 de·
1444 488 1548 517 rure
1577 476 1656 517 est.
1715 472 1858 515 Num-

387 541 496 598 quid
525 545 728 586 cantores
760 541 977 586 aleatores
1005 546 1087 586 aut
1115 557 1318 600 aucupes,
1347 557 1448 587 cum
1477 557 1589 600 opus
1618 541 1769 592 fuerit,
1799 540 1857 583 ad

343 615 371 646 C
386 610 495 655 haec
532 611 820 655 inuenientur
857 611 1035 656 idonei?
1109 611 1244 655 Plane
1284 614 1330 655 et
1367 611 1478 655 istos
1517 614 1563 655 et
1604 611 1856 669 piscatores,
1877 623 1896 658 5

385 679 617 731 dulcarios‚
650 680 868 724 linteones
907 684 954 724 et
987 695 1138 724 omnes
1171 681 1250 738 qui
1283 681 1453 738 aliquid
1486 683 1701 724 tractasse
1735 678 1857 722 uide-

384 748 556 792 buntur
575 749 633 792 ad
652 750 833 807 genecia
851 750 1091 807 pertinens,
1110 764 1139 793 a
1157 750 1343 793 militari
1363 749 1504 793 officio
1527 750 1589 794 sic
1609 748 1785 806 repellit
1803 750 1857 791 ut

386 817 538 861 fabros
569 818 779 862 ferrarios
811 820 1006 876 itemque
1040 819 1264 876 lignarios,
1295 833 1527 862 ceruorum
1561 830 1858 876 aprorumque

386 891 622 931 uenatores
660 888 709 930 in
747 903 878 931 usum
917 888 1105 931 militiae
1144 891 1321 932 censeat
1358 888 1596 946 eligendos.
1653 886 1772 930 Nam
1813 889 1859 928 et

386 955 601 1007 Ieroboal,
631 959 685 1000 ut
719 957 974 1014 figuralium
1004 957 1204 1000 misteria
1232 959 1478 1010 taceantur,
1511 956 1704 1000 Domino
1732 970 1856 998 man-

386 1025 523 1068 dante
552 1026 804 1083 prohibitus
828 1029 896 1069 est
925 1027 974 1069 in
998 1026 1287 1069 multitudine
1310 1026 1470 1069 timida
1500 1029 1546 1069 et
1566 1025 1859 1068 inexercitata

386 1095 550 1138 habere
584 1095 792 1139 fiduciam
827 1099 873 1139 et
906 1095 1006 1139 illos
1045 1096 1159 1139 solos
1198 1095 1411 1139 aduersus
1451 1095 1721 1138 Madianitas
1758 1108 1859 1151 pro-

386 1164 558 1215 ducere,
578 1180 688 1222 quos
709 1166 844 1208 robur
863 1165 1002 1208 animi
1023 1168 1068 1209 et
1087 1165 1349 1209 exercitium
1368 1165 1562 1222 corporis
1582 1164 1862 1222 approbaret.

388 1233 503 1278 Cum
540 1249 645 1291 ergo
680 1234 860 1278 Gedeon
890 1235 1061 1278 cunctis
1093 1235 1377 1278 audientibus
1411 1234 1727 1292 proclamaret:
1772 1234 1861 1288 Qui

388 1302 701 1346 formidolosus
741 1306 787 1347 et
825 1303 1011 1347 timidus
1051 1307 1130 1356 est,
1165 1307 1442 1358 reuertatur3
1490 1306 1764 1348 recesserunt
1803 1318 1860 1347 ex

387 1373 552 1431 populo
591 1373 756 1431 uiginti
797 1377 842 1416 et
881 1373 970 1416 duo
1008 1374 1133 1416 milia
1171 1374 1382 1424 uirorum,
1413 1377 1459 1417 et
1492 1376 1671 1416 tantum
1710 1373 1860 1416 decem

388 1443 515 1485 milia
548 1445 868 1486 remanserunt.
927 1443 1016 1486 Sed
1045 1444 1103 1486 ab
1132 1443 1203 1486 his
1232 1443 1381 1487 decem
1409 1443 1590 1486 milibus
1618 1443 1718 1486 illos
1747 1443 1861 1486 solos

390 1514 621 1568 tamquam
642 1512 938 1569 expeditiores
957 1513 1015 1555 ad
1035 1512 1151 1556 bella
1170 1513 1384 1556 iudicium
1404 1512 1584 1556 Domini
1605 1512 1858 1570 praeelegit,

344 1579 377 1620 d
393 1581 470 1638 qui
494 1581 542 1623 in
572 1581 648 1624 siti
677 1596 760 1625 sua
787 1581 914 1625 uelut
942 1596 1072 1625 canes
1101 1581 1254 1625 festini
1283 1582 1532 1626 lamberant
1559 1596 1695 1624 manu
1725 1581 1783 1624 ad
1812 1596 1861 1625 os

390 1651 634 1708 proiciente
663 1666 813 1708 aquas,
840 1652 911 1694 his
941 1652 1106 1695 relictis
1136 1652 1212 1709 qui
1243 1652 1414 1695 deflexo
1442 1652 1609 1709 poplite
1639 1652 1857 1694 biberant.

389 1720 445 1763 In
476 1721 687 1764 trecentis
716 1721 868 1778 itaque
897 1721 1008 1764 uiris
1038 1721 1159 1764 facta
1188 1724 1256 1764 est
1285 1721 1490 1764 liberatio
1518 1721 1683 1779 populi,
1712 1721 1861 1764 hostes

388 1790 517 1841 caesi,
538 1791 756 1848 captiuati
777 1806 914 1849 reges,
935 1794 981 1834 et
1011 1791 1235 1835 interfecti
1266 1806 1355 1834 non
1385 1794 1478 1834 tam
1508 1791 1696 1834 militiae
1725 1805 1860 1848 quam

388 1860 588 1903 malitiae
616 1860 861 1918 principes3
895 1861 1198 1918 percussitque
1227 1861 1365 1904 Zebee
1395 1863 1441 1904 et
1470 1860 1681 1904 Salmana
1709 1860 1757 1903 in
1786 1875 1862 1904 ore

390 1929 541 1987 gladii,
562 1932 608 1972 et
637 1930 745 1973 tulit
774 1933 1035 1974 ornamenta
1064 1934 1110 1974 et
1139 1930 1282 1973 bullas
1313 1930 1474 1987 quibus
1503 1930 1615 1974 colla
1644 1930 1861 1987 regalium

389 2000 655 2044 camelorum
693 2000 890 2043 decorari
925 2001 1080 2053 solent,
1110 2003 1372 2044 ornamenta
1401 2014 1573 2058 quoque
1603 2000 1787 2043 monilia
1815 2003 1861 2043 et

389 2073 560 2112 uestem
587 2084 856 2126 purpuream
887 2070 1048 2127 quibus
1075 2085 1199 2128 reges
1226 2070 1407 2112 Madian
1437 2069 1505 2112 uti
1529 2072 1862 2121 consueuerant,

389 2139 562 2196 sibique
583 2139 638 2182 de
658 2142 787 2182 tanta
813 2139 979 2196 praeda
1003 2139 1118 2183 solas
1144 2140 1321 2182 inaures
1350 2153 1507 2182 aureas
1531 2139 1862 2182 Ismaelitarum

394 2258 439 2286 10
463 2247 646 2294 mysteria
662 2247 765 2284 CBM
878 2258 920 2293 13
944 2247 1147 2293 aprobaret
1165 2246 1189 2283 S
1301 2257 1343 2292 14
1370 2246 1497 2283 cuntis
1515 2246 1576 2283 CA
1688 2248 1730 2285 16
1754 2259 1818 2286 xx.
1838 2247 1863 2285 S

394 2305 436 2341 17
463 2307 498 2332 x.
516 2295 582 2331 SM
735 2305 780 2341 27
807 2294 1107 2331 ismahelitarum
1126 2294 1170 2331 S:
1196 2294 1508 2341 ysmahelitarum
1525 2294 1564 2330 Μ

439 2401 461 2434 4
485 2395 647 2426 cantores
663 2391 837 2425 aleatores
852 2394 916 2424 aut
933 2400 1107 2434 aucupes:
1133 2388 1179 2425 de
1227 2387 1335 2424 uibus
1353 2400 1386 2423 v.
1404 2399 1518 2435 supra
1531 2387 1555 2424 i.
1573 2389 1607 2430 6.
1628 2396 1658 2434 5,
1677 2398 1713 2433 4.
1842 2397 1860 2436 5

391 2437 499 2473 feton:
526 2449 575 2473 sc.
595 2449 759 2483 aucupes,
778 2448 936 2482 quorum
954 2435 1135 2481 Vegetius
1152 2435 1192 2471 in
1225 2447 1279 2471 oc.
1298 2434 1400 2471 infra
1417 2435 1480 2472 cit.
1500 2435 1738 2473 mentionem
1755 2435 1859 2473 facit.

387 2487 586 2531 piscatores
602 2487 673 2520 etc.
690 2497 697 2519 ε
726 2496 755 2520 ν.
774 2483 906 2530 Veget.
927 2483 949 2519 i.
969 2493 999 2528 7.
1145 2492 1165 2528 7
1188 2485 1352 2528 yeneco'a:
1379 2483 1402 2519 i.
1416 2495 1450 2519 e.
1468 2494 1671 2530 gynaecea.
1820 2495 1863 2521 10

391 2533 661 2568 Ieroboazctm
687 2543 718 2567 v.
734 2531 848 2568 ludio.
861 2530 920 2566 vii.
934 2542 1063 2584 2seqq.
1151 2532 1374 2584 fiqumlr'u-nt
1387 2532 1547 2566 misteria
1561 2544 1568 2566 :
1587 2531 1632 2567 dc
1646 2530 1862 2585 figuralium

393 2579 582 2625 mysteriis
600 2579 640 2614 in
660 2578 850 2615 Gedeonis
866 2578 1025 2614 historia
1042 2580 1204 2614 inventis
1222 2578 1269 2614 cf.
1291 2578 1377 2614 Isid.
1397 2578 1512 2623 Alley.
1532 2580 1578 2622 76
1597 2578 1742 2625 (Migne
1759 2580 1799 2615 P.
1818 2581 1862 2616 L.

391 2625 538 2663 lxxxiii.
571 2630 650 2670 ιιι)
676 2629 715 2662 et
740 2628 943 2662 Sermonem
968 2628 1010 2661 de
1038 2626 1197 2661 Gedeone
1223 2628 1263 2661 in
1289 2627 1408 2661 Nativ.
1435 2627 1595 2669 Domini,
1621 2625 1723 2663 inter
1747 2637 1864 2673 opera

392 2673 567 2720 lingonis
586 2674 631 2710 de
652 2673 688 2710 S.
705 2673 856 2710 Victore
875 2673 1096 2719 impressum
1116 2674 1170 2717 (Ι).
1191 2674 1232 2709 L.
1250 2672 1399 2710 clxxvii.
1422 2684 1511 2718 ¹092
1526 2675 1653 2719 seqq).
1816 2685 1861 2721 23

387 2724 631 2768 percussitque
655 2724 747 2758 etc.:
783 2734 814 2758 v.
844 2720 958 2756 ludio.
978 2720 1054 2756 viii.
1075 2730 1128 2763 21,
1150 2719 1212 2756 ubi
1240 2722 1369 2757 tamen
1395 2722 1573 2766 interfecit
1596 2721 1711 2758 habet
1726 2719 1862 2768 Vulg.;

391 2773 433 2807 at
451 2781 561 2815 saepe
580 2768 617 2804 in
637 2768 769 2806 eodem
787 2768 882 2805 libro
900 2771 1050 2804 exstant
1063 2767 1175 2804 verba
1187 2773 1440 2814 percusserunt
1459 2770 1498 2803 in
1515 2780 1574 2804 ore
1588 2770 1716 2814 eladii.
1816 2778 1859 2816 25

390 2822 602 2871 omamenea
620 2818 717 2855 etc.:
743 2828 774 2851 v.
797 2815 912 2853 ludic.
932 2815 1007 2852 viii.
1028 2816 1084 2852 26.
1160 2824 1203 2860 27
1229 2817 1273 2851 de
1289 2820 1392 2852 tanta
1405 2817 1546 2862 praeda
1567 2819 1663 2853 etc.:
1690 2828 1720 2853 v.
1742 2815 1861 2854 Iudic.

391 2876 467 2901 vui.
487 2874 506 2900 2
532 2891 541 2901 .

509 2874 548 2963 ἲς,

1879 969 1922 994 10

1881 1322 1921 1357 15

1880 1672 1923 1696 20

1882 2016 1924 2051 ²5
