1988 3250
193 201 290 240 ost.
311 187 385 256 lx]
720 189 1159 237 POLICRATICVS
1679 196 1764 245 655
1782 205 1813 234 a

190 315 261 356 est
273 326 284 365 ;
324 310 605 369 arrogantior
633 311 710 368 qui
739 325 891 354 omnes
920 311 1165 367 profitetur.
1224 311 1280 354 In
1310 326 1400 354 uno
1429 312 1486 355 ad
1513 312 1664 356 omnia

192 380 396 438 occupari
436 380 599 423 desidis
638 383 729 432 est;
773 379 849 423 sed
882 379 1155 422 fastidientis
1187 382 1233 422 et
1264 395 1354 422 non
1393 382 1663 437 proficientis

193 450 342 494 omnia
361 449 555 493 circuire.
615 448 824 493 Ceterum
845 448 922 505 qui
943 448 1087 491 multa
1110 449 1330 505 percurrit
1354 452 1406 492 ut
1433 450 1571 506 eligat
1590 451 1662 494 cui

192 520 253 564 sit
271 519 419 577 potius
439 517 744 567 insistendum,
760 517 1102 573 circumspectus
1122 520 1190 559 est
1210 520 1255 560 et
1275 517 1375 560 aliis
1396 518 1663 561 examinatis

152 602 175 645 3
193 587 502 647 praeelectioni
531 601 636 630 suae
666 586 842 629 fidelius
870 586 1023 630 seruit.
1098 585 1162 628 Eo
1194 585 1310 629 forte
1340 590 1511 643 spectat
1535 602 1663 644 prae-

193 662 369 716 ceptum
390 657 524 700 ethici
539 656 683 714 legere
704 655 840 698 libros
860 655 1183 712 praecipientis.
1244 655 1300 698 In
1321 655 1470 698 libello
1490 671 1663 713 quoque
1681 658 1711 696 b

193 742 280 786 quo
300 726 476 785 paruuli
500 726 740 770 initiantur
758 728 811 768 ut
830 725 1014 767 uirtutis
1035 725 1270 768 instructio
1297 728 1343 768 et
1367 740 1474 768 usus
1500 726 1666 768 teneris

191 796 386 840 ebibitus
424 795 584 838 animis
623 794 753 838 facile
783 797 975 851 nequeat
1013 793 1179 837 aboleri
1211 794 1438 850 (quoniam
1470 797 1516 837 et
1551 798 1667 837 testa

192 865 364 909 diutius
391 867 542 908 seruat
571 864 749 908 odorem
779 863 874 906 eius

131 967 179 1010 ’1ο
242 1001 246 1006 .
367 976 455 1019 quo
484 960 618 1004 semel
648 963 716 1004 est
744 960 918 1004 imbuta
947 961 1115 1016 recens)

194 1059 261 1104 ait
278 1059 351 1103 uel
371 1058 484 1103 Cato
503 1058 576 1101 uel
595 1058 711 1101 alius
734 1057 855 1116 (nam
877 1060 1033 1102 auctor
1051 1058 1247 1101 incertus
1267 1061 1375 1114 est):

368 1155 513 1199 Multa
541 1154 663 1212 legas
693 1154 841 1206 facito,
871 1154 1076 1212 perlectis
1106 1155 1282 1213 perlege
1312 1156 1467 1200 multa.

196 1259 295 1314 Quo
334 1259 512 1317 quidem
552 1258 720 1315 aliquid
761 1272 853 1301 esse
888 1258 1046 1301 utilius
1076 1258 1134 1301 ad
1171 1259 1401 1302 scientiam
1436 1260 1667 1317 aspiranti,

194 1329 324 1373 facile
362 1343 451 1372 non
489 1328 750 1372 crediderim
782 1331 959 1385 praeter
993 1327 1322 1372 obseruantiam
1355 1330 1667 1373 mandatorum

138 1414 178 1450 15
197 1399 292 1450 Dei,
312 1399 359 1442 in
389 1413 478 1456 qua
507 1397 746 1456 singularis
777 1401 822 1440 et
852 1397 1009 1440 unicus
1040 1397 1350 1442 indubitanter
1378 1403 1446 1442 est
1476 1400 1666 1457 philoso-

194 1469 361 1527 phandi
381 1468 618 1526 profectus,
677 1467 750 1511 Sic
770 1470 920 1510 tamen
940 1468 1090 1510 omnia
1110 1468 1296 1525 legenda
1316 1473 1422 1512 sunt
1443 1472 1495 1512 ut
1515 1484 1667 1512 eorum

195 1538 356 1596 aliqua,
369 1552 469 1581 cum
491 1537 604 1580 lecta
624 1536 805 1586 fuerint,
819 1536 1117 1594 negligantur,
1129 1537 1422 1594 reprobentur
1442 1539 1667 1590 nonnulla,

195 1606 345 1664 aliqua
364 1606 603 1650 uideantur
622 1606 669 1649 in
690 1605 884 1650 transitu
906 1621 961 1648 ne
982 1605 1073 1648 sint
1100 1606 1280 1649 omnino
1307 1607 1534 1664 incognita
1551 1622 1560 1659 ;
1590 1608 1665 1651 sed
1685 1617 1710 1646 c

195 1690 302 1734 prae
332 1676 537 1720 omnibus
565 1675 722 1718 maiori
753 1675 986 1732 diligentia
1021 1675 1316 1718 insistendum
1346 1680 1414 1719 est
1445 1691 1557 1733 quae
1588 1679 1668 1721 aut

138 1765 182 1790 πο
196 1745 420 1804 politicam
440 1745 582 1789 uitam
606 1745 701 1788 siue
722 1745 769 1788 in
789 1745 885 1787 iure
905 1745 1027 1788 ciuili
1048 1746 1143 1788 siue
1163 1745 1210 1788 in
1230 1745 1331 1788 aliis
1351 1746 1521 1789 ethicae
1542 1761 1667 1803 prae-

196 1815 335 1872 ceptis
354 1815 599 1858 instituunt
617 1818 698 1858 aut
718 1817 958 1872 procurant
978 1815 1172 1871 corporis
1196 1818 1276 1858 aut
1300 1815 1474 1858 animae
1502 1816 1667 1859 sanita-

196 1886 298 1927 tem.
358 1883 472 1928 Cum
511 1884 629 1931 enim
669 1884 747 1927 illa
790 1898 903 1941 quae
934 1884 1173 1941 praecipua
1209 1887 1277 1927 est
1315 1884 1434 1927 inter
1465 1885 1669 1928 liberales

197 1953 463 2011 disciplinas,
489 1953 584 1996 sine
614 1968 702 2010 qua
731 1967 862 1996 nemo
891 1956 1007 1996 recte
1038 1953 1192 1996 docere
1222 1957 1303 1996 aut
1333 1954 1479 1998 doceri
1510 1958 1669 2013 potest,

198 2023 258 2067 sit
286 2023 334 2066 in
364 2023 558 2067 transitu
587 2025 633 2067 et
663 2023 789 2080 quasi
819 2037 847 2066 a
875 2022 1028 2066 limine
1063 2023 1310 2074 salutanda,
1341 2024 1441 2081 quis
1482 2024 1528 2067 in
1568 2025 1669 2068 aliis

139 2108 182 2144 ²3
199 2096 374 2138 censeat
412 2092 737 2137 immorandum
781 2107 894 2150 quae
944 2095 1024 2136 aut
1068 2092 1298 2136 intellectu
1347 2093 1546 2137 difficiles
1588 2097 1670 2138 aut

198 2162 354 2206 effectu
373 2162 554 2205 inutiles
574 2165 620 2205 et
650 2162 919 2220 perniciosae
948 2177 1038 2205 non
1069 2161 1243 2205 faciunt
1272 2163 1495 2206 hominem
1517 2164 1668 2207 melio-

197 2233 324 2276 rem?
398 2231 516 2275 Nam
547 2234 592 2275 et
626 2247 678 2275 ea
717 2231 814 2290 ipsa
849 2246 1037 2288 quorum
1072 2247 1180 2275 usus
1211 2233 1484 2276 necessarius
1519 2237 1598 2283 est,
1630 2233 1669 2276 si

198 2301 420 2344 hominem
446 2301 780 2344 immoderatius
807 2302 1132 2359 occupauerint,
1152 2302 1523 2360 perniciosissima
1552 2307 1670 2348 sunt.

249 2417 280 2456 5,
298 2410 322 2447 6
340 2416 572 2457 praeceptum
601 2412 700 2448 etc.:
724 2422 759 2447 v.
788 2409 870 2446 Cat.
900 2411 995 2446 Dist.
1022 2409 1110 2447 coll.
1136 2410 1237 2457 vulg.
1265 2413 1311 2447 26
1337 2411 1550 2455 (Baehrens
1573 2413 1669 2448 Poee.

199 2457 282 2494 Lat.
300 2458 394 2494 Min.
411 2457 464 2495 iij.
487 2470 524 2504 p.
551 2458 650 2505 215).
841 2459 864 2494 6
887 2469 1044 2504 quoque:
1070 2458 1273 2495 Auctorem
1298 2458 1546 2495 distichorum
1572 2470 1670 2504 quae

198 2503 354 2540 Catonis
370 2507 560 2549 vocantur,
575 2505 677 2542 inter
692 2516 790 2552 quae
807 2507 932 2541 exstat
948 2504 1150 2542 versiculus
1167 2517 1280 2551 quem
1298 2518 1386 2542 mox
1403 2506 1590 2542 citaturus
1601 2508 1668 2549 est,

201 2550 250 2586 ab
273 2554 425 2590 auctore
456 2554 744 2600 praeceptorum
770 2552 1073 2589 brevissimorum
1099 2553 1154 2590 eis
1178 2553 1290 2607 vulgo
1323 2554 1576 2600 praefixorum
1601 2554 1672 2589 dis-

201 2597 377 2645 tinguere
387 2599 536 2636 videtur
547 2599 710 2636 Ioannes
723 2602 862 2636 noster.
892 2599 988 2636 Vide
999 2612 1095 2646 quae
1106 2601 1152 2636 de
1164 2600 1421 2637 Distmhorum
1433 2601 1671 2638 collectionis

203 2644 351 2692 origine
368 2645 542 2684 disseruit
558 2646 614 2683 vir
630 2647 762 2684 doctus
778 2647 883 2684 Aem.
902 2647 1094 2684 Baehrens
1111 2649 1207 2684 Poet.
1226 2650 1308 2684 Lat.
1324 2650 1417 2685 Min.
1435 2648 1488 2684 iii.
1508 2660 1572 2695 pp.
1588 2658 1670 2694 205,

203 2694 283 2728 206.
426 2695 447 2730 8
471 2699 559 2730 testa
583 2697 678 2732 etc.:
704 2707 736 2731 v.
762 2694 851 2731 Hor.
877 2695 949 2741 Ep.
975 2694 1002 2730 i.
1020 2705 1052 2731 2.
1078 2696 1137 2740 69,
1158 2705 1215 2739 7o.
1363 2707 1404 2732 12
1429 2698 1550 2732 Multa
1576 2698 1673 2740 layas

202 2741 297 2776 etc.:
323 2739 403 2777 Cat.
416 2742 507 2778 Diae.
523 2741 580 2779 iii.
602 2743 644 2780 18
661 2741 873 2788 (Baehrens
888 2741 944 2778 iii.
961 2753 998 2788 p.
1016 2743 1115 2788 2²9)·
1268 2753 1324 2788 14,
1345 2753 1384 2789 15
1403 2745 1673 2779 obser-nantium

203 2788 456 2825 mandatorum
473 2789 565 2826 Dei:
589 2801 622 2826 v.
642 2799 657 2826 1
674 2788 755 2826 Cor.
768 2788 830 2825 vii.
850 2799 905 2836 19.
1000 2799 1046 2834 24
1071 2801 1094 2825 α
1111 2791 1236 2826 limine
1252 2793 1473 2827 salutanda:
1500 2790 1587 2827 Sen.
1599 2792 1672 2837 Ep.

203 2844 250 2880 49
268 2836 286 2880 §
305 2836 340 2873 6-

1498 2917 1561 2952 1²5
