<?xml version="1.0" encoding="UTF-8"?>
<!DOCTYPE html PUBLIC "-//W3C//DTD XHTML 1.0 Transitional//EN"
    "http://www.w3.org/TR/xhtml1/DTD/xhtml1-transitional.dtd">
<html xmlns="http://www.w3.org/1999/xhtml" xml:lang="en" lang="en">
 <head>
  <title>
</title>
<meta http-equiv="Content-Type" content="text/html;charset=utf-8" />
  <meta name='ocr-system' content='tesseract 3.04.00' />
  <meta name='ocr-capabilities' content='ocr_page ocr_carea ocr_par ocr_line ocrx_word'/>
</head>
<body>
  <div class='ocr_page' id='page_1' title='image "./policraticisived02john_0135.png"; bbox 0 0 1988 3250; ppageno 0'>
   <div class='ocr_carea' id='block_1_1' title="bbox 150 198 1764 260">
    <p class='ocr_par' dir='ltr' id='par_1_1' title="bbox 150 198 1764 260">
     <span class='ocr_line' id='line_1_1' title="bbox 150 198 1764 260; baseline -0.001 -15"><span class='ocrx_word' id='word_1_1' title='bbox 150 212 250 246; x_wconf 59' lang='lat' dir='ltr'>car.</span> <span class='ocrx_word' id='word_1_2' title='bbox 266 198 336 260; x_wconf 85' lang='lat' dir='ltr'>1x]</span> <span class='ocrx_word' id='word_1_3' title='bbox 666 198 1105 245; x_wconf 80' lang='lat' dir='ltr'><strong>POLICRATIGVS</strong></span> <span class='ocrx_word' id='word_1_4' title='bbox 1633 202 1716 252; x_wconf 82' lang='lat'>6⁵3</span> <span class='ocrx_word' id='word_1_5' title='bbox 1735 200 1764 247; x_wconf 78' lang='lat' dir='ltr'>d</span> 
     </span>
    </p>
   </div>
   <div class='ocr_carea' id='block_1_2' title="bbox 81 317 1769 2453">
    <p class='ocr_par' dir='ltr' id='par_1_2' title="bbox 81 317 1769 2453">
     <span class='ocr_line' id='line_1_2' title="bbox 153 317 1617 376; baseline 0.001 -14"><span class='ocrx_word' id='word_1_6' title='bbox 153 318 375 376; x_wconf 80' lang='lat' dir='ltr'><strong>Quicquid</strong></span> <span class='ocrx_word' id='word_1_7' title='bbox 416 319 534 362; x_wconf 90' lang='lat' dir='ltr'>enim</span> <span class='ocrx_word' id='word_1_8' title='bbox 571 317 646 361; x_wconf 88' lang='lat' dir='ltr'>ille</span> <span class='ocrx_word' id='word_1_9' title='bbox 680 317 880 375; x_wconf 90' lang='lat' dir='ltr'>protulit,</span> <span class='ocrx_word' id='word_1_10' title='bbox 910 317 1185 361; x_wconf 88' lang='lat' dir='ltr'>autenticum</span> <span class='ocrx_word' id='word_1_11' title='bbox 1216 320 1262 361; x_wconf 92' lang='lat' dir='ltr'>et</span> <span class='ocrx_word' id='word_1_12' title='bbox 1290 322 1617 364; x_wconf 85' lang='lat' dir='ltr'>sacrosanctum</span> 
     </span>
     <span class='ocr_line' id='line_1_3' title="bbox 149 385 1769 443; baseline 0.001 -12"><span class='ocrx_word' id='word_1_13' title='bbox 149 391 229 432; x_wconf 85' lang='lat' dir='ltr'>est.</span> <span class='ocrx_word' id='word_1_14' title='bbox 287 387 370 430; x_wconf 92' lang='lat' dir='ltr'>Ille</span> <span class='ocrx_word' id='word_1_15' title='bbox 389 390 540 430; x_wconf 87' lang='lat' dir='ltr'>tamen</span> <span class='ocrx_word' id='word_1_16' title='bbox 559 386 691 430; x_wconf 90' lang='lat' dir='ltr'>citius</span> <span class='ocrx_word' id='word_1_17' title='bbox 711 385 975 429; x_wconf 86' lang='lat' dir='ltr'>contradicit</span> <span class='ocrx_word' id='word_1_18' title='bbox 1001 388 1047 428; x_wconf 88' lang='lat' dir='ltr'>et</span> <span class='ocrx_word' id='word_1_19' title='bbox 1075 386 1346 442; x_wconf 74' lang='lat' dir='ltr'>pertinacius</span> <span class='ocrx_word' id='word_1_20' title='bbox 1373 387 1619 432; x_wconf 69' lang='lat' dir='ltr'>reluctatur</span> <span class='ocrx_word' id='word_1_21' title='bbox 1638 394 1717 443; x_wconf 86' lang='lat'>654</span> <span class='ocrx_word' id='word_1_22' title='bbox 1738 402 1769 432; x_wconf 89' lang='lat' dir='ltr'>a</span> 
     </span>
     <span class='ocr_line' id='line_1_4' title="bbox 149 454 1619 514; baseline 0.001 -14"><span class='ocrx_word' id='word_1_23' title='bbox 149 456 227 514; x_wconf 85' lang='lat' dir='ltr'>qui</span> <span class='ocrx_word' id='word_1_24' title='bbox 261 457 309 499; x_wconf 90' lang='lat' dir='ltr'>in</span> <span class='ocrx_word' id='word_1_25' title='bbox 342 456 566 513; x_wconf 80' lang='lat' dir='ltr'>paucitate</span> <span class='ocrx_word' id='word_1_26' title='bbox 601 469 749 498; x_wconf 90' lang='lat' dir='ltr'>rerum</span> <span class='ocrx_word' id='word_1_27' title='bbox 780 454 1047 498; x_wconf 86' lang='lat' dir='ltr'>addiscenda</span> <span class='ocrx_word' id='word_1_28' title='bbox 1075 456 1349 512; x_wconf 80' lang='lat' dir='ltr'>consumpsit</span> <span class='ocrx_word' id='word_1_29' title='bbox 1379 459 1543 500; x_wconf 87' lang='lat' dir='ltr'>etatem</span> <span class='ocrx_word' id='word_1_30' title='bbox 1572 462 1619 502; x_wconf 92' lang='lat' dir='ltr'>et</span> 
     </span>
     <span class='ocr_line' id='line_1_5' title="bbox 148 523 1620 581; baseline 0.001 -12"><span class='ocrx_word' id='word_1_31' title='bbox 148 528 278 570; x_wconf 88' lang='lat' dir='ltr'>tanta</span> <span class='ocrx_word' id='word_1_32' title='bbox 297 525 531 568; x_wconf 89' lang='lat' dir='ltr'>uerborum</span> <span class='ocrx_word' id='word_1_33' title='bbox 552 523 761 581; x_wconf 90' lang='lat' dir='ltr'>angustia</span> <span class='ocrx_word' id='word_1_34' title='bbox 780 523 999 580; x_wconf 89' lang='lat' dir='ltr'>premitur</span> <span class='ocrx_word' id='word_1_35' title='bbox 1018 525 1082 573; x_wconf 93' lang='lat' dir='ltr'>ut,</span> <span class='ocrx_word' id='word_1_36' title='bbox 1102 523 1140 566; x_wconf 89' lang='lat' dir='ltr'>si</span> <span class='ocrx_word' id='word_1_37' title='bbox 1166 523 1354 566; x_wconf 88' lang='lat' dir='ltr'>uerbum</span> <span class='ocrx_word' id='word_1_38' title='bbox 1378 539 1517 567; x_wconf 89' lang='lat' dir='ltr'>unum</span> <span class='ocrx_word' id='word_1_39' title='bbox 1539 529 1620 570; x_wconf 92' lang='lat' dir='ltr'>aut</span> 
     </span>
     <span class='ocr_line' id='line_1_6' title="bbox 103 591 1618 650; baseline 0 -12"><span class='ocrx_word' id='word_1_40' title='bbox 103 614 130 650; x_wconf 49' lang='lat'>¹5</span> <span class='ocrx_word' id='word_1_41' title='bbox 147 594 236 638; x_wconf 90' lang='lat' dir='ltr'>duo</span> <span class='ocrx_word' id='word_1_42' title='bbox 264 593 539 646; x_wconf 85' lang='lat' dir='ltr'>subduxeris,</span> <span class='ocrx_word' id='word_1_43' title='bbox 569 592 758 650; x_wconf 87' lang='lat' dir='ltr'>elinguis</span> <span class='ocrx_word' id='word_1_44' title='bbox 788 592 869 634; x_wconf 84' lang='lat' dir='ltr'>fiat</span> <span class='ocrx_word' id='word_1_45' title='bbox 898 594 944 635; x_wconf 92' lang='lat' dir='ltr'>et</span> <span class='ocrx_word' id='word_1_46' title='bbox 973 591 1132 649; x_wconf 90' lang='lat' dir='ltr'>quauis</span> <span class='ocrx_word' id='word_1_47' title='bbox 1162 595 1313 635; x_wconf 88' lang='lat' dir='ltr'>statua</span> <span class='ocrx_word' id='word_1_48' title='bbox 1342 594 1618 638; x_wconf 74' lang='lat' dir='ltr'>taciturnior.</span> 
     </span>
     <span class='ocr_line' id='line_1_7' title="bbox 146 660 1618 719; baseline -0.001 -10"><span class='ocrx_word' id='word_1_49' title='bbox 146 663 442 709; x_wconf 79' lang='lat' dir='ltr'>Marmoreum</span> <span class='ocrx_word' id='word_1_50' title='bbox 463 664 594 719; x_wconf 84' lang='lat' dir='ltr'>putes</span> <span class='ocrx_word' id='word_1_51' title='bbox 614 664 660 704; x_wconf 90' lang='lat' dir='ltr'>et</span> <span class='ocrx_word' id='word_1_52' title='bbox 686 661 734 704; x_wconf 92' lang='lat' dir='ltr'>in</span> <span class='ocrx_word' id='word_1_53' title='bbox 753 660 975 705; x_wconf 88' lang='lat' dir='ltr'>auditorio</span> <span class='ocrx_word' id='word_1_54' title='bbox 996 661 1262 719; x_wconf 86' lang='lat' dir='ltr'>Pithagorae</span> <span class='ocrx_word' id='word_1_55' title='bbox 1282 665 1362 705; x_wconf 91' lang='lat' dir='ltr'>aut</span> <span class='ocrx_word' id='word_1_56' title='bbox 1381 665 1618 708; x_wconf 87' lang='lat' dir='ltr'>monacho-</span> 
     </span>
     <span class='ocr_line' id='line_1_8' title="bbox 145 731 1619 787; baseline -0.001 -11"><span class='ocrx_word' id='word_1_57' title='bbox 145 746 246 776; x_wconf 86' lang='lat' dir='ltr'>rum</span> <span class='ocrx_word' id='word_1_58' title='bbox 284 731 476 775; x_wconf 87' lang='lat' dir='ltr'>claustro</span> <span class='ocrx_word' id='word_1_59' title='bbox 515 745 605 773; x_wconf 93' lang='lat' dir='ltr'>non</span> <span class='ocrx_word' id='word_1_60' title='bbox 644 732 738 773; x_wconf 88' lang='lat' dir='ltr'>tam</span> <span class='ocrx_word' id='word_1_61' title='bbox 770 744 901 773; x_wconf 88' lang='lat' dir='ltr'>usum</span> <span class='ocrx_word' id='word_1_62' title='bbox 937 744 1071 787; x_wconf 87' lang='lat' dir='ltr'>quam</span> <span class='ocrx_word' id='word_1_63' title='bbox 1106 731 1416 775; x_wconf 87' lang='lat' dir='ltr'>necessitatem</span> <span class='ocrx_word' id='word_1_64' title='bbox 1451 732 1619 776; x_wconf 89' lang='lat' dir='ltr'>silentii</span> 
     </span>
     <span class='ocr_line' id='line_1_9' title="bbox 145 799 1620 856; baseline 0.001 -12"><span class='ocrx_word' id='word_1_65' title='bbox 145 801 359 844; x_wconf 87' lang='lat' dir='ltr'>didicisse.</span> <span class='ocrx_word' id='word_1_66' title='bbox 418 799 468 843; x_wconf 86' lang='lat' dir='ltr'>Si</span> <span class='ocrx_word' id='word_1_67' title='bbox 489 799 588 856; x_wconf 89' lang='lat' dir='ltr'>quis</span> <span class='ocrx_word' id='word_1_68' title='bbox 608 800 796 843; x_wconf 90' lang='lat' dir='ltr'>istorum</span> <span class='ocrx_word' id='word_1_69' title='bbox 823 799 871 841; x_wconf 91' lang='lat' dir='ltr'>in</span> <span class='ocrx_word' id='word_1_70' title='bbox 895 814 1054 843; x_wconf 90' lang='lat' dir='ltr'>manus</span> <span class='ocrx_word' id='word_1_71' title='bbox 1074 803 1176 843; x_wconf 88' lang='lat' dir='ltr'>tuas</span> <span class='ocrx_word' id='word_1_72' title='bbox 1206 800 1324 844; x_wconf 88' lang='lat' dir='ltr'>forte</span> <span class='ocrx_word' id='word_1_73' title='bbox 1351 802 1620 846; x_wconf 89' lang='lat' dir='ltr'>erudiendus</span> 
     </span>
     <span class='ocr_line' id='line_1_10' title="bbox 145 868 1620 927; baseline 0.001 -14"><span class='ocrx_word' id='word_1_74' title='bbox 145 869 362 923; x_wconf 90' lang='lat' dir='ltr'>inciderit,</span> <span class='ocrx_word' id='word_1_75' title='bbox 401 869 560 912; x_wconf 91' lang='lat' dir='ltr'>merito</span> <span class='ocrx_word' id='word_1_76' title='bbox 599 868 736 912; x_wconf 81' lang='lat' dir='ltr'>facies</span> <span class='ocrx_word' id='word_1_77' title='bbox 775 868 894 926; x_wconf 92' lang='lat' dir='ltr'>quod</span> <span class='ocrx_word' id='word_1_78' title='bbox 935 868 1262 920; x_wconf 86' lang='lat' dir='ltr'>Thimotheum‚</span> <span class='ocrx_word' id='word_1_79' title='bbox 1303 870 1380 927; x_wconf 92' lang='lat' dir='ltr'>qui</span> <span class='ocrx_word' id='word_1_80' title='bbox 1430 870 1478 913; x_wconf 92' lang='lat' dir='ltr'>in</span> <span class='ocrx_word' id='word_1_81' title='bbox 1522 874 1620 915; x_wconf 90' lang='lat' dir='ltr'>arte</span> 
     </span>
     <span class='ocr_line' id='line_1_11' title="bbox 88 937 1619 991; baseline 0.001 -8"><span class='ocrx_word' id='word_1_82' title='bbox 88 957 132 987; x_wconf 75' lang='grc' dir='ltr'>ιο</span> <span class='ocrx_word' id='word_1_83' title='bbox 147 939 359 983; x_wconf 83' lang='lat' dir='ltr'>tibiarum</span> <span class='ocrx_word' id='word_1_84' title='bbox 389 938 641 989; x_wconf 85' lang='lat' dir='ltr'>excellebat,</span> <span class='ocrx_word' id='word_1_85' title='bbox 662 937 816 982; x_wconf 85' lang='lat' dir='ltr'>fecisse</span> <span class='ocrx_word' id='word_1_86' title='bbox 847 937 986 981; x_wconf 83' lang='lat' dir='ltr'>refert</span> <span class='ocrx_word' id='word_1_87' title='bbox 1007 937 1314 991; x_wconf 85' lang='lat' dir='ltr'>Quintilianus</span> <span class='ocrx_word' id='word_1_88' title='bbox 1343 940 1390 982; x_wconf 91' lang='lat' dir='ltr'>in</span> <span class='ocrx_word' id='word_1_89' title='bbox 1421 940 1535 983; x_wconf 91' lang='lat' dir='ltr'>libro</span> <span class='ocrx_word' id='word_1_90' title='bbox 1564 940 1619 985; x_wconf 87' lang='lat' dir='ltr'>de</span> 
     </span>
     <span class='ocr_line' id='line_1_12' title="bbox 145 1007 1619 1065; baseline 0 -13"><span class='ocrx_word' id='word_1_91' title='bbox 145 1008 436 1052; x_wconf 88' lang='lat' dir='ltr'>Institutione</span> <span class='ocrx_word' id='word_1_92' title='bbox 468 1007 681 1051; x_wconf 88' lang='lat' dir='ltr'>Oratoris.</span> <span class='ocrx_word' id='word_1_93' title='bbox 743 1007 829 1051; x_wconf 90' lang='lat' dir='ltr'>Hic</span> <span class='ocrx_word' id='word_1_94' title='bbox 864 1007 1043 1064; x_wconf 91' lang='lat' dir='ltr'>quidem</span> <span class='ocrx_word' id='word_1_95' title='bbox 1078 1007 1237 1065; x_wconf 85' lang='lat' dir='ltr'>duplas</span> <span class='ocrx_word' id='word_1_96' title='bbox 1272 1009 1493 1053; x_wconf 88' lang='lat' dir='ltr'>mercedes</span> <span class='ocrx_word' id='word_1_97' title='bbox 1523 1011 1619 1052; x_wconf 83' lang='lat' dir='ltr'>exi-</span> 
     </span>
     <span class='ocr_line' id='line_1_13' title="bbox 143 1075 1619 1137; baseline 0.001 -16"><span class='ocrx_word' id='word_1_98' title='bbox 143 1077 278 1137; x_wconf 83' lang='lat' dir='ltr'>gebat</span> <span class='ocrx_word' id='word_1_99' title='bbox 307 1079 352 1120; x_wconf 91' lang='lat' dir='ltr'>et</span> <span class='ocrx_word' id='word_1_100' title='bbox 381 1076 623 1134; x_wconf 87' lang='lat' dir='ltr'>accipiebat</span> <span class='ocrx_word' id='word_1_101' title='bbox 656 1076 714 1119; x_wconf 92' lang='lat' dir='ltr'>ab</span> <span class='ocrx_word' id='word_1_102' title='bbox 742 1076 813 1119; x_wconf 91' lang='lat' dir='ltr'>his</span> <span class='ocrx_word' id='word_1_103' title='bbox 848 1076 924 1133; x_wconf 90' lang='lat' dir='ltr'>qui</span> <span class='ocrx_word' id='word_1_104' title='bbox 956 1075 1138 1120; x_wconf 84' lang='lat' dir='ltr'>fuerant</span> <span class='ocrx_word' id='word_1_105' title='bbox 1167 1077 1282 1120; x_wconf 87' lang='lat' dir='ltr'>male</span> <span class='ocrx_word' id='word_1_106' title='bbox 1311 1078 1619 1135; x_wconf 83' lang='lat' dir='ltr'>praeinstituti</span> 
     </span>
     <span class='ocr_line' id='line_1_14' title="bbox 145 1145 1615 1204; baseline 0.001 -15"><span class='ocrx_word' id='word_1_107' title='bbox 145 1161 278 1204; x_wconf 90' lang='lat' dir='ltr'>quam</span> <span class='ocrx_word' id='word_1_108' title='bbox 303 1145 340 1190; x_wconf 89' lang='lat' dir='ltr'>si</span> <span class='ocrx_word' id='word_1_109' title='bbox 370 1146 549 1189; x_wconf 92' lang='lat' dir='ltr'>omnino</span> <span class='ocrx_word' id='word_1_110' title='bbox 578 1145 710 1189; x_wconf 88' lang='lat' dir='ltr'>rudes</span> <span class='ocrx_word' id='word_1_111' title='bbox 739 1145 1010 1190; x_wconf 82' lang='lat' dir='ltr'>accederent.</span> <span class='ocrx_word' id='word_1_112' title='bbox 1069 1145 1206 1189; x_wconf 87' lang='lat' dir='ltr'>Error</span> <span class='ocrx_word' id='word_1_113' title='bbox 1225 1146 1343 1189; x_wconf 90' lang='lat' dir='ltr'>enim</span> <span class='ocrx_word' id='word_1_114' title='bbox 1364 1147 1615 1204; x_wconf 89' lang='lat' dir='ltr'>dupplicem</span> 
     </span>
     <span class='ocr_line' id='line_1_15' title="bbox 144 1214 1661 1273; baseline 0.001 -15"><span class='ocrx_word' id='word_1_115' title='bbox 144 1214 338 1258; x_wconf 90' lang='lat' dir='ltr'>laborem</span> <span class='ocrx_word' id='word_1_116' title='bbox 359 1215 511 1273; x_wconf 84' lang='lat' dir='ltr'>exigit,</span> <span class='ocrx_word' id='word_1_117' title='bbox 530 1230 630 1259; x_wconf 93' lang='lat' dir='ltr'>cum</span> <span class='ocrx_word' id='word_1_118' title='bbox 651 1218 697 1258; x_wconf 92' lang='lat' dir='ltr'>et</span> <span class='ocrx_word' id='word_1_119' title='bbox 723 1214 910 1258; x_wconf 86' lang='lat' dir='ltr'>delenda</span> <span class='ocrx_word' id='word_1_120' title='bbox 938 1214 1031 1259; x_wconf 86' lang='lat' dir='ltr'>sint</span> <span class='ocrx_word' id='word_1_121' title='bbox 1057 1229 1290 1271; x_wconf 91' lang='lat' dir='ltr'>peruersae</span> <span class='ocrx_word' id='word_1_122' title='bbox 1318 1215 1615 1260; x_wconf 91' lang='lat' dir='ltr'>institutionis</span> <span class='ocrx_word' id='word_1_123' title='bbox 1631 1219 1661 1259; x_wconf 85' lang='lat' dir='ltr'>b</span> 
     </span>
     <span class='ocr_line' id='line_1_16' title="bbox 88 1284 1613 1342; baseline 0.001 -14"><span class='ocrx_word' id='word_1_124' title='bbox 88 1301 126 1336; x_wconf 67' lang='grc' dir='ltr'>ιε</span> <span class='ocrx_word' id='word_1_125' title='bbox 145 1285 314 1328; x_wconf 88' lang='lat' dir='ltr'>semina</span> <span class='ocrx_word' id='word_1_126' title='bbox 332 1287 378 1328; x_wconf 92' lang='lat' dir='ltr'>et</span> <span class='ocrx_word' id='word_1_127' title='bbox 397 1285 537 1328; x_wconf 88' lang='lat' dir='ltr'>bonae</span> <span class='ocrx_word' id='word_1_128' title='bbox 557 1285 648 1328; x_wconf 89' lang='lat' dir='ltr'>sint</span> <span class='ocrx_word' id='word_1_129' title='bbox 667 1284 842 1328; x_wconf 88' lang='lat' dir='ltr'>fidelius</span> <span class='ocrx_word' id='word_1_130' title='bbox 861 1284 1108 1328; x_wconf 88' lang='lat' dir='ltr'>inserenda.</span> <span class='ocrx_word' id='word_1_131' title='bbox 1169 1284 1352 1342; x_wconf 86' lang='lat' dir='ltr'>Suspice</span> <span class='ocrx_word' id='word_1_132' title='bbox 1379 1286 1437 1328; x_wconf 88' lang='lat' dir='ltr'>ad</span> <span class='ocrx_word' id='word_1_133' title='bbox 1464 1286 1613 1329; x_wconf 91' lang='lat' dir='ltr'>mode-</span> 
     </span>
     <span class='ocr_line' id='line_1_17' title="bbox 145 1354 1617 1412; baseline 0.001 -15"><span class='ocrx_word' id='word_1_134' title='bbox 145 1356 314 1398; x_wconf 86' lang='lat' dir='ltr'>ratores</span> <span class='ocrx_word' id='word_1_135' title='bbox 351 1354 713 1412; x_wconf 88' lang='lat' dir='ltr'>philosophorum</span> <span class='ocrx_word' id='word_1_136' title='bbox 753 1354 966 1411; x_wconf 86' lang='lat' dir='ltr'>temporis</span> <span class='ocrx_word' id='word_1_137' title='bbox 1012 1354 1167 1406; x_wconf 88' lang='lat' dir='ltr'>nostri,</span> <span class='ocrx_word' id='word_1_138' title='bbox 1206 1354 1306 1398; x_wconf 90' lang='lat' dir='ltr'>illos</span> <span class='ocrx_word' id='word_1_139' title='bbox 1355 1355 1432 1412; x_wconf 88' lang='lat' dir='ltr'>qui</span> <span class='ocrx_word' id='word_1_140' title='bbox 1480 1355 1617 1399; x_wconf 87' lang='lat' dir='ltr'>altius</span> 
     </span>
     <span class='ocr_line' id='line_1_18' title="bbox 143 1423 1619 1483; baseline 0.001 -16"><span class='ocrx_word' id='word_1_141' title='bbox 143 1426 477 1481; x_wconf 85' lang='lat' dir='ltr'>praeconantur,</span> <span class='ocrx_word' id='word_1_142' title='bbox 522 1438 631 1482; x_wconf 91' lang='lat' dir='ltr'>quos</span> <span class='ocrx_word' id='word_1_143' title='bbox 677 1424 933 1467; x_wconf 88' lang='lat' dir='ltr'>auditorum</span> <span class='ocrx_word' id='word_1_144' title='bbox 982 1423 1225 1467; x_wconf 90' lang='lat' dir='ltr'>multitudo</span> <span class='ocrx_word' id='word_1_145' title='bbox 1268 1424 1619 1483; x_wconf 88' lang='lat' dir='ltr'>circumstrepit;</span> 
     </span>
     <span class='ocr_line' id='line_1_19' title="bbox 143 1492 1616 1551; baseline 0.001 -15"><span class='ocrx_word' id='word_1_146' title='bbox 143 1492 380 1551; x_wconf 88' lang='lat' dir='ltr'>diligenter</span> <span class='ocrx_word' id='word_1_147' title='bbox 402 1493 592 1536; x_wconf 90' lang='lat' dir='ltr'>adtende</span> <span class='ocrx_word' id='word_1_148' title='bbox 617 1507 712 1546; x_wconf 90' lang='lat' dir='ltr'>eos;</span> <span class='ocrx_word' id='word_1_149' title='bbox 737 1493 784 1535; x_wconf 93' lang='lat' dir='ltr'>in</span> <span class='ocrx_word' id='word_1_150' title='bbox 810 1492 964 1551; x_wconf 89' lang='lat' dir='ltr'>regula</span> <span class='ocrx_word' id='word_1_151' title='bbox 987 1507 1078 1535; x_wconf 91' lang='lat' dir='ltr'>una</span> <span class='ocrx_word' id='word_1_152' title='bbox 1101 1495 1182 1536; x_wconf 91' lang='lat' dir='ltr'>aut</span> <span class='ocrx_word' id='word_1_153' title='bbox 1206 1493 1379 1536; x_wconf 92' lang='lat' dir='ltr'>duobus</span> <span class='ocrx_word' id='word_1_154' title='bbox 1403 1497 1484 1537; x_wconf 91' lang='lat' dir='ltr'>aut</span> <span class='ocrx_word' id='word_1_155' title='bbox 1507 1508 1616 1551; x_wconf 87' lang='lat' dir='ltr'>pau-</span> 
     </span>
     <span class='ocr_line' id='line_1_20' title="bbox 143 1562 1617 1620; baseline 0.001 -14"><span class='ocrx_word' id='word_1_156' title='bbox 143 1562 254 1606; x_wconf 81' lang='lat' dir='ltr'>culis</span> <span class='ocrx_word' id='word_1_157' title='bbox 283 1562 431 1606; x_wconf 90' lang='lat' dir='ltr'>uerbis</span> <span class='ocrx_word' id='word_1_158' title='bbox 461 1562 662 1606; x_wconf 90' lang='lat' dir='ltr'>inuenies</span> <span class='ocrx_word' id='word_1_159' title='bbox 696 1565 943 1620; x_wconf 88' lang='lat' dir='ltr'>occupatos,</span> <span class='ocrx_word' id='word_1_160' title='bbox 972 1564 1054 1604; x_wconf 88' lang='lat' dir='ltr'>aut</span> <span class='ocrx_word' id='word_1_161' title='bbox 1088 1565 1141 1605; x_wconf 90' lang='lat' dir='ltr'>ut</span> <span class='ocrx_word' id='word_1_162' title='bbox 1175 1562 1368 1606; x_wconf 92' lang='lat' dir='ltr'>multum</span> <span class='ocrx_word' id='word_1_163' title='bbox 1403 1564 1617 1620; x_wconf 89' lang='lat' dir='ltr'>pauculas</span> 
     </span>
     <span class='ocr_line' id='line_1_21' title="bbox 87 1631 1616 1691; baseline 0 -14"><span class='ocrx_word' id='word_1_164' title='bbox 87 1651 130 1677; x_wconf 64' lang='grc' dir='ltr'>πο</span> <span class='ocrx_word' id='word_1_165' title='bbox 145 1631 422 1688; x_wconf 82' lang='lat' dir='ltr'>quaestiones</span> <span class='ocrx_word' id='word_1_166' title='bbox 460 1635 589 1690; x_wconf 90' lang='lat' dir='ltr'>aptas</span> <span class='ocrx_word' id='word_1_167' title='bbox 628 1632 786 1689; x_wconf 89' lang='lat' dir='ltr'>iurgiis</span> <span class='ocrx_word' id='word_1_168' title='bbox 826 1631 1066 1690; x_wconf 88' lang='lat' dir='ltr'>elegerunt,</span> <span class='ocrx_word' id='word_1_169' title='bbox 1097 1631 1144 1674; x_wconf 92' lang='lat' dir='ltr'>in</span> <span class='ocrx_word' id='word_1_170' title='bbox 1184 1632 1346 1688; x_wconf 91' lang='lat' dir='ltr'>quibus</span> <span class='ocrx_word' id='word_1_171' title='bbox 1386 1633 1616 1691; x_wconf 87' lang='lat' dir='ltr'>ingenium</span> 
     </span>
     <span class='ocr_line' id='line_1_22' title="bbox 144 1700 1616 1745; baseline 0.001 -2"><span class='ocrx_word' id='word_1_172' title='bbox 144 1715 273 1744; x_wconf 89' lang='lat' dir='ltr'>suum</span> <span class='ocrx_word' id='word_1_173' title='bbox 313 1704 545 1745; x_wconf 84' lang='lat' dir='ltr'>exerceant</span> <span class='ocrx_word' id='word_1_174' title='bbox 584 1704 630 1744; x_wconf 93' lang='lat' dir='ltr'>et</span> <span class='ocrx_word' id='word_1_175' title='bbox 668 1703 932 1745; x_wconf 85' lang='lat' dir='ltr'>consumant</span> <span class='ocrx_word' id='word_1_176' title='bbox 971 1703 1148 1743; x_wconf 89' lang='lat' dir='ltr'>etatem.</span> <span class='ocrx_word' id='word_1_177' title='bbox 1209 1700 1296 1743; x_wconf 89' lang='lat' dir='ltr'>Eas</span> <span class='ocrx_word' id='word_1_178' title='bbox 1340 1703 1492 1744; x_wconf 90' lang='lat' dir='ltr'>tamen</span> <span class='ocrx_word' id='word_1_179' title='bbox 1526 1717 1616 1745; x_wconf 92' lang='lat' dir='ltr'>non</span> 
     </span>
     <span class='ocr_line' id='line_1_23' title="bbox 142 1769 1616 1828; baseline 0.001 -14"><span class='ocrx_word' id='word_1_180' title='bbox 142 1769 367 1814; x_wconf 83' lang='lat' dir='ltr'>sufficiunt</span> <span class='ocrx_word' id='word_1_181' title='bbox 393 1770 592 1822; x_wconf 90' lang='lat' dir='ltr'>enodare,</span> <span class='ocrx_word' id='word_1_182' title='bbox 613 1770 688 1815; x_wconf 90' lang='lat' dir='ltr'>sed</span> <span class='ocrx_word' id='word_1_183' title='bbox 713 1770 879 1814; x_wconf 89' lang='lat' dir='ltr'>nodum</span> <span class='ocrx_word' id='word_1_184' title='bbox 905 1773 951 1813; x_wconf 89' lang='lat' dir='ltr'>et</span> <span class='ocrx_word' id='word_1_185' title='bbox 976 1773 1118 1814; x_wconf 89' lang='lat' dir='ltr'>totam</span> <span class='ocrx_word' id='word_1_186' title='bbox 1143 1770 1484 1828; x_wconf 84' lang='lat' dir='ltr'>ambiguitatem</span> <span class='ocrx_word' id='word_1_187' title='bbox 1514 1787 1616 1816; x_wconf 90' lang='lat' dir='ltr'>cum</span> 
     </span>
     <span class='ocr_line' id='line_1_24' title="bbox 141 1838 1617 1898; baseline 0.001 -15"><span class='ocrx_word' id='word_1_188' title='bbox 141 1838 422 1884; x_wconf 87' lang='lat' dir='ltr'>intricatione</span> <span class='ocrx_word' id='word_1_189' title='bbox 458 1854 540 1884; x_wconf 89' lang='lat' dir='ltr'>sua</span> <span class='ocrx_word' id='word_1_190' title='bbox 573 1855 653 1898; x_wconf 92' lang='lat' dir='ltr'>per</span> <span class='ocrx_word' id='word_1_191' title='bbox 687 1840 912 1884; x_wconf 87' lang='lat' dir='ltr'>auditores</span> <span class='ocrx_word' id='word_1_192' title='bbox 944 1854 1047 1883; x_wconf 89' lang='lat' dir='ltr'>suos</span> <span class='ocrx_word' id='word_1_193' title='bbox 1081 1840 1399 1884; x_wconf 88' lang='lat' dir='ltr'>transmittunt</span> <span class='ocrx_word' id='word_1_194' title='bbox 1427 1842 1617 1898; x_wconf 86' lang='lat' dir='ltr'>posteris</span> 
     </span>
     <span class='ocr_line' id='line_1_25' title="bbox 87 1908 1617 1967; baseline 0.002 -15"><span class='ocrx_word' id='word_1_195' title='bbox 87 1944 90 1947; x_wconf 89' lang='lat'>.</span> <span class='ocrx_word' id='word_1_196' title='bbox 141 1908 482 1954; x_wconf 86' lang='lat' dir='ltr'>dissoluendum.</span> <span class='ocrx_word' id='word_1_197' title='bbox 542 1909 606 1953; x_wconf 91' lang='lat' dir='ltr'>Eo</span> <span class='ocrx_word' id='word_1_198' title='bbox 645 1909 739 1954; x_wconf 91' lang='lat' dir='ltr'>loco</span> <span class='ocrx_word' id='word_1_199' title='bbox 778 1913 831 1953; x_wconf 92' lang='lat' dir='ltr'>ut</span> <span class='ocrx_word' id='word_1_200' title='bbox 869 1909 1171 1967; x_wconf 87' lang='lat' dir='ltr'>congrediaris</span> <span class='ocrx_word' id='word_1_201' title='bbox 1210 1909 1422 1962; x_wconf 88' lang='lat' dir='ltr'>inuitant,</span> <span class='ocrx_word' id='word_1_202' title='bbox 1444 1911 1617 1955; x_wconf 86' lang='lat' dir='ltr'>instant</span> 
     </span>
     <span class='ocr_line' id='line_1_26' title="bbox 86 1978 1615 2036; baseline 0.001 -14"><span class='ocrx_word' id='word_1_203' title='bbox 86 1995 126 2031; x_wconf 82' lang='lat'>²5</span> <span class='ocrx_word' id='word_1_204' title='bbox 142 1978 455 2036; x_wconf 88' lang='lat' dir='ltr'>postulantque</span> <span class='ocrx_word' id='word_1_205' title='bbox 494 1979 771 2032; x_wconf 88' lang='lat' dir='ltr'>conflictum;</span> <span class='ocrx_word' id='word_1_206' title='bbox 810 1979 849 2025; x_wconf 89' lang='lat' dir='ltr'>si</span> <span class='ocrx_word' id='word_1_207' title='bbox 890 1979 1041 2022; x_wconf 84' lang='lat' dir='ltr'>differs</span> <span class='ocrx_word' id='word_1_208' title='bbox 1080 1993 1263 2022; x_wconf 91' lang='lat' dir='ltr'>manum</span> <span class='ocrx_word' id='word_1_209' title='bbox 1302 1994 1542 2031; x_wconf 88' lang='lat' dir='ltr'>conserere,</span> <span class='ocrx_word' id='word_1_210' title='bbox 1576 1981 1615 2024; x_wconf 92' lang='lat' dir='ltr'>si</span> 
     </span>
     <span class='ocr_line' id='line_1_27' title="bbox 141 2047 1615 2104; baseline 0.003 -14"><span class='ocrx_word' id='word_1_211' title='bbox 141 2047 371 2104; x_wconf 90' lang='lat' dir='ltr'>paululum</span> <span class='ocrx_word' id='word_1_212' title='bbox 397 2049 594 2100; x_wconf 88' lang='lat' dir='ltr'>moraris,</span> <span class='ocrx_word' id='word_1_213' title='bbox 614 2049 831 2094; x_wconf 90' lang='lat' dir='ltr'>insiliunt.</span> <span class='ocrx_word' id='word_1_214' title='bbox 890 2048 940 2092; x_wconf 89' lang='lat' dir='ltr'>Si</span> <span class='ocrx_word' id='word_1_215' title='bbox 968 2048 1149 2100; x_wconf 88' lang='lat' dir='ltr'>accedis,</span> <span class='ocrx_word' id='word_1_216' title='bbox 1173 2049 1211 2092; x_wconf 92' lang='lat' dir='ltr'>si</span> <span class='ocrx_word' id='word_1_217' title='bbox 1236 2049 1418 2092; x_wconf 88' lang='lat' dir='ltr'>tandem</span> <span class='ocrx_word' id='word_1_218' title='bbox 1444 2050 1615 2094; x_wconf 88' lang='lat' dir='ltr'>inuitus</span> 
     </span>
     <span class='ocr_line' id='line_1_28' title="bbox 140 2117 1613 2176; baseline 0.002 -17"><span class='ocrx_word' id='word_1_219' title='bbox 140 2117 428 2174; x_wconf 83' lang='lat' dir='ltr'>congrederis,</span> <span class='ocrx_word' id='word_1_220' title='bbox 459 2118 497 2162; x_wconf 91' lang='lat' dir='ltr'>si</span> <span class='ocrx_word' id='word_1_221' title='bbox 529 2119 704 2176; x_wconf 90' lang='lat' dir='ltr'>premis,</span> <span class='ocrx_word' id='word_1_222' title='bbox 735 2119 929 2162; x_wconf 88' lang='lat' dir='ltr'>latebras</span> <span class='ocrx_word' id='word_1_223' title='bbox 961 2121 1194 2175; x_wconf 90' lang='lat' dir='ltr'>quaerunt,</span> <span class='ocrx_word' id='word_1_224' title='bbox 1227 2118 1408 2161; x_wconf 87' lang='lat' dir='ltr'>uariant</span> <span class='ocrx_word' id='word_1_225' title='bbox 1442 2118 1613 2172; x_wconf 74' lang='lat' dir='ltr'>faciem,</span> 
     </span>
     <span class='ocr_line' id='line_1_29' title="bbox 141 2186 1655 2246; baseline 0.002 -17"><span class='ocrx_word' id='word_1_226' title='bbox 141 2186 278 2229; x_wconf 89' lang='lat' dir='ltr'>uerba</span> <span class='ocrx_word' id='word_1_227' title='bbox 309 2186 599 2245; x_wconf 88' lang='lat' dir='ltr'>distorquent,</span> <span class='ocrx_word' id='word_1_228' title='bbox 633 2188 887 2246; x_wconf 83' lang='lat' dir='ltr'>praestigiis</span> <span class='ocrx_word' id='word_1_229' title='bbox 926 2187 1274 2238; x_wconf 82' lang='lat' dir='ltr'>conformantur,</span> <span class='ocrx_word' id='word_1_230' title='bbox 1307 2187 1527 2232; x_wconf 90' lang='lat' dir='ltr'>lubricum</span> <span class='ocrx_word' id='word_1_231' title='bbox 1567 2192 1612 2232; x_wconf 91' lang='lat' dir='ltr'>et</span> <span class='ocrx_word' id='word_1_232' title='bbox 1629 2205 1655 2236; x_wconf 86' lang='lat' dir='ltr'>c</span> 
     </span>
     <span class='ocr_line' id='line_1_30' title="bbox 139 2255 1612 2314; baseline 0.003 -16"><span class='ocrx_word' id='word_1_233' title='bbox 139 2255 380 2300; x_wconf 89' lang='lat' dir='ltr'>uolubilem</span> <span class='ocrx_word' id='word_1_234' title='bbox 420 2256 610 2300; x_wconf 90' lang='lat' dir='ltr'>Prothea</span> <span class='ocrx_word' id='word_1_235' title='bbox 652 2257 884 2302; x_wconf 84' lang='lat' dir='ltr'>miraberis</span> <span class='ocrx_word' id='word_1_236' title='bbox 933 2257 1126 2308; x_wconf 87' lang='lat' dir='ltr'>rediisse,</span> <span class='ocrx_word' id='word_1_237' title='bbox 1165 2256 1251 2300; x_wconf 91' lang='lat' dir='ltr'>nisi</span> <span class='ocrx_word' id='word_1_238' title='bbox 1302 2257 1420 2314; x_wconf 92' lang='lat' dir='ltr'>quod</span> <span class='ocrx_word' id='word_1_239' title='bbox 1470 2259 1612 2302; x_wconf 88' lang='lat' dir='ltr'>teneri</span> 
     </span>
     <span class='ocr_line' id='line_1_31' title="bbox 81 2322 1610 2384; baseline 0.003 -17"><span class='ocrx_word' id='word_1_240' title='bbox 81 2339 126 2376; x_wconf 75' lang='lat'>30</span> <span class='ocrx_word' id='word_1_241' title='bbox 141 2322 317 2368; x_wconf 77' lang='lat' dir='ltr'>facilius</span> <span class='ocrx_word' id='word_1_242' title='bbox 354 2328 511 2382; x_wconf 88' lang='lat' dir='ltr'>potest,</span> <span class='ocrx_word' id='word_1_243' title='bbox 543 2326 580 2369; x_wconf 90' lang='lat' dir='ltr'>si</span> <span class='ocrx_word' id='word_1_244' title='bbox 617 2326 665 2369; x_wconf 90' lang='lat' dir='ltr'>in</span> <span class='ocrx_word' id='word_1_245' title='bbox 703 2341 755 2372; x_wconf 90' lang='lat' dir='ltr'>eo</span> <span class='ocrx_word' id='word_1_246' title='bbox 789 2326 1048 2384; x_wconf 89' lang='lat' dir='ltr'>perstiteris,</span> <span class='ocrx_word' id='word_1_247' title='bbox 1082 2329 1135 2369; x_wconf 91' lang='lat' dir='ltr'>ut</span> <span class='ocrx_word' id='word_1_248' title='bbox 1166 2340 1443 2383; x_wconf 89' lang='lat' dir='ltr'>quocumque</span> <span class='ocrx_word' id='word_1_249' title='bbox 1475 2327 1610 2372; x_wconf 85' lang='lat' dir='ltr'>uerba</span> 
     </span>
     <span class='ocr_line' id='line_1_32' title="bbox 140 2393 1612 2453; baseline 0.001 -16"><span class='ocrx_word' id='word_1_250' title='bbox 140 2393 338 2437; x_wconf 88' lang='lat' dir='ltr'>defluant</span> <span class='ocrx_word' id='word_1_251' title='bbox 362 2396 407 2437; x_wconf 89' lang='lat' dir='ltr'>et</span> <span class='ocrx_word' id='word_1_252' title='bbox 432 2394 685 2447; x_wconf 90' lang='lat' dir='ltr'>uoluantur,</span> <span class='ocrx_word' id='word_1_253' title='bbox 706 2395 814 2453; x_wconf 92' lang='lat' dir='ltr'>quid</span> <span class='ocrx_word' id='word_1_254' title='bbox 844 2395 956 2439; x_wconf 88' lang='lat' dir='ltr'>uelit</span> <span class='ocrx_word' id='word_1_255' title='bbox 982 2394 1208 2452; x_wconf 86' lang='lat' dir='ltr'>intelligas</span> <span class='ocrx_word' id='word_1_256' title='bbox 1238 2398 1284 2438; x_wconf 91' lang='lat' dir='ltr'>et</span> <span class='ocrx_word' id='word_1_257' title='bbox 1307 2395 1415 2452; x_wconf 90' lang='lat' dir='ltr'>quid</span> <span class='ocrx_word' id='word_1_258' title='bbox 1445 2396 1612 2440; x_wconf 87' lang='lat' dir='ltr'>sentiat</span> 
     </span>
    </p>
   </div>
   <div class='ocr_carea' id='block_1_3' title="bbox 137 2502 1611 2749">
    <p class='ocr_par' dir='ltr' id='par_1_3' title="bbox 138 2502 1610 2599">
     <span class='ocr_line' id='line_1_33' title="bbox 141 2502 1610 2552; baseline 0 -10"><span class='ocrx_word' id='word_1_259' title='bbox 141 2512 159 2542; x_wconf 86' lang='lat'>1</span> <span class='ocrx_word' id='word_1_260' title='bbox 188 2503 443 2541; x_wconf 84' lang='lat' dir='ltr'>auctenticum</span> <span class='ocrx_word' id='word_1_261' title='bbox 463 2503 518 2541; x_wconf 84' lang='lat' dir='ltr'>OS</span> <span class='ocrx_word' id='word_1_262' title='bbox 723 2515 744 2542; x_wconf 91' lang='lat'><em>2</em></span> <span class='ocrx_word' id='word_1_263' title='bbox 771 2503 1003 2541; x_wconf 82' lang='lat' dir='ltr'>contradicit</span> <span class='ocrx_word' id='word_1_264' title='bbox 1019 2502 1132 2541; x_wconf 77' lang='lat' dir='ltr'>citius</span> <span class='ocrx_word' id='word_1_265' title='bbox 1150 2503 1191 2539; x_wconf 83' lang='lat' dir='ltr'><strong>M</strong></span> <span class='ocrx_word' id='word_1_266' title='bbox 1359 2504 1382 2541; x_wconf 90' lang='grc'>6</span> <span class='ocrx_word' id='word_1_267' title='bbox 1405 2503 1610 2552; x_wconf 81' lang='lat' dir='ltr'>phitagore</span> 
     </span>
     <span class='ocr_line' id='line_1_34' title="bbox 138 2549 1438 2599; baseline 0.002 -13"><span class='ocrx_word' id='word_1_268' title='bbox 138 2549 201 2586; x_wconf 82' lang='lat' dir='ltr'>AS</span> <span class='ocrx_word' id='word_1_269' title='bbox 345 2561 383 2587; x_wconf 87' lang='lat'>11</span> <span class='ocrx_word' id='word_1_270' title='bbox 411 2551 574 2599; x_wconf 73' lang='lat' dir='ltr'>dupplas</span> <span class='ocrx_word' id='word_1_271' title='bbox 589 2551 623 2588; x_wconf 80' lang='lat' dir='ltr'>A</span> <span class='ocrx_word' id='word_1_272' title='bbox 767 2553 810 2590; x_wconf 86' lang='lat'>18</span> <span class='ocrx_word' id='word_1_273' title='bbox 835 2552 965 2589; x_wconf 83' lang='lat' dir='ltr'>recula</span> <span class='ocrx_word' id='word_1_274' title='bbox 981 2551 1006 2588; x_wconf 88' lang='lat' dir='ltr'>S</span> <span class='ocrx_word' id='word_1_275' title='bbox 1150 2561 1196 2598; x_wconf 88' lang='lat'>29</span> <span class='ocrx_word' id='word_1_276' title='bbox 1219 2552 1353 2598; x_wconf 82' lang='lat' dir='ltr'>protea</span> <span class='ocrx_word' id='word_1_277' title='bbox 1369 2551 1408 2588; x_wconf 83' lang='lat'>0¹</span> <span class='ocrx_word' id='word_1_278' title='bbox 1413 2551 1438 2588; x_wconf 89' lang='lat' dir='ltr'>S</span> 
     </span>
    </p>

    <p class='ocr_par' dir='ltr' id='par_1_4' title="bbox 137 2649 1611 2744">
     <span class='ocr_line' id='line_1_35' title="bbox 141 2649 1611 2696; baseline 0 -12"><span class='ocrx_word' id='word_1_279' title='bbox 141 2673 145 2676; x_wconf 92' lang='lat'><em>-</em></span> <span class='ocrx_word' id='word_1_280' title='bbox 189 2656 208 2694; x_wconf 84' lang='lat'>5</span> <span class='ocrx_word' id='word_1_281' title='bbox 234 2653 355 2685; x_wconf 72' lang='lat' dir='ltr'>statua</span> <span class='ocrx_word' id='word_1_282' title='bbox 369 2651 545 2686; x_wconf 74' lang='lat' dir='ltr'>taciturni</span> <span class='ocrx_word' id='word_1_283' title='bbox 530 2661 606 2686; x_wconf 71' lang='grc' dir='ltr'>ιεον</span> <span class='ocrx_word' id='word_1_284' title='bbox 632 2661 665 2687; x_wconf 85' lang='lat' dir='ltr'>v.</span> <span class='ocrx_word' id='word_1_285' title='bbox 682 2649 775 2687; x_wconf 87' lang='lat' dir='ltr'>Hor.</span> <span class='ocrx_word' id='word_1_286' title='bbox 791 2650 863 2696; x_wconf 98' lang='lat' dir='ltr'>Ep.</span> <span class='ocrx_word' id='word_1_287' title='bbox 879 2649 920 2686; x_wconf 85' lang='lat' dir='ltr'>ii.</span> <span class='ocrx_word' id='word_1_288' title='bbox 939 2659 971 2686; x_wconf 88' lang='lat'>2.</span> <span class='ocrx_word' id='word_1_289' title='bbox 990 2650 1047 2695; x_wconf 88' lang='lat'>83.</span> <span class='ocrx_word' id='word_1_290' title='bbox 1183 2650 1207 2686; x_wconf 95' lang='lat'><strong>6</strong></span> <span class='ocrx_word' id='word_1_291' title='bbox 1230 2650 1272 2685; x_wconf 76' lang='lat' dir='ltr'>in</span> <span class='ocrx_word' id='word_1_292' title='bbox 1289 2651 1471 2686; x_wconf 74' lang='lat' dir='ltr'>auditorio</span> <span class='ocrx_word' id='word_1_293' title='bbox 1487 2650 1611 2685; x_wconf 77' lang='grc' dir='ltr'><strong><em>ΡιἩια-</em></strong></span> 
     </span>
     <span class='ocr_line' id='line_1_36' title="bbox 137 2695 1606 2749; baseline 0.001 -18"><span class='ocrx_word' id='word_1_294' title='bbox 137 2705 270 2749; x_wconf 69' lang='lat' dir='ltr'>yeme·</span> <span class='ocrx_word' id='word_1_295' title='bbox 296 2707 328 2731; x_wconf 89' lang='lat' dir='ltr'>v.</span> <span class='ocrx_word' id='word_1_296' title='bbox 347 2695 443 2732; x_wconf 78' lang='lat' dir='ltr'>Gen.</span> <span class='ocrx_word' id='word_1_297' title='bbox 460 2696 485 2734; x_wconf 88' lang='lat' dir='ltr'>i.</span> <span class='ocrx_word' id='word_1_298' title='bbox 502 2707 526 2744; x_wconf 91' lang='lat'>9</span> <span class='ocrx_word' id='word_1_299' title='bbox 543 2696 585 2744; x_wconf 82' lang='lat'>§§</span> <span class='ocrx_word' id='word_1_300' title='bbox 608 2706 684 2744; x_wconf 88' lang='lat'>1-5.</span> <span class='ocrx_word' id='word_1_301' title='bbox 850 2707 873 2743; x_wconf 92' lang='lat'><strong>9</strong></span> <span class='ocrx_word' id='word_1_302' title='bbox 901 2698 970 2732; x_wconf 71' lang='lat' dir='ltr'>Th</span> <span class='ocrx_word' id='word_1_303' title='bbox 965 2698 1150 2733; x_wconf 78' lang='lat' dir='ltr'>&#39;motheum</span> <span class='ocrx_word' id='word_1_304' title='bbox 1166 2698 1262 2734; x_wconf 89' lang='lat' dir='ltr'>etc.:</span> <span class='ocrx_word' id='word_1_305' title='bbox 1287 2708 1318 2732; x_wconf 88' lang='lat' dir='ltr'>v.</span> <span class='ocrx_word' id='word_1_306' title='bbox 1337 2696 1498 2740; x_wconf 85' lang='lat' dir='ltr'>Quintil.</span> <span class='ocrx_word' id='word_1_307' title='bbox 1515 2698 1606 2733; x_wconf 70' lang='lat' dir='ltr'>Inst.</span> 
     </span>
    </p>
   </div>
   <div class='ocr_carea' id='block_1_4' title="bbox 141 2741 1608 2886">
    <p class='ocr_par' dir='ltr' id='par_1_5' title="bbox 141 2741 1608 2886">
     <span class='ocr_line' id='line_1_37' title="bbox 144 2741 1608 2791; baseline 0.002 -13"><span class='ocrx_word' id='word_1_308' title='bbox 144 2743 203 2778; x_wconf 85' lang='lat' dir='ltr'>Or.</span> <span class='ocrx_word' id='word_1_309' title='bbox 221 2741 260 2778; x_wconf 88' lang='lat' dir='ltr'>ii.</span> <span class='ocrx_word' id='word_1_310' title='bbox 278 2752 300 2788; x_wconf 87' lang='lat'>3</span> <span class='ocrx_word' id='word_1_311' title='bbox 319 2741 337 2789; x_wconf 72' lang='grc' dir='ltr'><strong>ξ</strong></span> <span class='ocrx_word' id='word_1_312' title='bbox 357 2753 388 2788; x_wconf 88' lang='grc'>3.</span> <span class='ocrx_word' id='word_1_313' title='bbox 597 2744 715 2799; x_wconf 87' lang='lat'>15,16</span> <span class='ocrx_word' id='word_1_314' title='bbox 739 2745 788 2780; x_wconf 81' lang='lat' dir='ltr'>ad</span> <span class='ocrx_word' id='word_1_315' title='bbox 803 2746 1041 2780; x_wconf 65' lang='lat' dir='ltr'>moderatores</span> <span class='ocrx_word' id='word_1_316' title='bbox 1056 2747 1151 2780; x_wconf 81' lang='lat' dir='ltr'>etc.:</span> <span class='ocrx_word' id='word_1_317' title='bbox 1178 2743 1236 2779; x_wconf 90' lang='lat' dir='ltr'>Ad</span> <span class='ocrx_word' id='word_1_318' title='bbox 1254 2743 1404 2780; x_wconf 82' lang='lat' dir='ltr'>eosdem</span> <span class='ocrx_word' id='word_1_319' title='bbox 1422 2743 1608 2790; x_wconf 85' lang='lat' dir='ltr'>respicere</span> 
     </span>
     <span class='ocr_line' id='line_1_38' title="bbox 141 2788 1604 2845; baseline 0.001 -20"><span class='ocrx_word' id='word_1_320' title='bbox 141 2788 295 2833; x_wconf 76' lang='lat' dir='ltr'>uidetur</span> <span class='ocrx_word' id='word_1_321' title='bbox 310 2801 404 2835; x_wconf 86' lang='lat' dir='ltr'>quos</span> <span class='ocrx_word' id='word_1_322' title='bbox 419 2791 542 2828; x_wconf 76' lang='lat' dir='ltr'>Metal.</span> <span class='ocrx_word' id='word_1_323' title='bbox 555 2790 582 2828; x_wconf 91' lang='lat' dir='ltr'>i.</span> <span class='ocrx_word' id='word_1_324' title='bbox 602 2791 687 2837; x_wconf 86' lang='lat' dir='ltr'>3.ii.</span> <span class='ocrx_word' id='word_1_325' title='bbox 706 2800 740 2845; x_wconf 92' lang='lat'><strong><em>7</em></strong></span> <span class='ocrx_word' id='word_1_326' title='bbox 757 2801 857 2836; x_wconf 89' lang='lat' dir='ltr'>9,1o</span> <span class='ocrx_word' id='word_1_327' title='bbox 872 2793 1003 2836; x_wconf 79' lang='lat' dir='ltr'>adfin.</span> <span class='ocrx_word' id='word_1_328' title='bbox 1018 2790 1265 2845; x_wconf 85' lang='lat' dir='ltr'>reprehendit</span> <span class='ocrx_word' id='word_1_329' title='bbox 1282 2790 1447 2828; x_wconf 77' lang='lat' dir='ltr'>Ioannes</span> <span class='ocrx_word' id='word_1_330' title='bbox 1464 2794 1604 2828; x_wconf 82' lang='lat' dir='ltr'>noster.</span> 
     </span>
     <span class='ocr_line' id='line_1_39' title="bbox 141 2802 1400 2886; baseline -0.001 -11"><span class='ocrx_word' id='word_1_331' title='bbox 141 2845 190 2883; x_wconf 89' lang='lat'>29</span> <span class='ocrx_word' id='word_1_332' title='bbox 212 2837 390 2875; x_wconf 76' lang='lat' dir='ltr'>Prothea:</span> <span class='ocrx_word' id='word_1_333' title='bbox 415 2837 597 2875; x_wconf 82' lang='lat' dir='ltr'>Fabulam</span> <span class='ocrx_word' id='word_1_334' title='bbox 602 2802 741 2876; x_wconf 86' lang='lat' dir='ltr'>Protei</span> <span class='ocrx_word' id='word_1_335' title='bbox 756 2838 874 2876; x_wconf 84' lang='lat' dir='ltr'>refert</span> <span class='ocrx_word' id='word_1_336' title='bbox 889 2837 1045 2875; x_wconf 77' lang='lat' dir='ltr'>Ovidius</span> <span class='ocrx_word' id='word_1_337' title='bbox 1060 2839 1161 2876; x_wconf 70' lang='lat' dir='ltr'>Fast.</span> <span class='ocrx_word' id='word_1_338' title='bbox 1177 2837 1204 2875; x_wconf 83' lang='lat' dir='ltr'>i.</span> <span class='ocrx_word' id='word_1_339' title='bbox 1221 2839 1290 2885; x_wconf 88' lang='lat'>363</span> <span class='ocrx_word' id='word_1_340' title='bbox 1301 2849 1400 2886; x_wconf 80' lang='lat' dir='ltr'>seqq.</span> 
     </span>
    </p>
   </div>
   <div class='ocr_carea' id='block_1_5' title="bbox 1425 2918 1497 2951">
    <p class='ocr_par' dir='ltr' id='par_1_6' title="bbox 1425 2918 1497 2951">
     <span class='ocr_line' id='line_1_40' title="bbox 1425 2918 1497 2951; baseline 0 -8"><span class='ocrx_word' id='word_1_341' title='bbox 1425 2918 1497 2951; x_wconf 69' lang='grc' dir='ltr'>«ιη</span> 
     </span>
    </p>
   </div>
  </div>
 </body>
</html>
