1988 3250
266 253 347 296 745
362 255 394 290 a
738 241 1000 287 IOANNIS
1040 241 1557 288 SARESBERIENSIS
1656 238 1773 303 [mn.
1788 251 1881 288 vnl

406 362 528 407 siuit.
598 362 788 421 Cogitur
816 363 935 407 enim
964 367 1046 408 aut
1072 379 1235 423 negare
1262 379 1309 408 se
1337 364 1462 417 scire,
1482 363 1600 421 quod
1630 365 1882 407 extremum

405 432 698 476 uerecundiae
737 433 982 491 dampnum
1021 437 1198 491 putant,
1227 437 1309 477 aut
1338 433 1608 491 respondens
1638 436 1804 476 temere
1834 446 1882 476 se

405 501 588 545 euentui
617 502 715 546 ueri
745 502 906 546 falsiue
940 503 1228 554 committere,
1258 503 1378 546 unde
1409 517 1540 560 saepe
1579 502 1779 546 nascitur
1811 501 1880 544 in-

405 571 559 615 scitiae
598 572 815 629 proditi03
864 575 911 615 et
949 587 1078 616 omne
1118 573 1201 616 hoc
1239 572 1539 616 infortunium
1589 571 1771 629 pudoris
1809 570 1881 614 sui

358 645 388 685 b
406 641 602 697 imputat
638 641 897 685 consulenti.
969 640 1064 685 Nec
1103 656 1193 684 non
1225 644 1271 685 et
1303 642 1379 698 qui
1412 642 1619 685 obierunt
1652 640 1796 684 maria
1834 643 1881 684 et
1896 654 1916 688 ⁵

404 712 559 761 terras,
591 710 790 768 gaudent
824 725 925 754 cum
959 710 1015 754 de
1049 711 1205 768 ignoto
1239 711 1395 754 multis
1429 711 1503 754 uel
1534 713 1756 754 terrarum
1787 709 1880 753 situ

404 779 478 823 uel
517 779 619 823 sinu
657 780 794 823 maris
832 780 1180 837 interrogantur,
1209 779 1488 836 libenterque
1526 779 1797 837 respondent
1834 783 1882 823 et

403 847 500 892 loca
538 848 807 900 describunt,
840 848 972 892 modo
1006 847 1168 900 uerbis,
1198 846 1330 892 modo
1360 848 1499 901 radio,
1529 847 1771 906 gloriosum
1800 861 1880 906 pu·

403 921 552 962 tantes
582 933 695 975 quae
725 916 811 975 ipsi
841 918 1051 962 uiderant
1089 917 1280 961 aliorum
1319 917 1458 960 oculis
1499 916 1683 960 obicere.
1759 916 1880 971 Quid

402 987 537 1031 duces
563 987 635 1030 uel
662 985 857 1032 milites?
886 1002 1021 1044 quam
1051 987 1231 1030 fortiter
1255 1001 1283 1029 a
1307 1001 1353 1030 se
1383 986 1505 1029 facta
1534 1000 1708 1043 semper
1736 985 1878 1029 dictu·
1900 1001 1941 1026 ιο

403 1055 529 1099 riunt
557 1059 604 1099 et
632 1059 783 1099 tamen
813 1059 964 1099 tacent
993 1055 1276 1113 arrogantiae
1305 1058 1439 1098 metu.
1501 1054 1662 1099 Nonne
1691 1055 1738 1108 ii,
1758 1055 1797 1099 si
1826 1058 1880 1100 ut

399 1125 511 1169 haec
540 1125 739 1169 referant
767 1125 1031 1176 inuitentur,
1062 1122 1308 1168 mercedem
1343 1124 1428 1168 sibi
1463 1124 1628 1169 laboris
1667 1126 1880 1169 estimant

401 1195 685 1253 persolutam,
715 1194 1118 1238 remunerationem
1147 1197 1360 1252 putantes
1389 1194 1508 1238 inter
1536 1194 1738 1239 uolentes
1776 1209 1878 1238 nar-

401 1279 501 1308 rare
536 1280 649 1322 quae
684 1264 912 1309 fecerant?
986 1264 1111 1308 Adeo
1150 1268 1301 1308 autem
1339 1264 1389 1308 id
1427 1279 1568 1322 genus
1607 1264 1878 1308 narrationis

400 1333 537 1377 habet
568 1334 789 1391 quendam
828 1333 996 1391 gloriae
1036 1348 1238 1391 saporem
1267 1337 1330 1384 ut,
1362 1333 1400 1376 si
1431 1333 1575 1376 inuidi
1605 1333 1678 1376 uel
1712 1333 1876 1377 aemuli
1897 1351 1937 1386 15

402 1403 519 1448 forte
565 1405 818 1462 praesentes
865 1404 969 1456 sint,
1013 1403 1127 1447 tales
1165 1402 1538 1461 interrogationes
1581 1403 1877 1461 obstrependo

357 1489 385 1519 c
402 1473 645 1517 discutiant
664 1477 711 1517 et
730 1474 840 1516 alias
867 1473 1100 1516 inserendo
1127 1472 1305 1516 fabulas
1334 1472 1573 1530 prohibent
1598 1472 1677 1515 illa
1702 1473 1876 1517 narrari

401 1557 514 1600 quae
553 1543 697 1587 solent
744 1543 923 1586 laudem
973 1557 1121 1587 creare
1165 1542 1380 1585 narranti.
1462 1541 1663 1586 Pericula
1701 1557 1877 1600 quoque

400 1613 643 1670 praeterita
676 1613 748 1656 uel
783 1627 1021 1670 erumpnas
1054 1611 1234 1670 penitus
1269 1611 1495 1655 absolutas
1530 1611 1607 1668 qui
1639 1611 1796 1664 euasit,
1821 1615 1876 1656 ut

399 1681 567 1725 referat
597 1682 851 1740 gratissime
885 1685 1162 1739 prouocatur.
1233 1681 1352 1724 Nam
1388 1681 1465 1738 qui
1500 1681 1646 1725 adhuc
1684 1681 1733 1723 in
1764 1681 1873 1739 ipsis
1894 1697 1938 1722 ιο

398 1751 473 1794 uel
500 1752 732 1809 paululum
762 1751 1000 1804 detinetur,
1019 1751 1172 1794 horret
1203 1750 1562 1803 admonitionem,
1588 1754 1634 1794 et
1660 1750 1876 1794 formidat

399 1820 603 1871 relatum,
622 1824 676 1863 ut
695 1820 935 1878 Virgilius:

631 1906 799 1949 Forsan
830 1908 876 1949 et
905 1906 1013 1950 haec
1042 1905 1148 1949 olim
1179 1906 1430 1949 meminisse
1460 1904 1649 1950 iuuabit.

398 1986 537 2031 quat
556 1988 594 2031 si
616 2002 748 2045 quem
769 1987 913 2031 dicere
938 1987 1118 2031 iusseris
1139 1987 1269 2031 amici
1297 1987 1366 2030 sui
1388 1987 1666 2045 repentinam
1687 1986 1873 2032 felicita·

398 2060 503 2110 tem,
535 2072 669 2114 quam
705 2060 862 2114 sponte
898 2072 987 2100 non
1022 2057 1217 2100 audebat
1256 2057 1400 2101 dicere
1439 2056 1511 2100 uel
1550 2059 1711 2110 tacere,
1741 2058 1873 2102 modo
1892 2075 1933 2111 ²⁵

399 2127 638 2170 iactantiae
678 2127 808 2170 modo
848 2127 1046 2170 malitiae
1085 2129 1220 2170 metu.
1301 2126 1389 2180 Qui
1430 2126 1668 2170 uenatibus
1706 2126 1874 2185 gaudet

408 2196 711 2254 interrogetur
740 2196 795 2240 de
824 2196 964 2240 siluae
998 2196 1184 2247 ambitu,
1218 2196 1273 2239 de
1308 2195 1495 2254 ambage
1534 2195 1789 2248 lustrorum,
1818 2196 1875 2241 de

398 2266 651 2310 uenationis
691 2269 867 2310 euentu.
943 2266 1191 2324 Religiosus
1226 2266 1263 2309 si
1299 2266 1437 2317 adest,
1467 2266 1525 2308 da
1554 2265 1620 2308 illi
1651 2265 1873 2310 referendi

398 2336 570 2394 copiam
601 2335 763 2393 quibus
791 2336 1176 2379 obseruationibus
1216 2335 1429 2379 meruerit
1468 2335 1638 2378 auxilia
1677 2335 1873 2387 deorum,

354 2409 597 2464 dquantus
635 2405 726 2449 illic
764 2405 1103 2449 cerimoniarum
1142 2404 1339 2457 fructus;
1384 2404 1490 2462 quia
1525 2407 1571 2448 et
1610 2404 1692 2448 hoc
1731 2419 1872 2463 genus
1889 2422 1933 2457 30

399 2474 627 2533 religionis
647 2474 908 2518 existimant
938 2475 1172 2517 numinum
1200 2474 1412 2518 beneficia
1439 2489 1529 2517 non
1556 2477 1728 2528 tacere;
1757 2474 1872 2519 adde

396 2574 420 2610 4
445 2563 517 2599 hoc
535 2574 647 2599 omne
668 2561 707 2597 M
835 2571 871 2597 11
901 2560 956 2597 hii
975 2560 1021 2597 S:
1049 2559 1090 2596 hi
1108 2560 1147 2596 M
1267 2570 1309 2597 21
1337 2559 1653 2598 ammonitionem
1671 2559 1712 2597 M
1824 2568 1868 2608 25

394 2616 474 2658 post
499 2610 664 2646 audebat
689 2610 773 2645 aad.
791 2608 854 2646 uel
880 2607 925 2644 S:
950 2620 1094 2644 erasum
1119 2613 1168 2643 est
1193 2610 1398 2655 nescioquid
1422 2611 1463 2644 in
1489 2608 1516 2645 C
1690 2617 1735 2654 27
1759 2606 1874 2646 inter·

397 2660 551 2706 rogetur
568 2658 725 2693 Macrob.
741 2670 749 2693 ι
775 2656 1034 2711 interrogatus
1051 2655 1216 2693 CBASM

448 2734 488 2770 17
514 2726 724 2760 inserendo:
751 2726 938 2766 inferendo
955 2722 1121 2759 Macrob.
1265 2734 1310 2769 23
1335 2724 1480 2760 Forsan
1498 2724 1568 2760 etc.
1583 2733 1592 2759 :
1609 2722 1724 2770 Verg.
1737 2724 1828 2760 Aen.
1844 2721 1871 2759 i.

395 2784 490 2819 2033
516 2772 619 2808 hune
642 2762 862 2807 versiculum
880 2771 978 2808 citat
1003 2770 1170 2808 Macrob.
1187 2771 1262 2806 Sat.
1280 2770 1343 2807 vii.
1362 2782 1382 2807 2
1402 2771 1420 2817 ξ
1441 2781 1485 2817 9ς
1519 2770 1627 2807 cuius
1650 2770 1734 2817 ipsa
1757 2769 1871 2808 verba

422 2832 491 2857 uae
506 2822 590 2866 post
598 2821 780 2865 formidat
792 2821 944 2855 relatum
956 2819 1148 2866 leguntur,
1161 2818 1313 2855 invento
1331 2818 1433 2856 inter
1449 2830 1494 2855 ea
1511 2818 1693 2855 versiculo
1705 2817 1869 2865 quodam

394 2833 548 2910 graeco.
569 2879 644 2903 non
669 2867 801 2903 retulit
824 2866 998 2904 Ioannes.
1156 2876 1201 2910 24
1225 2867 1339 2903 quat
1363 2868 1434 2904 etc.
1454 2877 1569 2913 usque
1596 2866 1644 2903 ad
1659 2866 1870 2913 familiaris

394 2916 479 2963 (745
494 2917 561 2962 n):
592 2914 758 2952 Meci-ob.
775 2916 851 2952 Sat.
871 2913 933 2951 vii.
951 2924 972 2951 2
992 2912 1034 2962 ξς
1058 2923 1183 2960 12-14.

505 2971 570 3004 288
