1988 3250
190 243 290 281 off.
306 233 379 295 π]
702 231 1141 278 PomcssATICvs
1672 230 1758 279 64⁷
1782 239 1813 268 a

186 355 254 400 De
283 358 425 399 morte
454 354 550 398 eius
578 354 743 397 diuersi
772 353 950 396 diuersa
978 352 1250 409 scripserunt
1276 351 1353 394 sed
1381 350 1654 408 probabilius

185 427 254 469 est
279 439 392 474 eum,
418 423 495 481 qui
525 423 782 466 innocenter
810 421 989 464 uixerat
1015 423 1061 463 et
1085 420 1390 477 philosophiae
1419 423 1655 476 praecepta

183 508 266 552 pro
284 493 456 536 uiribus
475 492 624 535 fuerat
643 492 879 541 insecutus,
891 490 1033 532 uitam
1053 489 1163 531 risui
1183 503 1273 531 non
1293 489 1484 531 cessisse.
1535 488 1654 531 Nam

185 563 302 620 quod
322 562 376 606 de
397 576 449 605 eo
468 561 671 604 nonnulli
695 559 883 603 tradunt
909 559 1015 616 quia
1038 557 1306 601 uerecundia
1332 561 1480 600 motus
1507 558 1655 600 emisit

148 651 168 687 5
184 632 390 689 spiritum
410 646 462 675 eo
489 630 605 688 quod
633 632 872 672 nautarum
896 627 1167 685 propositam
1194 641 1283 670 non
1313 626 1461 684 potuit
1485 626 1655 668 soluere

184 701 497 758 quaestionem,
518 703 692 744 constat
710 698 902 742 nominis
922 711 1069 740 errore
1088 696 1392 754 compositum.
1434 695 1654 752 Quicquid
1672 698 1701 736 b

185 770 302 815 enim
334 770 388 814 de
423 784 475 813 eo
505 769 744 813 Grecorum
776 767 1015 824 loquentur
1044 766 1234 817 fabulae,
1264 766 1345 808 hoc
1375 765 1430 808 de
1461 765 1656 807 Homero

184 853 274 883 non
295 839 478 883 Platone
493 838 697 882 Valerius
718 837 942 880 Maximus
962 835 1114 879 refert.
1175 835 1244 878 Ex
1265 850 1316 878 eo
1336 839 1486 877 tamen
1507 838 1553 877 et
1574 835 1655 878 hoc

184 908 418 967 uulgatum
458 911 537 961 est,
578 908 683 965 quia
733 906 917 950 fuerunt
956 906 1032 962 qui
1074 905 1318 947 Homerum
1364 904 1654 960 aequiuocum

126 997 168 1024 xo
185 978 382 1022 Platonis
402 978 598 1022 dicerent
624 980 806 1035 propter
831 975 1137 1019 excellentiam
1165 974 1420 1031 sapientiae,
1441 974 1656 1017 sermonis

183 1048 449 1106 elegantiam
489 1051 534 1091 et
573 1047 856 1091 latitudinem
897 1046 1114 1103 pectoris;
1174 1059 1277 1087 nam
1324 1045 1445 1087 uiros
1486 1044 1656 1086 nobiles

182 1120 351 1162 certum
372 1121 439 1161 est
458 1117 719 1175 polinomios
743 1116 957 1159 extitisse.
1018 1115 1217 1158 Decessit
1248 1118 1397 1157 autem
1427 1114 1656 1171 octoginta

183 1187 312 1231 annis
342 1190 388 1230 et
422 1201 511 1230 uno
546 1186 735 1244 expletis
767 1186 814 1228 in
844 1188 974 1228 tanta
1003 1185 1254 1228 reuerentia
1283 1184 1481 1227 omnium
1513 1188 1559 1226 ct
1588 1184 1654 1226 in-

183 1256 393 1314 tegritate
413 1256 692 1299 auctoritatis
711 1258 764 1298 ut
784 1254 861 1298 diu
886 1254 1141 1297 dubitatum
1167 1253 1306 1296 fuerit
1328 1253 1415 1296 diis
1441 1268 1498 1295 an
1523 1252 1655 1295 semi-

128 1344 167 1380 15
185 1325 270 1369 diis
295 1325 444 1383 potius
462 1325 784 1383 aggregandus.
844 1324 931 1368 Sed
962 1328 1007 1367 et
1037 1338 1137 1367 cum
1168 1327 1287 1366 etate
1317 1323 1395 1365 illa
1424 1322 1655 1366 deficiente

183 1394 344 1438 merita
377 1394 598 1438 uirtutum
634 1395 728 1438 eius
760 1397 988 1451 tamquam
1019 1392 1296 1436 incredibilia
1331 1391 1655 1449 quodammodo

182 1462 240 1507 ad
279 1463 562 1520 antiquitatis
600 1463 776 1507 fabulas
815 1466 1063 1520 uergerent,
1095 1462 1241 1518 ipsum
1282 1462 1400 1504 inter
1439 1462 1655 1504 semideos

182 1533 484 1576 uenerandum
534 1533 680 1576 Labeo
728 1532 883 1576 scribit
931 1535 983 1575 ut
1028 1531 1240 1589 quiddam
1280 1532 1424 1574 maius
1464 1531 1654 1581 homine,

182 1602 330 1646 minus
357 1602 440 1646 deo
469 1602 606 1646 fuisse
635 1602 859 1646 doceatur.

123 1726 167 1752 πο
184 1710 289 1770 Cap.
310 1713 350 1756 6.
379 1712 443 1756 De
467 1711 703 1755 Aristotile
730 1716 768 1755 et
798 1710 1016 1768 opinione
1043 1710 1142 1754 eius
1169 1714 1207 1754 et
1231 1710 1402 1754 studiis
1417 1729 1434 1760 ;
1465 1715 1503 1754 et
1532 1710 1652 1767 quod
1673 1720 1697 1750 c

295 1781 451 1826 uariis
472 1780 863 1838 disputationibus
888 1780 1222 1824 dubitationem
1243 1780 1651 1824 Achademicmum

296 1851 455 1903 mouit,
475 1855 514 1896 et
534 1851 588 1895 de
607 1851 766 1908 reyula
786 1865 955 1894 eorum.

240 1937 317 1982 Sol
356 1952 380 1982 e
419 1938 511 1982 celo
549 1938 673 1981 uisus
712 1940 780 1981 est
818 1937 1024 1981 cecidisse
1059 1951 1148 1993 qua
1182 1936 1254 1979 die
1289 1937 1651 1994 philosophorum

181 2007 384 2065 princeps
414 2008 541 2051 Plato
570 2008 701 2051 rebus
728 2007 917 2050 excessit
944 2006 1164 2058 humanis,
1190 2010 1235 2050 et
1268 2007 1394 2063 quasi
1428 2006 1652 2049 lucernam

125 2094 166 2129 σε
182 2077 336 2120 mundi
369 2077 612 2121 extinctam
644 2077 920 2120 defieuerunt
951 2076 1029 2133 qui
1065 2076 1121 2118 ad
1154 2076 1364 2118 thronum
1397 2076 1654 2133 sapientiae,

181 2147 253 2191 cui
271 2147 346 2191 ille
367 2147 444 2190 diu
466 2147 757 2205 praesederat,
778 2162 859 2190 sua
882 2147 1220 2190 arbitrabantur
1239 2146 1388 2188 studia
1409 2146 1652 2189 referenda.

181 2215 269 2260 Sed
296 2231 396 2261 cum
423 2217 463 2260 ei
483 2217 738 2260 Aristotiles
762 2217 1017 2274 discipulus,
1038 2217 1109 2258 uir
1130 2215 1386 2258 excellentis
1414 2215 1581 2272 ingenii
1607 2219 1653 2258 et

182 2285 356 2329 Platoni
376 2285 520 2343 impar
539 2286 713 2343 eloquio
733 2286 809 2329 sed
830 2286 994 2329 multos
1015 2284 1145 2328 facile
1165 2299 1389 2342 superans,
1407 2285 1453 2327 in
1467 2285 1651 2328 docendi

181 2394 214 2432 8Δ
228 2394 413 2430 maximus
429 2395 594 2431 ualerius
611 2395 650 2431 M
761 2411 763 2413 >
806 2405 849 2439 14
874 2393 940 2439 an]
958 2396 1026 2430 aut
1045 2394 1084 2430 M
1243 2404 1296 2438 14,
1319 2403 1359 2441 15
1383 2400 1466 2440 post
1483 2394 1654 2431 semidiis

179 2443 264 2479 add.
275 2445 379 2478 esset
395 2441 460 2478 SM
636 2452 674 2489 15
700 2442 940 2490 agregandus
957 2442 982 2478 S
1102 2444 1143 2478 et
1160 2453 1228 2478 om.
1247 2442 1279 2477 A
1451 2453 1495 2488 23
1521 2442 1652 2489 phylo-

181 2489 381 2535 sophorum
399 2489 438 2524 M
629 2500 672 2536 25
699 2494 855 2526 tronum
871 2490 905 2524 A
1075 2491 1121 2526 26
1146 2489 1371 2536 preferenda
1390 2489 1430 2524 M

229 2597 250 2632 3
274 2588 392 2622 risui:
418 2599 451 2623 v.
469 2586 540 2624 loc.
559 2598 605 2624 ex
622 2587 687 2623 lib.
704 2586 744 2624 ii.
764 2586 866 2623 infra
883 2586 947 2623 cit.
1139 2587 1174 2629 6,
1192 2596 1213 2631 7
1243 2588 1315 2631 Qui
1381 2588 1420 2622 id
1436 2588 1530 2622 enim
1550 2588 1648 2624 etc.:

180 2633 229 2670 cf.
246 2645 360 2680 supra
374 2633 413 2670 ii
432 2635 477 2670 26
497 2635 583 2680 (460
598 2635 640 2680 B)
660 2647 746 2671 cum
766 2634 867 2670 notis
884 2635 932 2670 ad
953 2633 1046 2675 loc.;
1078 2634 1213 2680 quibus
1230 2646 1328 2680 quae
1357 2646 1418 2670 am
1432 2634 1651 2671 adhibenda

180 2682 270 2716 sunt
283 2692 330 2718 ex
341 2681 595 2718 addendorum
608 2682 741 2718 tabula
751 2684 854 2718 tomo
866 2682 882 2717 Ι
897 2682 1074 2728 praefixa.
1206 2683 1228 2718 8
1261 2683 1428 2718 Valerius
1437 2683 1625 2718 Maximus
1638 2694 1647 2718 :

182 2740 212 2764 v.
239 2727 320 2764 Val.
351 2728 450 2764 Max.
479 2729 529 2764 ix.
561 2740 601 2765 12
632 2731 706 2766 ext.
736 2740 768 2775 3.
935 2739 975 2765 12
1007 2731 1247 2775 polinomios:
1284 2729 1310 2764 i.
1331 2741 1364 2766 e.
1392 2729 1650 2775 πολυωνὺμους.

183 2777 340 2811 Decessit
357 2777 451 2812 eto.:
477 2788 508 2812 v.
526 2775 602 2812 Cio.
620 2779 663 2812 de
679 2779 759 2812 Sen.
781 2785 798 2822 5
817 2774 836 2823 ξ
858 2787 921 2830 ¹33
953 2776 1041 2812 Sen.
1060 2778 1133 2822 Ep.
1154 2779 1197 2822 58
1215 2776 1233 2823 ξ
1252 2787 1309 2822 31.
1487 2786 1527 2821 17
1556 2780 1653 2812 inter

182 2824 352 2858 semideos
372 2824 467 2859 eto.:
496 2835 530 2860 v.
553 2823 649 2870 Aug.
674 2826 717 2860 de
744 2825 782 2859 C.
808 2825 854 2859 D.
882 2823 921 2858 ii.
951 2834 1014 2868 143
1039 2823 1087 2859 cf.
1113 2822 1188 2859 viii.
1219 2834 1272 2869 13.
1439 2833 1484 2868 27
1511 2836 1591 2860 cum
1617 2826 1652 2859 ei

182 2871 387 2906 Am'stotiles
402 2871 473 2906 etc.
493 2881 609 2916 usque
627 2870 674 2907 ad
691 2881 892 2917 superans:
920 2883 951 2907 v.
970 2871 1063 2918 Aug.
1083 2872 1125 2906 de
1146 2872 1185 2907 C.
1205 2872 1252 2908 D.
1270 2869 1348 2906 viii.
1369 2881 1422 2908 12.

1479 2950 1538 2974 ιιι
