1988 3250
175 209 274 242 oar.
289 195 431 257 xvm]
690 194 1132 240 POLICRATICVS
1657 196 1736 246 615
1754 195 1784 234 b

320 315 476 374 Neque
505 314 607 358 dedi
635 305 778 371 neque
807 313 865 356 do
894 312 1062 356 infideli
1092 312 1299 369 cuiquam
1329 313 1472 356 fidem.

173 385 262 429 Sed
296 399 396 429 cum
428 383 572 427 multa
605 382 731 433 male,
763 396 904 439 pauca
938 381 1062 431 bene,
1096 380 1208 423 illud
1243 381 1422 437 quidem
1456 382 1643 438 pessime

172 455 277 513 egit,
317 453 435 511 quod
474 453 521 496 in
564 454 867 508 contemptum
907 450 991 493 Dei
1036 449 1085 492 in
1123 449 1312 493 christos
1351 450 1446 493 eius
1485 465 1643 494 manus

171 523 325 567 iniecit
350 537 440 566 non
466 522 562 565 sine
587 524 695 564 nota
721 519 931 578 perfidiae
956 522 1002 562 et
1028 518 1292 576 proditionis
1319 533 1453 576 quam
1479 519 1643 563 nefarii

132 611 154 647 5
171 593 316 650 operis
355 591 514 635 merito
548 589 774 634 contraxit
804 588 923 646 apud
958 602 1110 632 omnes
1149 591 1204 631 ut
1243 587 1301 630 ad
1338 588 1508 632 curiam
1547 589 1643 632 eius

171 661 332 706 exinde
370 676 500 704 nemo
537 674 688 704 secure
727 658 964 702 accederet.
1043 657 1147 700 Non
1194 660 1345 700 tamen
1393 657 1509 700 solos
1557 658 1641 701 etsi

169 730 337 789 primos
362 730 419 774 ad
446 728 683 788 perniciem
708 728 778 771 sui
805 727 924 785 cepit
947 726 1172 784 episcopos
1196 726 1273 770 sed
1300 726 1505 770 omnibus
1531 741 1641 784 quos

170 803 395 858 suspectos
434 798 594 842 habuit
630 797 895 856 proditionis
934 811 1040 840 suae
1079 795 1273 839 tetendit
1311 795 1506 838 insidias.
1579 795 1642 839 At

170 870 219 915 in
252 869 456 927 captione
488 868 791 926 episcoporum
825 866 1006 909 initium
1041 865 1259 908 malorum
1295 864 1386 907 fuit
1419 866 1465 908 et
1499 864 1557 907 ab
1588 879 1641 908 ea

112 954 156 981 ιο
170 939 243 983 die
277 954 367 982 non
405 937 553 982 defuit
590 936 767 995 gladius
800 936 930 979 lateri
963 935 1058 978 eius
1090 937 1136 978 et
1168 934 1289 979 facta
1322 936 1429 978 sunt
1467 948 1641 992 semper

168 1009 412 1053 nouissima
439 1006 631 1051 hominis
661 1006 882 1049 deteriora
911 1004 1146 1063 prioribus.

227 1078 346 1132 Quid
375 1077 547 1120 multa?
605 1075 663 1119 In
691 1075 847 1119 diebus
873 1075 969 1118 eius
994 1074 1292 1131 multiplicata
1321 1076 1428 1116 sunt
1453 1073 1572 1116 mala
1591 1073 1638 1117 in
1656 1083 1682 1114 c

167 1151 289 1193 terra
308 1149 372 1198 ut,
391 1146 430 1190 si
457 1146 557 1204 quis
588 1160 640 1189 ea
664 1144 921 1188 summatim
949 1148 1185 1194 recenseat,
1205 1143 1438 1186 historiam
1460 1142 1639 1200 Iosephi

169 1217 310 1277 possit
329 1216 551 1260 excedere.
600 1215 920 1266 Verumtamen
941 1229 988 1258 se
1008 1214 1097 1257 illis
1117 1213 1244 1271 pueri
1265 1213 1412 1256 uirtus
1431 1213 1641 1270 opposuit

107 1301 152 1339 ις
170 1290 216 1331 et
236 1286 330 1330 fere
356 1288 461 1329 ante
485 1287 650 1329 etatem
676 1287 757 1328 aut
787 1298 949 1327 munus
979 1283 1172 1326 militare
1202 1283 1264 1326 sic
1293 1282 1639 1340 malignantium

164 1356 384 1415 impetum
434 1354 572 1412 fregit
619 1357 672 1397 ut
725 1353 970 1397 Theodosio
1019 1353 1200 1403 minore,
1245 1366 1377 1410 quem
1426 1352 1638 1396 historiae

165 1425 404 1471 conferunt
451 1423 720 1475 Alexandro,
766 1422 1030 1481 quandoque
1079 1422 1227 1466 dietus
1279 1421 1339 1464 sit
1395 1435 1486 1465 non
1542 1436 1638 1465 esse

167 1498 214 1540 et
258 1495 432 1539 utinam
475 1507 719 1551 numquam
769 1492 1027 1536 inueniatur
1075 1491 1272 1535 inferior.
1351 1490 1396 1534 N
1398 1505 1447 1535 ec
1486 1506 1638 1545 mora;

165 1565 214 1609 in
261 1564 417 1623 primis
463 1563 782 1607 adolescentiae
831 1562 962 1606 annis
1004 1561 1207 1619 impubes
1245 1561 1390 1604 adhuc
1428 1561 1637 1605 militiam

167 1658 211 1696 13
234 1647 444 1696 hystoriam
462 1647 501 1683 M
645 1657 690 1692 14
715 1645 861 1694 possint
876 1644 946 1683 0¹8
1040 1645 1339 1693 verumptamen
1353 1643 1388 1681 A
1484 1644 1638 1692 opo-uit

719 1695 767 1720 uel
779 1695 894 1720 iuniore

165 1729 191 1767 S
338 1730 381 1767 16
403 1728 573 1766 teodonio
602 1727 627 1764 S
738 1728 884 1765 minore
917 1728 974 1764 At
1013 1725 1163 1764 iuniore
1195 1725 1265 1763 SM
1375 1725 1568 1773 hystoriae
1593 1726 1635 1763 M

169 1786 222 1823 17,
245 1778 287 1814 18
312 1776 539 1824 quandoque
555 1775 681 1813 dictus
699 1774 749 1813 sit
776 1787 854 1812 non
880 1787 960 1813 esse
985 1776 1026 1812 et
1051 1775 1201 1812 utinam
1226 1786 1294 1811 om.
1321 1773 1403 1810 8¹11
1590 1777 1634 1812 18

164 1824 330 1871 utinam]
347 1836 507 1861 munera
524 1823 554 1860 B
650 1823 875 1871 numquam]
894 1835 971 1860 non
988 1822 1028 1859 M
1189 1832 1231 1868 19
1255 1820 1538 1859 adhulescentie
1554 1821 1588 1857 A

214 1912 229 1939 1
258 1903 299 1938 N
361 1914 377 1936 e
392 1903 477 1938 dedi
491 1903 584 1937 etc.:
610 1898 685 1936 Oic.
704 1901 747 1935 de
766 1901 832 1945 Off.
849 1898 903 1936 iii.
922 1908 968 1945 29
985 1897 1004 1946 ξ
1028 1899 1105 1935 106.
1155 1897 1278 1944 Supra
1291 1897 1325 1944 (ξ
1346 1897 1427 1942 104)
1442 1909 1489 1934 ex
1507 1896 1636 1936 Ennio

162 1949 310 1987 versicu
327 1961 390 1986 um
423 1948 612 1995 quendam
645 1947 831 1985 citaverat
863 1946 1015 1988 Cicero:
1055 1945 1122 1982 sed
1154 1946 1255 1982 hunc
1289 1956 1335 1982 ex
1365 1950 1480 1992 poeta,
1513 1946 1634 1984 tacito

161 1997 339 2083 {gamin}
347 2008 462 2080 quem,
475 1999 604 2079 tamlen
620 1994 777 2050 Acci-um
794 1994 908 2032 fuisse
920 1996 1088 2051 testatur
1096 1994 1242 2076 ips'erss
1252 1992 1270 2039 ξ
1288 2004 1352 2050 1o2
1367 2005 1376 2038 ;
1403 2004 1434 2028 v.
1451 1992 1633 2077 Rssbbeqk.

232 2057 287 2082 en.
339 2057 408 2082 om.
459 2055 525 2080 oee.
575 2055 618 2078 ra
680 2054 731 2080 .1.
777 2052 820 2079 ,ι
875 2069 884 2079 .
1073 2053 1149 2077 mc
1243 2052 1455 2077 onem-szv.
1511 2053 1631 2079 mciv.

160 2101 220 2177 Β.
268 2091 440 2139 Respicit
456 2091 503 2128 ad
520 2055 710 2137 Rogeyriitm
728 2052 948 2137 egiscssum
961 2052 1282 2126 Sasssberiemem
1299 2090 1339 2125 et
1353 2090 1533 2135 nepotem
1551 2088 1631 2126 eius

211 2140 421 2178 exandrum
446 2138 664 2185 episcopum
689 2137 989 2174 Lincolniensem
1013 2148 1037 2173 a
1061 2135 1256 2183 Stephano
1280 2147 1315 2172 a.
1336 2145 1427 2182 1139
1445 2135 1632 2173 violenter

161 2189 316 2235 oapt003
340 2199 374 2223 v.
402 2186 516 2224 Henr.
542 2185 735 2222 Huutend.
760 2184 837 2223 viii.
865 2184 884 2232 ξ
907 2195 951 2222 10
968 2184 1040 2230 (ed.
1065 2182 1210 2220 Amold
1234 2195 1271 2230 p.
1289 2183 1387 2230 265).
1436 2182 1493 2220 cf.
1523 2185 1631 2221 Gaea

161 2236 335 2290 Stephani
362 2234 435 2280 (ed.
466 2233 633 2270 Howlett
665 2245 728 2280 pp.
761 2242 819 2288 50.
849 2234 909 2280 51)
943 2232 990 2268 de
1023 2230 1188 2268 concilio
1221 2234 1378 2278 propter
1408 2231 1628 2278 captionem

161 2293 427 2330 episcoporum
443 2281 575 2319 eodem
592 2292 692 2318 anno
709 2280 928 2317 Wmtoniae
943 2279 1085 2321 habito,
1099 2280 1163 2315 ubi
1174 2291 1240 2314 rex
1255 2280 1298 2314 de
1311 2281 1503 2315 temeraria
1519 2292 1630 2326 quam

160 2331 203 2367 in
225 2331 404 2376 episcopos
426 2331 610 2373 commisit,
633 2329 772 2375 publice
796 2333 996 2370 accusatus,
1020 2329 1161 2364 ratione
1184 2328 1326 2370 ualida,
1351 2331 1393 2362 ut
1411 2330 1573 2372 putauit,
1598 2333 1631 2363 et

287 2379 345 2414 ‘ee
366 2383 398 2413 et
418 2389 502 2414 suos
516 2377 713 2412 excusauit.
756 2377 831 2413 Sed
852 2378 938 2423 quia
962 2376 1008 2411 ab
1032 2376 1134 2410 omni
1154 2376 1247 2411 clero
1270 2376 1363 2410 iuste
1379 2376 1573 2420 prouisum
1597 2380 1631 2411 et

158 2426 396 2470 discretefuit
412 2425 664 2466 diiudicatum,
683 2425 788 2459 nulla
810 2426 951 2460 ratione
970 2424 1011 2458 in
1030 2424 1179 2459 christoe
1199 2422 1352 2458 Domini
1375 2434 1507 2457 manus
1527 2434 1630 2468 posse

160 2473 360 2516 imminere,
383 2473 608 2508 ecclesiastici
629 2473 762 2517 m‘yoris
785 2473 962 2507 duritiam
985 2471 1206 2506 humilitatis
1225 2470 1439 2505 subiectione
1460 2471 1628 2512 molliuit,

159 2520 388 2567 habitumque
402 2520 556 2565 regalem
568 2524 705 2561 emus,
716 2530 923 2567 yemensque
933 2520 1057 2554 animo
1069 2522 1101 2553 et
1113 2519 1288 2553 contritus
1297 2519 1433 2563 spiritu
1446 2519 1629 2553 commiwo

158 2569 372 2604 amentiam
387 2567 576 2603 humiliter
588 2568 752 2612 suscepit.
942 2574 962 2610 7
988 2566 1153 2601 omn-ibus
1169 2567 1262 2602 etc.:
1289 2575 1322 2601 e.
1334 2576 1372 2611 g.
1390 2563 1563 2600 Galfrido
1579 2564 1627 2601 de

160 2614 402 2660 Mandeville‚
427 2625 540 2660 quem
568 2615 610 2649 in
633 2615 738 2650 curia
761 2625 829 2650 sua
855 2614 956 2659 apud
980 2614 1153 2648 Sanctum
1178 2613 1364 2648 Albanum
1387 2623 1459 2647 non
1484 2613 1627 2658 quidem

159 2662 305 2698 nonem
329 2667 362 2698 ot
384 2664 490 2698 iuxta
514 2664 573 2698 ius
592 2663 755 2716 qentium
770 2673 804 2698 a.
826 2671 914 2706 1143
934 2659 1035 2707 cepit
1060 2659 1288 2706 Stephanus,
1304 2661 1347 2695 ut
1364 2658 1506 2706 legitur
1522 2659 1627 2706 apud

160 2708 266 2746 Will.
285 2708 331 2746 de
347 2709 574 2756 Novoburgo
590 2721 615 2744 1.
637 2719 690 2745 11.
884 2716 927 2744 10
940 2709 1048 2754 facta
1065 2712 1151 2742 sunt
1167 2709 1262 2744 etc.:
1289 2719 1321 2743 v.
1342 2706 1452 2742 Matt.
1475 2706 1540 2742 xii.
1567 2715 1625 2752 45.

164 2765 207 2802 14
226 2759 338 2802 puers·
350 2769 360 2792 ι
384 2767 433 2793 sc.
450 2755 609 2793 Hem-ici
626 2755 675 2792 11.
806 2756 850 2792 16
872 2767 975 2802 quem
991 2756 1163 2790 historiae
1178 2756 1276 2791 etc.:
1302 2766 1334 2790 v.
1354 2753 1517 2790 Cassiod.
1528 2754 1625 2789 Hiet.

164 2804 326 2858 IJm‘part.
350 2803 375 2839 i.
397 2814 411 2840 1
435 2803 581 2858 (Migne
605 2805 646 2840 P.
664 2804 708 2857 L.
729 2802 822 2839 lxix.
837 2803 922 2848 883)
939 2802 980 2838 in
1006 2800 1200 2839 Sozomeni
1224 2800 1522 2848 historiographi
1547 2811 1626 2836 ora-

159 2851 265 2889 tione
283 2850 333 2888 ad
348 2850 600 2888 Theodouum
617 2850 656 2887 11
671 2852 943 2898 imperatorem
958 2848 1194 2887 allocutoria.

1471 2919 1514 2953 51
