1988 3250
244 199 332 248 ,634
351 196 382 241 d
726 196 988 242 IOANNIS
1029 195 1545 242 SARESBERIENSIS
1689 194 1801 256 [Lm.
1814 205 1869 242 vt

395 342 548 371 eorum
576 328 769 386 gratiam
799 328 960 387 dignor
985 343 1075 372 non
1105 329 1386 386 adquiescere
1411 327 1606 371 ueritati.
1665 326 1770 370 Non
1799 328 1868 370 est

394 400 547 441 tamen
582 398 701 456 quod
734 399 871 443 michi
910 399 1082 456 possint
1115 413 1347 456 opponere,
1380 397 1468 441 nisi
1503 397 1621 455 quod
1651 396 1786 440 michi
1821 399 1867 439 et

394 466 484 510 illis
503 482 594 510 non
619 468 841 520 conuenit,
861 470 908 511 et
934 469 1051 525 quod
1081 469 1307 512 interdum
1334 467 1466 511 alicui
1486 467 1739 519 amicorum,
1759 466 1866 508 dum

394 536 444 578 in
463 536 668 580 manibus
688 552 840 580 eorum
861 537 1039 589 labitur,
1060 538 1107 580 in
1128 552 1235 580 aure
1256 551 1470 595 suggero:

589 620 660 664 Ne
688 623 735 665 te
763 621 988 678 decipiant
1017 621 1155 664 animi
1185 621 1269 664 sub
1298 620 1432 677 uulpe
1462 620 1662 662 latentes.
1886 639 1908 674 5

394 705 437 749 Ii
462 706 641 763 quidem
664 706 954 764 imperatores
981 710 1088 750 sunt
1114 706 1348 750 curialium
1375 709 1657 764 nugatorum,
1677 719 1866 763 quorum

393 775 433 818 si
452 791 592 819 unum
612 776 856 827 offenderis,
876 776 1082 819 omnibus
1101 775 1201 818 aliis
1229 790 1330 818 reus
1357 775 1456 819 eris.
1518 775 1867 818 Gnatonicorum

393 859 499 902 ergo
533 845 717 889 consilio
750 848 1056 889 conuenerunt
1095 844 1331 895 ambitiosi,
1366 844 1524 896 inuidi‚
1557 843 1868 901 superstitiosi,

392 916 439 958 et
459 915 635 965 similes,
655 915 852 958 dicentes
879 915 964 958 sibi
994 914 1111 957 bella
1137 914 1298 971 parari,
1319 917 1365 957 et
1390 929 1461 957 me
1488 913 1536 956 in
1561 928 1634 957 eos
1660 913 1775 957 uelle
1795 913 1867 972 (ut

394 984 482 1028 dici
525 985 655 1041 solet)
693 985 899 1028 caninam
938 983 1193 1027 facundiam
1234 997 1448 1036 exercere,
1488 998 1589 1027 cum
1627 986 1779 1027 tamen
1817 982 1866 1026 id
1885 996 1929 1030 30

242 1063 326 1112 635
344 1073 375 1102 a
392 1054 573 1097 minime
605 1054 920 1111 proposuerim,
952 1053 1038 1096 nisi
1079 1056 1159 1096 aut
1199 1068 1351 1096 eorum
1386 1052 1563 1095 iniuriis
1591 1067 1754 1110 urgear
1785 1054 1867 1096 aut

391 1122 658 1166 auctoritate
692 1122 932 1179 superioris
964 1122 1094 1165 amici
1130 1122 1188 1165 ad
1223 1122 1306 1165 hoc
1340 1122 1495 1165 stilum
1527 1121 1632 1165 licet
1661 1121 1866 1164 hebetem

390 1191 672 1249 impellentis.
735 1191 816 1235 Est
848 1191 1025 1248 quidem
1057 1191 1175 1248 quod
1208 1191 1350 1249 magis
1384 1191 1565 1234 affectat
1593 1190 1781 1243 animus,
1801 1192 1864 1242 ut,

390 1261 633 1305 curialibus
652 1261 811 1305 cedens
831 1261 974 1318 nugis,
995 1260 1085 1303 illis
1116 1259 1278 1317 quibus
1308 1260 1485 1317 placent
1514 1259 1675 1303 faciam
1705 1259 1863 1304 locum.

392 1330 524 1382 Nam,
536 1333 589 1374 ut
604 1330 658 1374 de
674 1331 774 1374 aliis
789 1334 970 1381 taceam,
986 1345 1074 1373 non
1088 1345 1267 1387 possum
1283 1329 1400 1373 ferre
1417 1329 1614 1383 Quirites
1635 1329 1866 1381 Gnatonis,
1885 1346 1924 1388 ¹⁵.

393 1400 470 1457 qui
505 1400 591 1443 sibi
625 1400 690 1443 nil
730 1403 880 1443 actum
916 1400 1115 1450 credunt,
1150 1399 1257 1442 dum
1293 1399 1454 1456 aliquis
1489 1399 1705 1442 restiterit
1739 1399 1864 1442 cuius

392 1469 541 1513 oculos
560 1484 650 1512 non
670 1469 894 1512 obducant
914 1469 971 1511 ad
992 1468 1209 1519 tenebras,
1230 1468 1465 1525 reprobato
1484 1468 1580 1511 oleo
1599 1468 1865 1525 peccatoris3

392 1538 511 1596 quod
531 1538 568 1581 si
590 1538 689 1595 quis
710 1538 926 1596 effugerit,
940 1553 1028 1580 non
1049 1541 1142 1581 tam
1160 1537 1378 1580 Gnatonis
1399 1553 1532 1594 quam
1551 1537 1863 1595 principalium

391 1608 592 1651 uirorum
625 1610 830 1651 censetur
860 1607 1011 1650 hostis.
1084 1606 1242 1650 Valeat
1277 1621 1382 1665 ergo
1413 1607 1537 1651 curia
1567 1621 1668 1650 cum
1702 1607 1862 1651 tolera-

391 1677 556 1721 bilibus
594 1676 737 1734 nugis,
766 1676 873 1719 dum
903 1675 1251 1720 Gnatonicorum
1286 1675 1422 1719 factio
1452 1676 1584 1719 abeat
1613 1691 1786 1734 semper
1813 1676 1862 1720 in
1883 1699 1927 1723 20

392 1746 555 1789 malam
598 1761 691 1789 rem
734 1749 779 1789 et
817 1746 931 1788 fiant
977 1746 1143 1803 iugiter
1189 1745 1431 1788 nouissima
1474 1745 1596 1788 illius
1642 1746 1863 1789 deteriora

236 1828 324 1876 636
343 1838 374 1868 a
392 1816 626 1874 prioribus.
705 1814 887 1859 Ceteros
931 1815 1026 1858 dies
1075 1829 1182 1858 suus
1231 1818 1437 1872 expectat
1481 1818 1527 1858 et
1580 1815 1734 1867 otium,
1778 1816 1863 1860 etsi

392 1884 620 1929 infecundi
665 1885 856 1942 pectoris
900 1884 1111 1941 angustia
1160 1887 1205 1927 et
1254 1884 1344 1927 oris
1392 1884 1580 1927 ariditas
1630 1884 1863 1929 infacundi

391 1969 481 1997 non
509 1954 672 1997 habeat
698 1968 832 2011 penes
862 1969 908 1997 se
941 1954 1058 2011 quod
1086 1953 1228 2010 possit
1257 1954 1462 1997 omnibus
1489 1954 1722 2011 impertiri.
1781 1955 1862 2009 Tu,

391 2023 569 2081 quando
614 2023 870 2066 ambitiosos
911 2025 957 2066 et
1000 2022 1177 2066 inuidos
1223 2025 1478 2079 ceterosque
1517 2022 1635 2066 domi
1684 2027 1862 2068 nostrae
1882 2037 1924 2073 ²5

391 2092 581 2136 latentes
611 2092 761 2150 egredi
789 2092 912 2142 uelis,
937 2092 974 2135 si
1005 2094 1155 2134 tamen
1181 2091 1410 2148 praemissi
1437 2092 1573 2134 libelli
1601 2092 1862 2149 placuerint,
1958 2094 1962 2097 ⁴

391 2161 645 2219 expectanti
666 2161 893 2213 denuntia,
908 2163 954 2204 et
974 2160 1021 2203 in
1042 2160 1190 2204 uerbis
1211 2160 1302 2203 tuis
1322 2160 1566 2204 calcaribus
1582 2162 1864 2219 urgebuntur

390 2268 414 2304 6
441 2265 491 2302 Hi
509 2265 599 2348 ΜΜ
751 2275 793 2303 12
818 2264 947 2312 amici]
967 2264 1086 2302 animi
1105 2264 1132 2301 C
1151 2264 1329 2312 (foman‘)
1350 2264 1431 2301 ΒΑι
1635 2277 1678 2304 21
1706 2267 1862 2316 iugiter]

390 2324 542 2361 semper

435 2415 458 2488 ἓ
485 2418 530 2440 ne
546 2410 579 2441 ee
595 2406 777 2451 decipiant
792 2407 890 2443 etc.:
917 2417 948 2441 v.
968 2404 1058 2441 Hor.
1077 2406 1122 2440 Α.
1140 2406 1180 2441 Ρ.
1206 2414 1275 2451 437
1303 2418 1503 2459 numquam
1526 2408 1719 2453 cesanam
1742 2410 1864 2446 animi

389 2466 432 2490 eu
473 2454 577 2498 uolpe
594 2453 753 2488 latentes.
875 2463 894 2498 7
920 2454 955 2489 ei
971 2465 1085 2488 unum
1103 2454 1195 2489 etc.:
1222 2453 1271 2489 cf.
1293 2452 1367 2489 Iac.
1383 2453 1420 2489 i1.
1444 2464 1494 2490 10.
1625 2464 1668 2491 10
1691 2458 1864 2493 caninam

379 2502 625 2548 facundiam:
650 2512 681 2535 v.
696 2499 849 2536 Hieron.
863 2501 1053 2546 Ep.cxxv.
1068 2502 1133 2538 (ad
1151 2502 1337 2536 Rusticum
1356 2501 1584 2547 monachum)
1602 2514 1633 2539 c.
1657 2504 1699 2540 16
1713 2503 1863 2557 (Migne

390 2550 432 2585 P.
453 2550 494 2583 L.
517 2546 606 2583 xxii.
638 2547 767 2593 1081);
796 2546 882 2583 leid.
907 2549 1003 2583 sent.
1031 2545 1084 2583 iii.
1115 2549 1159 2594 56
1185 2547 1202 2594 ξ
1231 2558 1251 2583 2
1280 2547 1428 2595 (Migne
1453 2550 1494 2584 P.
1519 2550 1562 2585 L.
1590 2548 1735 2586 lxxxiii.
1762 2552 1860 2605 728).

395 2604 435 2643 15
462 2607 533 2631 non
549 2596 804 2641 poscumserre
820 2596 996 2639 Quirites:
1025 2594 1100 2630 Iuv.
1115 2597 1189 2630 Sat.
1203 2593 1257 2630 iii.
1271 2596 1328 2631 60.
1381 2597 1540 2640 Quirites
1550 2599 1592 2633 ut
1604 2599 1863 2637 accusativum

389 2654 458 2689 pro
481 2642 649 2678 vocativo
673 2642 859 2689 accepisse
884 2642 1035 2678 videtur
1052 2642 1233 2684 Ioannem
1261 2644 1418 2686 Quirites
1437 2646 1616 2681 Gnatom‘s
1633 2645 1679 2681 de
1704 2646 1863 2692 parasiti

388 2690 500 2727 nociin
517 2688 710 2736 intellego.
900 2690 941 2726 16
967 2691 1023 2725 m’l
1046 2695 1165 2725 actum
1191 2691 1363 2726 crrdunt:
1390 2703 1420 2727 v.
1451 2690 1538 2728 Luc.
1565 2693 1694 2730 Phara
1720 2692 1760 2729 ii.
1779 2695 1862 2741 657.

394 2747 435 2782 17
460 2738 534 2774 oleo
546 2738 761 2783 peccatoris:
788 2748 819 2773 v.
839 2738 895 2774 Pu.
913 2736 987 2773 cxl.
1009 2746 1049 2784 53
1074 2737 1121 2773 cf.
1139 2748 1253 2783 supra
1270 2750 1300 2774 e.
1319 2748 1364 2783 24
1383 2739 1465 2785 (625
1480 2741 1535 2787 A).
1697 2750 1738 2777 21
1757 2744 1862 2786 fiant

389 2788 483 2823 etc:
510 2796 541 2820 v.
561 2783 649 2821 Luc.
671 2784 719 2820 xi.
738 2785 793 2821 26.
954 2793 997 2829 27
1024 2787 1250 2830 σηιειταηεὶε
1277 2796 1325 2822 sc.
1343 2787 1444 2823 mihi.
1575 2788 1614 2823 in
1631 2789 1752 2825 uerbis
1768 2790 1864 2833 tuin

389 2832 518 2881 potius
538 2833 657 2869 uerbis
673 2833 758 2878 tuh,
777 2830 803 2869 i.
815 2842 846 2869 e.
865 2833 936 2870 vice
953 2837 1029 2879 tua,
1050 2833 1193 2869 nomo'ne
1209 2837 1281 2870 tuo.
