1988 3250
181 211 281 250 cip.
299 201 350 264 x]
686 200 1124 247 PomcsA'rlovs
1660 205 1742 252 743
1759 200 1790 238 b

180 327 328 369 torum
366 325 447 368 aut
484 325 739 374 consonant,
772 321 811 364 si
845 335 934 379 qua
964 323 1162 378 possunt,
1195 323 1276 364 aut
1306 335 1454 364 rerum
1486 320 1645 364 talium

179 393 418 451 capiuntur
435 392 604 436 auditu.
663 391 713 434 Si
728 405 835 434 uero
854 389 1003 447 plures
1018 390 1076 432 ab
1090 389 1372 432 institutione
1388 390 1646 447 disciplinae

179 462 274 506 eius
318 461 451 505 alieni
494 463 610 511 sunt,
650 459 956 518 prudentibus,
996 458 1072 515 qui
1116 458 1344 515 pauciores
1383 458 1644 509 intererunt,

179 531 346 575 sauciet
366 529 760 574 dissimulationem
780 528 850 572 sui
870 531 917 572 et
935 528 1134 585 patietur
1154 527 1466 584 loquacitatem
1487 528 1643 570 maiori

141 617 161 651 5
180 600 297 658 parti
327 599 615 644 amicitiorem
641 613 809 650 sonare,
830 612 886 641 ne
914 612 1016 640 rara
1042 596 1253 639 nobilitas
1279 611 1307 638 a
1330 596 1457 653 plebe
1478 596 1644 639 tumul-

179 669 372 714 tuosiore
391 669 610 712 turbetur.
672 667 731 711 Et
746 668 853 711 haec
869 681 958 709 una
979 668 1047 709 est
1066 665 1121 708 de
1141 665 1447 722 philosophiae
1462 665 1643 708 uirtuti-

179 738 273 790 bus,
312 738 429 796 quia,
459 753 560 782 cum
605 740 756 781 orator
800 751 890 780 non
937 736 1068 780 aliter
1102 735 1189 778 nisi
1220 734 1388 778 orando
1419 735 1644 792 probetur,

178 807 465 867 philosophus
484 822 574 851 non
593 807 740 850 minus
755 806 941 850 tacendo
960 820 1041 863 pro
1059 807 1259 862 tempore
1274 819 1407 861 quam
1424 804 1643 860 loquendo
1661 818 1687 847 c

177 877 525 936 philosophatur.
599 877 673 920 Sic
705 891 810 934 ergo
840 875 970 934 pauci
1010 875 1086 932 qui
1121 874 1314 917 aderunt
1344 874 1561 916 doctiores
1595 874 1643 916 in

121 966 163 992 xo
177 960 436 990 consensum
452 946 576 989 rudis
590 946 798 990 consortii
814 945 940 988 salua
955 948 1001 988 et
1016 945 1137 988 intra
1149 958 1195 987 se
1207 943 1465 1000 quaestione
1481 943 1643 1000 migra-

178 1016 303 1068 bunt,
321 1019 374 1060 ut
393 1016 537 1059 omnis
555 1015 798 1059 discordiae
821 1014 1012 1072 suspicio
1043 1014 1245 1058 facessat.
1305 1013 1399 1056 Nec
1419 1013 1583 1055 mirum
1605 1013 1643 1056 si

177 1085 332 1130 doctus
367 1085 501 1130 faciet
532 1085 649 1143 quod
681 1085 788 1129 fecit
819 1084 1041 1142 quondam
1072 1084 1332 1127 Pisistratus
1363 1083 1643 1126 Athenarum

176 1155 393 1199 tirannus.
452 1155 551 1208 Qui,
570 1169 670 1198 cum
690 1154 794 1197 filiis
813 1154 906 1198 suis
926 1156 1095 1197 rectum
1122 1153 1270 1196 dando
1293 1152 1524 1196 consilium
1554 1167 1643 1195 non

177 1223 442 1282 optinuisset
464 1238 690 1267 assensum
711 1227 756 1267 et
776 1223 875 1266 ideo
894 1226 1010 1266 esset
1039 1223 1087 1265 in
1111 1222 1340 1266 simultate
1359 1236 1460 1265 cum
1481 1221 1644 1271 liberis,

121 1310 161 1346 ¹⁵
177 1293 254 1336 ubi
281 1293 363 1337 hoc
387 1293 543 1336 emulis
569 1307 744 1337 causam
774 1293 912 1336 fuisse
941 1292 1094 1350 gaudii
1122 1292 1337 1349 comperit
1367 1306 1422 1334 ex
1453 1291 1531 1334 illa
1555 1291 1643 1334 dis-

176 1361 326 1407 cordia
343 1363 623 1420 sperantibus
643 1363 691 1406 in
711 1362 841 1406 domo
861 1362 1089 1421 regnantis
1105 1362 1226 1405 nasci
1241 1375 1367 1418 posse
1383 1361 1643 1410 nouitatem,

175 1430 467 1475 uniuersitate
495 1432 660 1476 ciuium
690 1434 943 1482 conuocata,
964 1432 1031 1476 ait
1060 1431 1357 1475 succensuisse
1387 1431 1566 1488 quidem
1596 1445 1644 1474 se

174 1500 278 1544 filiis
297 1515 386 1544 non
413 1501 797 1558 adquiescentibus
823 1502 996 1559 patriae
1023 1501 1260 1551 uoluntati,
1273 1500 1349 1543 sed
1380 1501 1462 1544 hoc
1489 1504 1644 1557 postea

175 1569 260 1613 sibi
291 1571 438 1614 uisum
469 1586 560 1615 esse
589 1574 799 1629 paternae
828 1571 978 1628 aptius
1009 1571 1168 1629 pietati
1203 1574 1257 1614 ut
1290 1571 1338 1613 in
1373 1570 1640 1613 sententiam

110 1645 161 1673 -ὀ
175 1638 412 1683 liberorum
450 1640 544 1698 ipse
571 1641 862 1694 concederet3
890 1642 1024 1684 sciret
1062 1641 1203 1698 igitur
1248 1640 1409 1685 ciuitas
1447 1640 1639 1683 sobolem
1655 1643 1685 1684 d

175 1707 291 1766 regis
309 1723 409 1752 cum
429 1712 555 1767 patre
579 1710 849 1755 concordem.
908 1710 1005 1754 Hoc
1024 1713 1274 1754 commento
1299 1724 1421 1766 spem
1442 1709 1642 1752 detraxit

174 1776 486 1822 insidiantibus
505 1778 787 1836 regnantium
818 1779 970 1836 quieti.
1029 1779 1105 1823 Ita
1128 1779 1176 1822 in
1200 1778 1320 1822 omni
1340 1793 1501 1835 genere
1522 1778 1644 1821 uitae

174 1846 492 1905 praecipueque
517 1847 565 1890 in
588 1848 735 1892 letitia
757 1849 979 1892 conuiuali
1007 1863 1136 1892 omne
1164 1848 1282 1906 quod
1309 1848 1491 1891 uidetur
1516 1848 1641 1891 abso-

175 1928 282 1959 num
301 1915 350 1959 in
369 1930 504 1959 unam
525 1917 800 1961 concordiam
815 1919 912 1962 soni
931 1918 1058 1962 salua
1077 1918 1331 1962 innocentia
1351 1918 1641 1975 redigendum

118 1991 159 2026 ²⁵
176 1986 254 2029 est.
339 1985 412 2030 Sic
450 1986 701 2044 Agathonis
738 1988 1006 2038 conuiuium,
1046 1988 1152 2046 quia
1191 1987 1397 2031 Socratas
1447 1987 1643 2031 Phedros

178 2053 417 2098 Pausanias
460 2059 506 2099 et
545 2055 842 2101 Herisimacos
888 2058 1058 2108 habuit,
1102 2058 1290 2101 uerbum
1333 2057 1507 2100 nullum
1554 2057 1641 2100 nisi

175 2122 526 2181 philosophicum
553 2126 704 2170 sensit.
762 2126 826 2171 At
850 2141 957 2171 uero
976 2127 1151 2170 Alcioni
1177 2126 1249 2170 uel
1270 2126 1459 2170 Didonis
1478 2141 1643 2175 mensa,

176 2192 303 2249 quasi
324 2193 428 2237 solis
446 2197 552 2252 apta
571 2194 750 2247 deliciis,
762 2196 921 2240 habuit
941 2197 1048 2240 haec
1060 2197 1228 2254 Iopam,
1243 2196 1322 2239 illa
1335 2196 1642 2253 Poliphemum

176 2261 365 2318 cythara
392 2266 611 2307 canentes.
670 2265 764 2310 Nec
794 2266 979 2310 deerant
1005 2267 1125 2324 apud
1146 2266 1381 2309 Alcionum
1406 2266 1642 2309 saltatores

118 2347 162 2383 30
178 2329 266 2373 uiri
287 2333 332 2374 et
350 2331 469 2389 apud
481 2331 698 2376 Didonem
715 2334 857 2395 Bitias
872 2335 934 2379 sic
949 2335 1159 2379 hauriens
1178 2350 1349 2379 merum
1364 2338 1417 2378 ut
1432 2350 1478 2378 se
1494 2338 1640 2378 totum

175 2399 399 2456 superflua
417 2400 511 2444 eius
533 2401 755 2447 infusione
778 2404 1011 2461 prolueret.
1071 2404 1243 2456 Nonne,
1263 2405 1403 2462 siquis
1423 2408 1503 2448 aut
1523 2405 1642 2448 inter

177 2535 196 2574 5
225 2525 444 2564 amiciorem
460 2527 527 2565 SM
699 2539 720 2576 7
746 2530 826 2576 Qua
841 2531 875 2568 A
1056 2543 1100 2569 10
1123 2531 1224 2569 inter
1240 2532 1281 2568 M
1462 2543 1516 2577 11,
1540 2542 1581 2570 12
1608 2533 1639 2570 si

176 2574 307 2629 doctus
323 2586 390 2611 om.
408 2574 449 2611 M
585 2586 628 2624 13
652 2583 832 2624 tyrannus
849 2579 890 2615 M
1023 2589 1067 2625 14
1092 2579 1315 2618 obtinuisset
1331 2579 1463 2617 CBSM
1593 2582 1639 2617 26

176 2621 404 2659 hemmacos
418 2621 494 2659 As·
633 2626 678 2662 28
702 2625 856 2673 ioppam
873 2625 995 2664 CBAS

225 2738 244 2777 5
270 2740 420 2767 sonare:
443 2733 579 2768 sociare
595 2731 759 2771 Macrob.
873 2744 918 2772 1ο
940 2737 1164 2782 quaestione:
1235 2738 1385 2773 iacente
1402 2739 1482 2773 uem·
1496 2738 1640 2772 notione

176 2776 343 2815 Macrob.
440 2823 449 2833 ·
536 2779 582 2815 26
605 2780 750 2818 habuit:
793 2780 883 2819 Post
920 2783 1048 2819 habuit
1087 2794 1184 2830 quae
1307 2783 1434 2820 omisit
1466 2784 1637 2820 Ioannes.

175 2834 220 2871 27
245 2826 412 2862 Aleioniz
436 2836 461 2862 ι.
474 2835 509 2864 e.
523 2825 684 2863 Alcinoi.

1463 2914 1528 2955 285
