1988 3250
97 189 101 193 ’
177 219 298 253 ,σιω
315 209 406 265 vn]
714 205 1155 270 POLICRATICVS
1682 205 1772 257 649
1791 207 1821 247 b

193 328 383 371 omnino.
443 327 531 380 Qui
561 341 668 370 uero
691 341 749 369 an
769 325 891 369 Deus
917 325 977 369 sit
1007 324 1186 368 deducit
1210 325 1258 367 in
1285 325 1587 382 quaestionem
1618 329 1664 369 et

191 411 250 440 an
269 397 386 440 idem
406 400 563 454 potens
582 396 757 453 sapiens
776 395 837 438 sit
863 409 922 437 an
948 394 1102 446 bonuS,
1122 408 1212 436 non
1238 394 1367 437 modo
1391 395 1662 452 irreligiosus

190 465 268 508 sed
287 465 482 523 perfidus
502 468 580 515 est,
601 468 646 507 et
670 478 785 521 pena
814 463 998 506 docente
1024 462 1187 519 dignus
1214 467 1282 504 est
1308 462 1483 506 instrui.
1543 463 1662 507 Sunt

189 534 307 577 enim
336 534 383 576 in
413 534 617 577 omnibus
646 531 962 590 philosophicis
991 531 1236 588 disciplinis
1268 531 1486 588 quaedam
1515 533 1660 589 prima

149 617 169 652 5
187 606 244 654 et,
259 606 311 646 ut
326 603 391 646 ita
405 603 580 646 dicatur
591 602 766 646 Cratini
781 601 929 651 uerbo,
942 600 1173 658 primitiua
1192 600 1412 657 principia
1427 600 1481 643 de
1498 602 1659 658 quibus

186 673 338 716 eodem
357 677 534 716 auctore
555 672 760 714 dubitare
784 685 874 714 non
904 670 1008 713 licet
1038 669 1124 712 nisi
1149 669 1219 712 his
1247 684 1434 727 quorum
1465 670 1591 714 labor
1610 672 1658 714 in

185 756 237 785 eo
268 745 473 785 uersatur
507 756 562 784 ne
593 740 700 798 quid
731 739 886 783 sciant.
946 738 1077 789 Nam,
1104 739 1220 782 sicut
1245 738 1462 795 quaedam
1487 754 1533 781 se
1560 754 1655 782 cor-

183 811 328 869 poreis
347 810 548 854 sensibus
563 810 774 867 ingerunt
790 812 842 852 ut
857 808 977 866 apud
993 811 1193 851 sensatos
1208 807 1346 851 latere
1362 823 1451 851 non
1467 808 1655 865 possint;

184 880 400 938 quaedam
438 879 672 923 subtiliora
711 881 818 922 sunt
850 882 913 928 ut,
945 878 1031 921 nisi
1073 877 1340 921 familiarius
1373 878 1577 921 adhibita
1609 882 1654 921 et
1672 891 1697 920 c

123 963 167 991 ιο
181 952 412 1007 prospecta
443 948 702 1006 diligentius
735 950 781 992 et
814 950 1088 1005 pertractata
1123 947 1226 997 sint,
1253 962 1342 990 non
1377 947 1653 1000 sentiantur-3

179 1019 243 1064 sic
262 1021 368 1062 sunt
387 1018 538 1076 aliqua
553 1020 682 1061 tanta
701 1017 770 1060 sui
791 1016 887 1060 luce
907 1017 1139 1075 perspicua
1154 1022 1207 1060 ut
1222 1016 1360 1060 latere
1376 1031 1465 1060 non
1481 1018 1653 1074 possint

178 1089 364 1133 rationis
393 1091 620 1146 aspectum
650 1086 727 1130 sed
756 1087 1050 1131 communiter
1076 1086 1317 1129 uideantur
1346 1086 1404 1129 ab
1433 1087 1650 1138 omnibus,

178 1158 320 1216 magis
339 1161 489 1202 tamen
514 1160 559 1200 et
578 1157 726 1199 minus
741 1171 822 1214 pro
837 1156 1082 1213 capacitate
1100 1159 1145 1199 et
1160 1156 1332 1198 uiribus
1348 1156 1648 1213 singulorum;

178 1227 267 1272 alia
294 1227 471 1285 quidem
491 1230 598 1270 sunt
617 1241 730 1283 quae
751 1226 878 1283 quasi
905 1226 1097 1282 quodam
1124 1226 1340 1268 scrutinio
1367 1225 1570 1282 indigent
1591 1230 1647 1277 et,

115 1308 158 1344 1⁵
177 1297 282 1355 quia
314 1297 499 1340 istorum
534 1295 817 1339 consecutiua
851 1299 970 1346 sunt,
999 1294 1259 1352 diligentius
1293 1299 1646 1352 perscrutantem

174 1367 312 1411 latere
331 1381 420 1410 non
435 1368 631 1423 possunt.
691 1365 750 1408 Et
770 1365 840 1407 his
860 1368 1010 1408 tamen
1030 1368 1077 1408 et
1096 1365 1185 1407 illis
1200 1365 1417 1422 quaedam
1434 1365 1646 1409 uidentur

164 1436 395 1481 anteriora
414 1451 507 1479 esse
527 1450 640 1493 quae
662 1434 777 1478 ratio
797 1434 1101 1492 philosophiae
1125 1434 1251 1491 quasi
1280 1434 1327 1476 in
1354 1434 1457 1477 fidei
1483 1434 1642 1478 funda-

171 1509 321 1550 mento
336 1505 580 1555 constituit,
596 1507 752 1562 petens
767 1504 882 1547 utin
899 1518 976 1561 spe
991 1503 1248 1563 proficiendi
1269 1518 1322 1546 ea
1341 1503 1425 1546 sibi
1442 1504 1643 1560 gratuito

169 1575 475 1619 concedantur.
533 1574 607 1618 Sic
637 1578 682 1617 et
711 1577 961 1632 geometrae
991 1572 1135 1631 primo
1158 1572 1396 1629 petitiones
1426 1572 1640 1629 quasdam

102 1655 154 1681 '20
170 1643 295 1701 quasi
327 1643 466 1687 totius
500 1643 611 1686 artis
649 1643 819 1686 iaciunt
858 1641 1163 1691 fundamenta,
1194 1641 1354 1684 deinde
1385 1656 1639 1686 communes

167 1712 305 1756 animi
324 1713 628 1771 conceptiones
648 1712 849 1755 adiciunt
868 1715 914 1755 et
933 1711 995 1755 sic
1016 1711 1142 1768 quasi
1163 1711 1256 1754 acie
1280 1711 1487 1754 ordinata
1507 1711 1564 1754 ad
1585 1727 1636 1756 ea
1654 1712 1685 1755 d

167 1795 280 1838 quae
299 1781 384 1825 sibi
404 1784 510 1826 sunt
529 1780 874 1825 demonstranda
898 1780 1155 1838 procedunt.
1214 1780 1303 1823 Sed
1330 1783 1376 1823 et
1400 1781 1638 1838 petitiones

165 1849 286 1908 ipsae
305 1851 415 1895 adeo
434 1851 718 1895 consentiunt
740 1850 904 1894 rationi
926 1853 979 1893 ut
1003 1850 1252 1907 proteruire
1283 1849 1492 1892 uideatur
1518 1851 1638 1908 quis-

165 1919 264 1977 quis
294 1935 368 1964 eas
398 1921 471 1964 uel
503 1921 621 1964 hosti
654 1935 744 1964 non
775 1920 987 1964 concedit.
1049 1919 1136 1963 Hic
1171 1923 1320 1962 tamen
1354 1934 1635 1977 nequaquam

102 2002 148 2041 ³5
164 1989 314 2047 agitur
332 1990 386 2033 de
407 1991 477 2034 his
497 2005 610 2048 quae
633 1991 690 2034 ad
714 1991 885 2034 cultum
909 1990 1137 2048 religionis
1163 1990 1402 2046 pertinent,
1423 1991 1633 2046 quoniam

162 2061 209 2102 et
227 2058 290 2102 ibi
309 2059 522 2103 nonnulla
535 2060 858 2118 quodammodo
873 2063 1089 2118 petuntur
1103 2074 1228 2116 quae,
1244 2062 1296 2102 ut
1316 2059 1426 2102 fides
1441 2060 1632 2116 amplius

161 2131 394 2180 mereatur,
424 2130 742 2187 experientiam
777 2130 964 2173 rationis
996 2129 1240 2181 excedunt;
1270 2128 1348 2172 sed
1383 2129 1491 2172 haec
1522 2129 1631 2186 ipsa,

161 2195 244 2239 etsi
278 2197 393 2241 ratio
425 2213 515 2242 non
547 2202 718 2256 urgeat,
749 2198 970 2242 debentur
1003 2198 1175 2255 pietati.
1236 2198 1299 2241 Vt
1333 2198 1451 2240 enim
1486 2213 1630 2242 sacra-

159 2266 332 2318 mentis,
354 2267 431 2310 ubi
454 2268 570 2311 ratio
592 2268 752 2318 deficit,
779 2268 1046 2312 adhibeatur
1074 2267 1195 2318 fides,
1224 2267 1379 2310 multis
1406 2267 1628 2311 beneficiis

100 2351 143 2387 ³0
159 2335 416 2393 magnisque
435 2337 659 2380 miraculis
684 2338 930 2395 promeruit
950 2337 1157 2382 Christus
1182 2337 1254 2380 cui
1285 2351 1374 2380 non
1401 2337 1520 2381 credi
1546 2337 1626 2380 im-

160 2464 199 2492 11
227 2454 297 2501 sic]
314 2455 412 2493 sicut
427 2455 467 2492 M
629 2467 672 2504 14
698 2457 865 2505 quidem]
891 2458 1077 2505 quaedam
1095 2457 1135 2493 M

206 2572 223 2610 5
253 2565 418 2602 Cratini:
443 2565 559 2610 Quem
576 2566 701 2604 dicere
718 2566 808 2604 velit
824 2566 974 2612 Noster,
990 2566 1126 2604 nescio.
1288 2577 1332 2612 19
1350 2569 1564 2613 petitiones:
1591 2580 1624 2605 v.

155 2610 286 2648 Boeth.
311 2613 448 2659 Interp.
473 2615 617 2651 Euclid.
647 2614 696 2657 i.;
721 2614 883 2652 Cassiod.
908 2616 951 2650 de
983 2616 1063 2650 Are.
1096 2619 1128 2650 et
1155 2615 1226 2650 Sci.
1255 2615 1334 2650 Lib.
1364 2626 1395 2651 c.
1423 2617 1446 2651 6
1475 2614 1622 2662 (Migne

153 2659 196 2695 P.
214 2660 256 2694 L.
274 2657 368 2695 lxiii.
390 2670 488 2705 1310,
505 2661 580 2698 lxx.
604 2663 720 2716 1215).
865 2672 921 2704 20,
940 2671 982 2698 21
1009 2673 1211 2698 communes
1226 2664 1346 2698 animi
1359 2665 1622 2708 conceptiones:

153 2717 184 2741 v.
204 2704 338 2742 Boeth.
354 2707 491 2754 Interp.
512 2710 654 2745 Euclid.
674 2721 699 2744 1.
715 2722 725 2752 ;
750 2708 915 2746 Cassiod.
933 2711 976 2745 de
992 2711 1073 2744 Art.
1090 2714 1122 2744 et
1138 2711 1207 2745 Sci.
1227 2710 1306 2744 Lib.
1326 2721 1357 2745 c.
1375 2711 1410 2746 6.
1576 2721 1595 2745 2
1599 2721 1621 2755 3

149 2755 378 2799 proter-aire:
411 2754 491 2792 Hoc
518 2755 743 2792 vocabulum
771 2767 795 2792 a
820 2755 983 2792 Boethio
1038 2767 1080 2792 ro
1105 2756 1348 2793 Aristotelico
1381 2758 1585 2792 δυσκολαίνε
1603 2774 1621 2793 ν

150 2799 330 2883 poigttlirj
354 2812 387 2837 v.
403 2800 466 2838 Ar.
486 2803 572 2850 Top.
591 2802 667 2840 viii.
685 2805 707 2840 8
727 2803 812 2850 (160
824 2803 861 2840 b.
884 2804 964 2850 12);
1025 2803 1126 2840 oeth.
1144 2807 1211 2840 Ar.
1232 2805 1319 2850 Top.
1332 2803 1409 2840 viii.
1429 2815 1452 2849 4
1472 2775 1620 2851 (Migtie

183 2874 192 2885 .
243 2874 251 2883 .
284 2858 355 2884 xiv.
377 2849 495 2895 1002).

1445 2931 1508 2964 115
