1988 3250
202 170 286 221 798
306 180 332 210 c
674 165 934 212 IOANNIS
975 165 1490 211 SARESBERIENSIS
1597 165 1706 222 [ΜΒ.
1719 176 1815 210 v111-

349 288 535 346 agnouit
554 290 601 331 et
618 287 871 330 huiusmodi
891 286 1232 330 consolationem
1252 287 1445 344 accepit:
1474 286 1653 338 Vocate,
1666 285 1815 342 inquit

303 359 332 399 d
349 358 438 408 illa,
468 357 606 402 michi
644 357 925 410 Mercurium,
960 360 1006 400 et
1045 356 1188 399 abibit
1221 356 1468 399 interficere
1499 355 1726 399 Iulianum
1765 355 1815 396 in

350 427 514 470 Filium
543 441 690 470 meum
720 430 766 470 et
798 427 941 470 Deum
971 426 1141 469 tumide
1170 425 1562 482 blasphemantem.
1623 425 1815 468 Sanctus

349 499 512 548 autem,
551 511 651 539 cum
690 499 918 539 armatura
957 510 1038 538 sua
1081 495 1333 544 adueniens,
1368 494 1580 538 uelociter
1618 494 1730 536 abiit
1769 496 1815 536 et

349 565 570 608 aduocans
617 580 730 622 quae
780 567 1048 622 apparuerat
1091 578 1302 621 magnum
1342 563 1569 614 Basilium‚
1609 563 1734 606 dedit
1773 562 1814 605 ei
1833 580 1853 614 5

347 635 512 678 librum
561 635 797 678 habentem
846 635 893 676 in
937 634 1123 676 historia
1165 648 1339 676 omnem
1385 633 1541 676 mundi
1593 632 1815 676 facturam

349 704 629 747 dextrorsum
650 719 756 747 uero
776 704 998 747 hominem
1018 718 1046 745 a
1066 703 1160 746 Deo
1180 702 1460 759 plasmatum.
1519 702 1574 744 In
1598 701 1815 758 principio

348 776 499 816 autem
526 773 628 816 libri
659 773 973 830 superscriptio
1002 774 1120 815 erat:
1151 772 1246 815 Dic.
1306 771 1361 813 In
1391 772 1490 821 fine,
1518 771 1695 814 homine
1725 770 1815 812 iam

348 843 591 901 plasmato:
623 843 767 885 Parce.
826 842 1079 898 Suscipiens
1105 841 1255 898 itaque
1282 841 1446 883 librum
1473 840 1582 898 legit
1608 839 1665 882 ab
1684 839 1816 882 initio

349 926 489 969 usque
521 912 579 954 ad
620 911 765 954 Parce.
840 911 1039 953 Similem
1070 924 1243 967 quoque
1271 910 1487 952 uisionem
1516 909 1634 952 uidit
1662 908 1814 951 eadem
1835 929 1878 954 ιο

350 984 478 1024 nocte
508 983 715 1037 quaestor
744 980 908 1023 Iuliani
938 980 986 1021 in
1016 979 1296 1036 expeditione
1331 978 1555 1022 Libanius.
1625 977 1816 1020 Rediens

350 1050 543 1093 Basilius
570 1050 626 1092 ad
653 1049 903 1092 martirium
929 1049 1070 1091 sancti
1097 1048 1307 1091 Mercurii
1333 1050 1461 1091 nocte
1488 1048 1585 1104 ipsa
1608 1047 1817 1090 Mercurii

351 1134 475 1162 arma
513 1134 602 1162 non
643 1118 849 1175 repperit,
888 1118 964 1160 sed
1009 1118 1080 1160 die
1114 1117 1316 1174 sequenti
1355 1117 1530 1160 inuenit
1569 1117 1721 1160 eadem
1770 1118 1818 1159 et

350 1188 547 1231 lanceam
578 1188 743 1231 recenti
774 1187 988 1244 sanguine
1018 1189 1308 1231 cruentatam.
1368 1186 1551 1229 Orosius
1580 1189 1730 1229 tamen
1760 1185 1815 1229 de

351 1258 571 1301 Mercurio
598 1257 780 1300 martire
807 1272 896 1299 non
924 1256 1033 1300 facit
1059 1256 1340 1310 mentionem,
1362 1256 1438 1299 sed
1462 1256 1509 1298 in
1534 1255 1814 1313 expeditione
1836 1271 1878 1307 15

194 1334 282 1375 799
303 1334 334 1364 a
352 1327 559 1370 Parthica
578 1327 806 1369 tirannum
827 1325 966 1368 refert
985 1326 1106 1369 obuii
1127 1326 1282 1369 militis
1301 1326 1391 1368 telo
1411 1340 1504 1368 esse
1524 1327 1817 1382 peremptum.

350 1396 593 1454 Eutropius
632 1410 816 1453 quoque,
846 1395 922 1452 qui
954 1395 1197 1438 Romanam
1228 1395 1419 1453 eleganti
1454 1394 1711 1452 compendio
1741 1394 1819 1437 de-

349 1466 504 1510 scribit
524 1466 766 1516 historiam,
786 1468 1063 1522 peremptum
1085 1464 1254 1508 fatetur
1274 1465 1320 1507 in
1348 1465 1514 1516 castris,
1536 1464 1613 1507 sed
1639 1463 1814 1506 nullum

349 1535 561 1593 exprimit
609 1535 727 1578 cedis
776 1537 1022 1586 auctorem3
1081 1535 1428 1591 persecutionem
1477 1537 1640 1586 tamen,
1681 1548 1816 1590 quam

350 1604 502 1648 eodem
535 1607 714 1647 auctore
748 1599 795 1646 in
832 1603 1109 1647 Christianos
1142 1618 1277 1660 supra
1311 1604 1490 1647 modum
1526 1603 1737 1656 exercuit,
1773 1602 1813 1645 ei
1836 1618 1878 1642 πο

348 1677 523 1717 constat
554 1673 795 1730 plurimum
826 1673 1035 1715 nocuisse.
1106 1673 1169 1715 At
1202 1673 1403 1716 Historia
1434 1673 1679 1730 Tripartita
1715 1672 1815 1716 dili-

348 1743 527 1801 gentius
556 1742 836 1800 persequitur
864 1742 1035 1799 flagitia
1064 1742 1230 1785 Iuliani
1261 1745 1306 1785 et
1340 1746 1509 1800 quanta
1535 1742 1815 1785 immanitate

349 1816 605 1871 persecutus
639 1812 700 1854 sit
732 1811 973 1862 Christum,
1004 1826 1134 1868 quem
1167 1812 1385 1855 Galileum
1418 1812 1687 1862 nominabat,
1717 1813 1814 1854 toto

348 1886 477 1926 sexto
526 1881 750 1924 uolumine
790 1881 1131 1937 comprehendit.
1213 1882 1282 1923 Ex
1322 1881 1483 1938 quibus
1531 1881 1588 1924 ad
1637 1881 1814 1923 laudem

349 1951 509 1995 Galilei
536 1950 749 1993 nonnulla
775 1950 939 1993 inserui
969 1950 1274 2008 compendiose
1294 1951 1500 2008 decerpta
1527 1951 1584 1993 ab
1612 1950 1681 1993 his
1701 1964 1814 2006 quae
1835 1963 1878 1998 ²5

348 2021 404 2064 de
431 2035 482 2063 eo
510 2020 712 2063 Socrates
732 2019 1025 2062 Theodoritus
1049 2023 1094 2063 et
1121 2019 1389 2063 Sozomenus
1417 2022 1529 2063 teste
1555 2019 1815 2064 Cassiodoro

348 2089 642 2132 tradiderunt.
684 2087 884 2131 Iulianus
909 2103 1024 2146 ergo,
1040 2103 1063 2131 e
1084 2089 1205 2145 regio
1225 2089 1440 2146 sanguine
1460 2088 1674 2131 oriundus
1695 2090 1740 2131 et
1760 2102 1816 2131 ex

350 2158 614 2203 Constantio
643 2172 778 2215 nepos
810 2156 1092 2201 Constantini
1116 2157 1279 2215 Magni,
1300 2157 1377 2214 qui
1405 2157 1655 2201 Bisantium
1683 2172 1711 2200 a
1736 2171 1821 2200 suo

303 2234 332 2275 b
351 2228 528 2271 nomine
583 2226 1012 2284 Constantinopolim
1067 2227 1321 2284 appellauit,
1370 2227 1427 2270 ab
1480 2227 1609 2270 initio
1663 2226 1819 2270 extitit

352 2297 648 2347 Christianus,
669 2311 950 2353 crescensque
971 2296 1017 2339 in
1045 2297 1277 2339 auditoriis
1298 2296 1818 2354 Constantinopolitanae
1835 2308 1879 2342 3⁹

351 2366 475 2409 urbis
507 2365 794 2409 exercebatur
826 2365 872 2408 in
908 2366 1098 2416 basilica,
1134 2366 1210 2408 ubi
1251 2366 1450 2409 doctores
1489 2369 1628 2419 erant,
1659 2366 1818 2409 habitu

350 2436 531 2494 priuato
587 2435 836 2492 procedens.
916 2435 1196 2493 Pedagogum
1252 2436 1444 2479 habebat
1482 2435 1659 2479 nomine
1699 2435 1817 2478 Mar-

350 2535 374 2571 6
398 2533 448 2579 hy
451 2532 567 2569 storia
581 2533 619 2569 M
721 2542 760 2579 ις
788 2534 887 2569 mart
916 2544 953 2569 re
968 2532 999 2569 A
1100 2534 1141 2569 16
1166 2533 1344 2579 particha
1361 2532 1393 2568 A
1491 2534 1532 2570 18
1553 2531 1759 2579 hystoriam
1777 2531 1817 2568 M

352 2580 458 2663 2719]
477 2580 522 2664 (g
541 2581 617 2617 CS:
644 2592 732 2628 ergo
749 2592 769 2617 e
787 2592 854 2617 om.
1024 2581 1068 2617 28
1094 2579 1302 2617 bizantuim
1320 2580 1420 2617 ASM
1546 2590 1592 2627 29
1617 2582 1818 2618 constanc-

351 2639 412 2697 po
419 2640 470 2664 tm

403 2725 444 2759 ¹4
473 2716 619 2750 Omina
638 2717 737 2753 etc..
728 2727 738 2736 ·
764 2726 795 2750 v.
814 2713 915 2751 Oros.
938 2713 1003 2750 vii.
1023 2713 1153 2762 3o§6.
1372 2724 1413 2761 17
1440 2715 1556 2751 Eutro
1583 2716 1641 2750 ius
1657 2716 1756 2752 etc.:
1782 2725 1816 2752 v.

352 2725 524 2845 l²3ut5iop¹
528 2773 560 2796 x.
586 2763 627 2798 16
646 2761 686 2809 ἕξ
704 2772 736 2805 2,
758 2772 790 2807 3.
982 2771 1024 2806 ²7
1050 2764 1223 2799 lulianus
1243 2764 1336 2800 etc.:
1362 2774 1394 2800 v.
1412 2726 1580 2800 Cassios
1599 2763 1694 2799 Hist.
1715 2762 1814 2809 Trip.

350 2820 386 2846 νι
420 2819 433 2847 ι
456 2811 469 2855 (
515 2821 601 2857 igne
619 2810 658 2847 Ρ.
678 2811 717 2846 L.
739 2808 827 2846 lxix.
849 2819 936 2855 ¹027
956 2813 1085 2857 seqq).

459 2882 522 2924 382
