1988 3250
125 210 228 244 ou.
246 197 306 261 11]
666 199 1108 246 POLICRATICVS
1620 212 1704 254 ⁵92
1723 202 1751 242 d

125 321 348 379 sapientia
381 323 428 365 et
456 321 631 366 iustitia
659 322 873 380 principis
901 322 1046 366 elucet
1074 321 1331 379 plurimum.
1391 321 1456 366 Vt
1485 322 1604 366 enim

126 391 193 434 ait
217 390 431 449 Vegetius
461 391 671 442 Renatm,
695 391 845 435 nullus
875 395 944 435 est
973 406 1105 449 quem
1135 393 1341 448 oporteat
1369 391 1443 434 uel
1472 392 1604 449 plura

126 459 200 504 uel
238 460 422 504 meliora
460 461 571 504 scire
610 475 744 518 quam
784 461 1050 518 principem,·
1075 460 1201 504 cuius
1236 459 1440 503 doctrina
1473 461 1606 504 debet

126 530 332 573 omnibus
350 530 557 588 prodesse
577 531 799 574 subiectis.
859 529 973 575 Cum
994 530 1113 574 enim
1140 529 1262 587 pacis
1282 529 1478 586 itemque
1498 529 1605 572 belli

90 614 110 648 5
126 598 286 642 debeat
305 613 440 656 opera
458 599 690 650 moderari,
711 600 859 658 legum
880 599 1031 657 reique
1051 599 1234 642 bellicae
1261 598 1409 656 ipsum
1428 602 1606 655 oportet

124 667 288 711 habere
326 667 547 726 peritiam.
621 668 681 712 Et
720 668 901 726 quidem
940 669 995 712 de
1034 668 1206 726 pacatis
1247 667 1410 710 studiis
1453 667 1606 724 aliqua

124 737 327 794 superius
360 737 480 781 dicta
508 741 625 789 sunt,
655 752 773 781 nunc
807 753 967 781 manus
999 740 1174 782 armata
1207 736 1460 789 discutitur,
1491 750 1604 793 quae

123 806 221 850 sine
240 805 413 850 delectu
433 807 619 850 scientia
638 811 684 850 et
704 807 1021 851 exercitatione
1041 821 1130 850 non
1151 806 1430 850 conualescit.
1486 805 1604 859 Quo·

124 875 196 919 uis
210 875 328 918 enim
350 875 536 919 istorum
551 879 750 920 cessante
770 890 859 919 non
879 877 1060 934 prodest
1080 875 1254 919 inutilis
1274 889 1455 928 manus;
1487 879 1535 918 at
1555 875 1603 918 in

67 961 111 988 xo
125 944 197 988 his
216 944 402 988 seientia
425 948 472 988 et
495 945 756 989 exercitatio
779 945 962 989 utiliora
988 949 1106 989 sunt.
1166 945 1364 990 Scientia
1391 945 1510 988 enim
1538 944 1601 987 rei
1618 954 1703 995 593
1721 957 1751 986 a

125 1013 306 1058 bellicae
336 1014 576 1059 dimicandi
609 1016 755 1059 nutrit
787 1015 1029 1059 audaciam.
1090 1015 1235 1058 Nemo
1265 1014 1411 1058 facere
1442 1014 1604 1057 metuit

125 1083 244 1142 quod
270 1099 317 1128 se
343 1084 454 1128 bene
484 1084 689 1128 didicisse
712 1085 905 1129 confidit.
966 1084 1143 1129 Etenim
1172 1085 1220 1127 in
1244 1083 1486 1128 certamine
1512 1083 1603 1126 bel-

123 1152 269 1197 lorum
297 1154 540 1198 exercitata
569 1155 771 1212 paucitas
797 1155 855 1198 ad
879 1155 1112 1199 uictoriam
1131 1154 1350 1212 promtior
1377 1156 1445 1197 est
1469 1167 1604 1210 quam

124 1222 250 1265 rudis
284 1225 330 1266 et
367 1222 547 1267 indocta
585 1223 828 1268 multitudo
862 1224 1065 1282 exposita
1104 1238 1278 1281 semper
1316 1223 1374 1266 ad
1412 1222 1602 1267 caedem.

66 1306 109 1342 15
127 1290 246 1345 Quid
270 1291 388 1335 enim
415 1292 637 1336 Romanos
663 1293 865 1351 gentium
889 1294 1087 1337 omnium
1119 1293 1227 1337 fecit
1256 1307 1350 1336 esse
1380 1292 1602 1335 uictores?

126 1360 324 1405 Scientia
353 1361 521 1419 utique,
542 1363 803 1406 exercitatio
832 1366 879 1406 et
908 1363 1017 1407 fides
1047 1377 1181 1420 quam
1212 1362 1340 1406 electi
1370 1376 1427 1404 ex
1458 1375 1602 1404 sacra·

125 1433 278 1474 mento
317 1431 382 1475 rei
421 1431 624 1489 publicae
665 1432 992 1490 impendebant.
1071 1433 1191 1475 Nam
1231 1431 1339 1488 quid
1387 1431 1603 1474 aduersus

125 1499 355 1544 Gallorum
375 1500 711 1545 multitudinem
733 1502 934 1545 Romana
956 1503 1158 1560 paucitas
1178 1501 1423 1544 ualuisset'l
1483 1500 1604 1554 Quid

125 1569 339 1614 aduersus
369 1570 691 1614 Germanorum
716 1573 1025 1630 proceritatem
1051 1572 1249 1615 breuitas
1278 1571 1497 1629 potuisset
1522 1585 1603 1613 au·

65 1656 110 1685 no
126 1638 260 1684 dere?
319 1639 544 1698 Hispanos
573 1641 751 1698 quidem
782 1656 872 1685 non
899 1645 1077 1686 tantum
1105 1655 1290 1684 numero
1316 1640 1392 1683 sed
1420 1644 1464 1683 et
1492 1640 1600 1682 uiri-

125 1708 209 1752 bus
224 1709 418 1767 eorporis
434 1710 723 1754 manifestum
739 1715 806 1754 est
821 1712 1094 1769 praestitisse
1111 1710 1335 1754 Romanis.
1373 1710 1600 1753 Affrorum

125 1777 239 1822 dolis
269 1782 403 1836 atque
433 1779 606 1823 diuitiis
630 1795 803 1838 semper
828 1781 1020 1839 impares
1044 1781 1304 1824 extiterunt.
1363 1779 1492 1822 Vnde
1522 1779 1598 1822 ad-

124 1861 281 1892 uersus
300 1849 408 1893 haec
428 1849 578 1892 omnia
604 1850 777 1907 profuit
797 1851 988 1894 tironem
1009 1851 1231 1894 sollertem
1254 1850 1438 1907 eligere;
1469 1853 1526 1899 et,
1545 1853 1598 1893 ut
1613 1851 1643 1890 b

124 1917 192 1960 ita
230 1918 399 1962 dietum
439 1919 511 1970 sit,
540 1919 695 1963 docere
730 1920 800 1963 ius
839 1934 1088 1972 armorum3
1122 1920 1346 1963 cotidiano
1386 1919 1598 1962 exercitio

65 2003 106 2040 25
124 1987 332 2031 roborare
351 1988 622 2042 doctrinam3
651 2003 952 2046 quaecumque
968 1994 1155 2047 possunt
1175 1990 1222 2032 in
1242 1990 1335 2032 acie
1356 1992 1401 2032 et
1421 1989 1599 2046 praeliis

123 2057 302 2100 euenire
340 2072 574 2115 praenosse
613 2059 901 2102 meditatione
944 2060 1204 2116 campestri;
1252 2062 1298 2102 et
1337 2059 1385 2100 in
1426 2058 1598 2102 desides

123 2126 339 2170 seueritas
377 2127 615 2173 uindictae.
685 2129 782 2172 Hoc
822 2132 1093 2172 memoratus
1132 2132 1288 2172 auctor
1326 2131 1520 2171 testatur
1552 2131 1599 2171 et

123 2194 218 2239 fere
238 2196 387 2239 uerbis
407 2196 571 2240 eisdem
597 2198 790 2242 adiciens
811 2198 1015 2241 inutilem
1038 2213 1130 2241 esse
1156 2198 1344 2240 militem
1371 2197 1596 2240 nutritum

122 2267 274 2308 tenere
304 2267 351 2309 et
379 2266 548 2310 deliciis
575 2271 812 2318 assuetum,
833 2268 1087 2325 praeferens
1117 2271 1347 2324 tamquam
1376 2266 1594 2324 aptiorem

65 2351 110 2387 30
123 2333 295 2391 plebem
320 2335 531 2378 rusticam
558 2351 670 2392 quae
698 2337 781 2380 sub
806 2337 912 2380 diuo
942 2340 987 2380 et
1013 2337 1061 2379 in
1088 2336 1237 2379 labore
1258 2336 1470 2386 nutritur,
1490 2336 1595 2378 solis

121 2403 309 2461 patiens,
338 2404 567 2462 negligens
596 2406 790 2459 umbrae,
819 2407 1077 2449 balnearum
1104 2406 1262 2455 nescia,
1298 2406 1455 2463 ignara
1484 2405 1594 2448 deli-

120 2472 583 2546 W3
608 2492 821 2540 promptior
836 2492 938 2529 ASM
1059 2503 1104 2539 23
1129 2494 1305 2540 tyronem
1322 2491 1419 2528 CBA
1545 2503 1593 2538 24

121 2537 179 2576 ita
194 2551 261 2576 om.
279 2539 319 2575 M
463 2550 504 2586 31
531 2539 753 2578 balneorum
771 2539 827 2576 Μ’

172 2625 194 2651 2
218 2616 344 2652 nullus
360 2621 409 2652 est
425 2618 518 2653 ete:
544 2628 575 2651 v.
592 2615 726 2661 Veget.
742 2614 771 2651 i.
787 2615 829 2652 in
851 2614 1102 2662 praefatione.
1292 2624 1315 2660 9
1339 2616 1513 2651 istorum:
1540 2625 1590 2651 sc.

124 2661 274 2699 delectu
294 2662 455 2700 seientia
475 2666 514 2701 et
533 2662 822 2700 exercitatione.
934 2674 979 2700 10
1001 2664 1160 2699 Scientia
1182 2663 1278 2697 enim
1302 2664 1372 2698 etc.
1392 2664 1524 2707 (usque
1541 2662 1590 2698 ad

123 2710 309 2746 uindictae
326 2719 371 2757 59
463 2723 473 2748 2
499 2711 774 2758 v.Veget.i.1.
874 2719 915 2757 15
945 2712 1012 2755 Qu
1003 2712 1041 2745 id
1056 2712 1153 2746 em'm
1165 2711 1264 2745 etc.:
1294 2710 1398 2745 Haec
1411 2720 1528 2762 usque
1541 2709 1591 2745 ad

123 2758 258 2792 audere
269 2756 364 2794 citat
373 2710 487 2794 {auli
502 2760 600 2794 Mon.
617 2760 735 2794 Germ.
751 2759 857 2812 nist„
871 2760 932 2794 SS.
944 2757 1061 2793 xxvii.
1074 2769 1111 2803 p.
1125 2758 1172 2799 46
1185 2756 1292 2802 quasi
1306 2755 1481 2792 Ioannis*
1471 2756 1591 2802 ipsius

125 2805 252 2841 essent
269 2804 389 2849 verba,
406 2817 503 2851 quae
519 2808 651 2842 tamen
666 2805 795 2842 omnia
813 2817 860 2843 ex
875 2805 1036 2852 Vegetio
1053 2805 1280 2851 deprompta
1295 2806 1399 2839 sunt.
1543 2812 1588 2847 27

125 2856 341 2888 memoratus
354 2858 502 2891 auctor:
528 2865 577 2890 sc.
595 2852 786 2900 Vegetius.
929 2854 975 2889 28
999 2854 1129 2888 inutile
1131 2864 1167 2887 m
1189 2855 1281 2888 ete.:
1307 2863 1339 2887 v.
1357 2851 1491 2897 Veget
1507 2849 1536 2886 i.
1554 2861 1587 2896 3

181 2922 264 2942 νη,
275 2922 295 2942 u
829 2923 854 2952 ο
1456 2926 1478 2959 9
