1988 3250
224 213 300 254 791
319 203 350 244 d
688 203 950 250 IOANNIS
990 205 1505 250 SARESBERIENSIS
1610 202 1727 265 [mn.
1741 217 1835 249 vm

367 323 490 367 uitae
519 326 787 384 tranquillus
817 330 864 371 et
891 329 1098 371 constans
1126 327 1236 371 adeo
1264 330 1318 371 ut
1351 327 1409 370 ab
1437 326 1633 371 infantia
1657 327 1835 371 uultum

368 407 448 437 nec
481 395 646 451 gaudio
679 411 759 440 nec
797 411 967 440 merore
1006 397 1261 448 mutauerit,
1291 397 1615 455 philosophiam
1654 397 1836 440 edoctus

216 472 301 511 792
320 472 351 501 a
369 461 516 506 Stoice
536 464 663 522 eique
682 465 870 517 deditus,
889 466 987 510 uita
1005 467 1174 523 pariter
1197 469 1243 510 et
1262 466 1510 510 eruditione
1536 466 1836 524 philosophus,

367 533 603 578 institutus
618 538 686 578 est
701 536 758 578 ad
773 536 1096 594 philosophiam
1116 551 1196 594 per
1207 536 1491 594 Apollonium
1507 535 1834 588 Calcedonium,

366 602 425 645 ad
453 603 684 648 scientiam
715 605 965 649 litterarum
996 606 1235 649 Grecarum
1265 620 1344 663 per
1373 605 1689 650 Cheronessem
1730 605 1833 648 Plu·
1855 618 1874 653 5

366 673 511 716 tarchi
556 678 773 732 nepotem,
803 676 986 719 Latinas
1015 678 1165 718 autem
1196 690 1296 718 eum
1328 675 1494 718 Fronto
1533 675 1834 718 nobilissimus

367 746 518 786 orator
544 743 694 787 docuit
721 749 767 787 et
793 760 873 802 pro
900 745 1175 802 quorundam
1197 745 1404 802 opinione
1431 744 1659 788 Plutarchi
1685 759 1834 802 nepos.

366 811 493 855 Inter
518 816 664 856 cetera
687 814 851 857 bellum
878 815 1016 870 gessit
1044 814 1161 870 quod
1185 829 1290 871 prae
1317 814 1626 871 magnitudine
1653 814 1834 858 Punicis

364 880 556 924 conferri
586 885 742 939 potest.
802 883 872 934 Et,
893 883 996 926 licet
1025 883 1300 926 orationibus
1328 882 1523 925 militum
1555 883 1830 926 Christiano-

365 964 477 1000 rum,
503 951 619 994 sicut
648 952 764 995 idem
795 953 1044 1010 Imperator
1073 952 1236 996 litteris
1266 953 1359 995 suis
1388 952 1553 996 dicitur
1582 955 1834 1005 attestatus,
1857 964 1898 990 10

366 1035 529 1078 magna
561 1021 676 1064 bella
709 1021 959 1073 confecerit,
993 1022 1146 1080 grauis
1186 1037 1337 1066 eorum
1377 1021 1546 1066 exarsit
1583 1023 1832 1079 persecutio

366 1090 586 1147 multique
625 1095 878 1135 sanctorum
928 1092 1130 1135 martirio
1169 1092 1367 1135 coronati
1407 1094 1526 1135 sunt.
1606 1091 1834 1136 Postremo

368 1158 503 1202 Lucio
530 1159 726 1204 Comodo
754 1161 847 1204 filio
874 1176 954 1204 suo
983 1162 1031 1204 in
1056 1176 1243 1219 regnum
1269 1164 1497 1218 assumpto
1527 1161 1575 1204 in
1605 1161 1836 1205 Pannonia

319 1230 348 1268 b
367 1229 637 1273 constitutus
677 1231 908 1288 repentino
953 1231 1107 1274 morbo
1146 1231 1329 1274 interiit.
1409 1230 1571 1274 Lucius
1611 1231 1835 1274 Antonius

367 1296 601 1349 Comodus,
633 1299 817 1356 quintus
856 1300 1052 1343 decimus
1090 1301 1147 1343 ab
1187 1301 1403 1358 Augusto,
1438 1315 1518 1358 per
1556 1301 1706 1344 omnia
1744 1315 1836 1344 cru-
1858 1309 1898 1345 15

367 1367 565 1411 delitatis
612 1368 816 1413 luxuriae
860 1373 906 1414 et
954 1370 1239 1413 obscenitatis
1289 1370 1502 1414 dedecora
1550 1369 1833 1427 deprauatus,

367 1437 646 1495 gladiatoriis
689 1453 862 1496 quoque
902 1441 1038 1484 armis
1077 1439 1329 1497 saepissime
1368 1439 1646 1497 depugnauit
1695 1444 1741 1484 et
1789 1440 1837 1484 in

368 1508 699 1565 amphitheatro
748 1507 855 1552 feris
902 1525 996 1553 sese
1045 1509 1302 1567 frequenter
1350 1509 1522 1552 obiecit.
1602 1509 1836 1554 Interfecit

369 1577 504 1620 etiam
529 1577 743 1634 plurimos
769 1582 1004 1630 senatores,
1026 1579 1219 1622 maxime
1247 1594 1356 1636 quos
1384 1578 1581 1622 aduertit
1600 1579 1836 1623 nobilitate

368 1646 674 1703 industriaque
687 1648 910 1691 excellere.
952 1649 1148 1706 Flagitia
1163 1648 1279 1706 regis
1295 1663 1408 1706 pena
1423 1648 1547 1691 urbis
1562 1648 1813 1705 insequitur
1825 1662 1836 1701 ;
1858 1661 1901 1686 ²0

368 1730 471 1758 nam
507 1715 695 1759 fulmine
729 1715 1000 1774 Capitolium
1041 1717 1190 1770 ictum,
1225 1732 1281 1760 ex
1316 1731 1403 1774 quo
1438 1716 1559 1760 facta
1592 1717 1837 1761 flammatio

370 1785 681 1829 bibliothecam
718 1785 839 1828 illam
872 1787 1087 1830 maiorum
1128 1801 1235 1830 cura
1273 1786 1507 1843 studioque
1546 1786 1836 1844 compositam

367 1854 556 1912 edesque
605 1854 716 1898 alias
765 1855 894 1899 iuxta
942 1856 1052 1899 sitas
1099 1856 1247 1913 rapaci
1297 1856 1477 1899 turbine
1525 1856 1836 1900 concremauit.

368 1923 531 1968 Fertur
566 1931 716 1968 tamen
746 1925 903 1968 beatus
938 1925 1175 1984 Gregorius
1205 1925 1517 1968 bibliothecam
1547 1925 1837 1970 combussisse

366 1994 591 2052 gentilem,
613 2008 700 2051 quo
727 1994 905 2038 diuinae
933 1995 1121 2053 paginae
1148 1995 1318 2053 gratior
1338 1997 1453 2038 esset
1472 1994 1592 2039 locus
1622 1997 1668 2038 et
1693 1995 1836 2039 maior
1858 2007 1900 2042 ²5

369 2129 391 2165 3
417 2122 546 2166 stoyce
564 2119 596 2155 A
753 2130 776 2165 4
800 2118 1063 2166 appollonium
1082 2118 1112 2154 B
1273 2127 1291 2165 5
1318 2118 1582 2155 chenoreesem
1600 2117 1640 2154 M
1798 2130 1840 2166 13

369 2167 567 2204 commodo
585 2166 653 2203 SM
766 2170 942 2213 asumpto
960 2167 984 2203 S
1132 2174 1171 2212 15
1199 2166 1416 2201 commodus
1434 2165 1459 2202 S
1595 2167 1636 2202 16
1660 2166 1840 2204 dedecore

370 2214 403 2250 A
539 2217 579 2251 18
603 2213 863 2261 amphiteatro
880 2213 939 2250 AS
1071 2223 1115 2250 22
1141 2212 1384 2250 bibliotecam
1404 2213 1483 2250 AS:
1508 2212 1781 2251 bibliotecham
1800 2214 1840 2251 M

370 2272 417 2308 24
441 2261 670 2299 comba-isse
690 2262 727 2298 M

422 2382 439 2419 5
469 2374 737 2410 Cher-oneum:
767 2373 1047 2409 Chaeronensem
1065 2369 1245 2417 Eutrop.;
1271 2382 1319 2407 sc.
1339 2369 1506 2407 Sextum.
1675 2379 1696 2416 7
1722 2377 1754 2408 et
1767 2384 1838 2419 pro

441 2422 599 2456 randum
629 2421 798 2467 opinione
824 2420 1012 2455 Plutarchi
1045 2430 1175 2464 nepos:
1212 2418 1265 2454 De
1299 2418 1357 2454 his
1389 2417 1523 2461 verbis,
1553 2429 1649 2464 quae
1683 2430 1759 2456 non
1791 2431 1839 2457 ex

405 2467 555 2514 utropio
572 2467 702 2505 denum
733 2470 774 2503 ta
790 2469 890 2510 sunt,
907 2478 940 2504 v.
954 2478 1069 2513 supra
1085 2466 1144 2502 ad.
1163 2478 1194 2502 c.
1217 2476 1256 2510 ¹3
1277 2466 1362 2511 (764
1377 2468 1431 2510 B).
1527 2476 1550 2512 9
1574 2467 1632 2509 Et,
1651 2467 1731 2502 licet
1745 2468 1839 2504 etc.:

369 2526 402 2555 ς.
421 2515 524 2551 Oros.
542 2514 604 2551 vii.
628 2524 667 2561 15
689 2514 720 2561 ξ,
750 2526 883 2561 4neqq.
1047 2524 1088 2557 ¹4
1115 2515 1249 2549 Lucius
1265 2515 1360 2550 etc.:
1386 2525 1417 2549 v.
1436 2512 1540 2549 Oros.
1559 2512 1621 2549 vii.
1645 2514 1686 2550 16
1702 2512 1742 2562 ἕξ
1763 2524 1840 2560 1-3.

367 2564 572 2599 Antoniae:
596 2562 664 2598 i.e.
684 2564 903 2599 Antoninus.
1006 2570 1051 2605 24
1079 2562 1213 2596 Fertur
1228 2563 1323 2596 etc.:
1353 2560 1454 2597 Haec
1473 2572 1590 2606 usque
1608 2561 1655 2597 ad
1672 2563 1840 2598 accidisse

370 2609 489 2646 minio
516 2609 663 2646 notavit
688 2609 871 2646 parkerus
890 2608 930 2645 in
954 2607 1034 2645 cod.
1055 2607 1092 2644 C.
1124 2609 1255 2643 Fertur
1278 2614 1399 2644 tamen
1423 2611 1517 2645 etc.:
1543 2608 1590 2644 cf.
1619 2620 1732 2655 supra
1750 2608 1775 2644 i.
1794 2610 1841 2646 26

371 2658 527 2702 (461Α).
592 2657 684 2700 Hoc,
718 2659 760 2693 ut
793 2656 868 2693 iam
895 2655 1041 2692 dictum
1070 2658 1137 2697 ent,
1169 2654 1312 2702 primus
1342 2655 1568 2701 scriptorum
1594 2654 1699 2692 cuius
1726 2666 1842 2702 opera

370 2704 492 2741 odhuc
514 2706 665 2742 exstant
686 2706 816 2740 narrat
844 2702 1003 2740 loannes
1026 2705 1166 2740 noster.
1216 2703 1271 2738 Cf.
1297 2701 1471 2748 Gregorii
1497 2701 1612 2749 ipsius
1638 2702 1840 2749 epistolam

371 2751 606 2789 noti-nimam
625 2751 673 2787 xi.
694 2761 734 2805 5⁴
749 2750 897 2798 (Migne
912 2752 952 2787 P.
965 2752 1009 2787 L.
1023 2749 1150 2786 lxxvii.
1168 2759 1265 2794 1171,
1284 2760 1393 2794 ¹¹72?
1420 2750 1470 2786 xi.
1487 2760 1531 2795 34
1547 2751 1595 2785 Μ.
1610 2751 1652 2786 G.
1664 2752 1724 2793 H..
1741 2752 1840 2797 Epp.

370 2798 411 2884 zi.
432 2799 597 2883 30331ubi
623 2798 859 2883 Dindmuin
881 2810 901 2835 ο
934 2797 1101 2882 incoputm
1128 2797 1396 2881 yiennertisem,
1421 2796 1511 2844 quia
1537 2809 1624 2835 eum
1649 2809 1841 2845 gramma·

390 2857 487 2884 icam
533 2858 641 2884 ocero
676 2857 762 2884 amn.
778 2858 816 2883 e·
837 2874 847 2892 ,
865 2857 907 2883 ve
939 2856 1048 2883 emen
1072 2856 1111 2882 er
1128 2856 1281 2891 increpa
1302 2872 1309 2881 .

483 2925 549 2961 2⁷0
