1988 3250
196 203 294 236 oar.
311 191 432 248 xvn]
704 188 1145 240 POLICRATICVS
1320 194 1330 196 ”
1674 191 1754 242 '783
1773 193 1802 231 b

194 325 251 354 ex
270 309 569 368 superioribus
588 308 741 366 liquet,
765 310 812 351 et
830 311 924 351 tam
944 309 1165 357 institutis
1188 309 1336 368 legum
1362 325 1495 367 quam
1520 311 1657 354 histo-¹

193 377 360 421 riarum
400 377 613 435 exemplis
646 377 792 420 seculo
826 380 978 426 nostno
1011 377 1221 431 innotuit,
1256 382 1302 421 et
1336 380 1454 435 quod
1488 380 1574 423 nisi
1610 381 1657 423 in

192 461 325 491 causa
344 446 554 490 esculenti
579 449 624 490 et
643 446 865 504 poculenti
885 446 1021 494 iudici
1046 461 1074 489 a
1092 447 1439 503 prouincialibus
1462 450 1657 506 accipere

191 530 282 559 non
307 516 478 567 licebat,
504 515 570 558 ita
595 517 746 558 tamen
775 518 827 558 ut
856 517 1035 572 accepta
1065 530 1344 572 nequaquam
1374 517 1580 560 cederent
1609 518 1656 560 in

154 603 173 637 5
192 585 387 628 muneris
406 585 634 628 rationem.
695 583 806 637 Quis
826 598 930 649 ergo
957 583 1107 627 credet
1131 584 1247 640 quod
1273 588 1422 641 patres
1442 586 1658 637 ecclesiae,

190 654 356 698 iudices
394 654 513 697 orbis
544 656 600 704 et,
631 656 685 696 ut
722 653 788 696 ita
826 652 983 705 dicam,
1017 653 1260 696 clarissima
1294 653 1465 697 lumina
1503 656 1657 698 mundi

190 723 381 781 diligant
411 738 606 774 munera,
639 724 884 780 sequantur
917 722 1244 775 retributiones,
1276 723 1527 780 prouincias
1556 739 1656 767 con·

190 792 364 836 cutiant
387 794 439 835 ut
459 791 698 842 excutiant,
719 791 883 844 loculos
907 791 1168 835 exinaniant
1194 792 1362 835 alienos
1389 796 1441 835 ut
1467 793 1658 836 solident

192 876 306 915 suos,
353 861 501 905 uerbis
549 861 804 918 praedicent
848 864 1156 918 paupertatem
1203 865 1249 905 et
1292 862 1552 905 criminibus
1600 863 1656 905 ad

135 950 177 976 ιο
192 930 375 974 diuitias
404 934 652 988 properent,
682 930 897 979 bonorum
931 930 1231 988 spiritualium
1263 931 1508 988 dampnent
1541 947 1655 975 com·
1675 947 1701 977 c

191 1000 353 1043 mercia
381 1006 434 1043 ut
463 1014 562 1043 cum
593 999 656 1043 eis
683 998 922 1047 dumtaxat
952 999 999 1042 in
1030 999 1195 1043 talibus
1224 1001 1484 1044 contrahere
1515 1001 1658 1053 liceat,

190 1069 238 1112 id
258 1072 439 1127 agentes
458 1071 510 1112 ut
530 1068 734 1119 omnibus
748 1068 840 1112 sint
855 1068 1026 1119 terrori,
1038 1072 1246 1112 amentur
1265 1084 1293 1112 a
1312 1070 1445 1120 nullo,
1462 1069 1657 1126 quietem

191 1138 377 1182 doceant
404 1141 457 1181 ut
484 1137 653 1186 faciant
682 1138 815 1189 rixas,
835 1138 1135 1181 humilitatem
1163 1138 1362 1182 indicant
1382 1143 1427 1182 et
1447 1139 1659 1182 simulent

191 1211 244 1251 ut
274 1207 510 1250 uendicent
541 1206 720 1260 fastum,
746 1207 934 1250 alienam
966 1208 1194 1266 pulsantes
1223 1212 1269 1252 et
1298 1224 1424 1252 suam
1455 1210 1659 1252 fouentes

133 1294 174 1329 ιε,
191 1277 440 1328 auaritiam,
468 1276 687 1325 distantes
718 1276 984 1334 largitatem,
1014 1278 1245 1321 tenacitati
1283 1279 1561 1331 insistentes3
1602 1284 1661 1330 et,

190 1348 243 1389 ut
271 1346 423 1403 paucis
451 1345 534 1394 loci
561 1346 694 1389 huius
720 1345 963 1390 amfractus
987 1350 1034 1390 et
1060 1347 1289 1391 uolumina
1317 1349 1512 1406 spatiom
1540 1363 1655 1392 com·

189 1415 367 1473 plectar,
404 1430 505 1465 oum
549 1415 772 1459 sceleratis
818 1419 864 1459 et
908 1416 1140 1473 flagitiosis
1189 1417 1395 1461 omnibus
1443 1422 1657 1475 ponentes

188 1484 435 1542 portionem
461 1488 542 1528 aut
567 1485 738 1542 flagitia
764 1486 1051 1529 uendicantes
1078 1486 1124 1529 in
1151 1487 1353 1538 solidum,
1373 1490 1426 1531 ut
1449 1488 1658 1531 uideatur

188 1554 422 1603 concilium
461 1554 688 1606 uanitatiS,
727 1555 883 1612 iniqua
920 1556 1170 1614 gerentium
1212 1557 1437 1615 sinagoga,
1477 1558 1657 1601 ecclesia

132 1639 173 1664 ao
189 1623 542 1682 malignantium,
582 1625 630 1667 in
675 1639 863 1682 quorum
906 1626 1112 1669 manibus
1159 1627 1419 1684 iniquitates
1462 1631 1568 1671 sunt
1612 1633 1657 1672 et

182 1694 372 1743 dextera
398 1709 547 1738 eorum
575 1694 744 1752 repleta
769 1698 838 1738 est
864 1696 1152 1740 muneribus?
1210 1697 1342 1740 Absit
1363 1701 1415 1740 ut
1435 1697 1516 1741 hoc
1537 1698 1655 1755 quis-

189 1777 322 1820 quam
355 1763 518 1807 audeat
550 1763 790 1821 suspicari;
838 1779 894 1807 ne
925 1764 1056 1808 cadat
1090 1765 1137 1807 in
1169 1780 1435 1823 quemquam
1475 1769 1654 1810 tantum

186 1832 328 1876 scelus
347 1835 399 1875 ut
417 1847 466 1876 os
486 1847 615 1876 suum
635 1836 772 1890 ponat
792 1834 838 1876 in
859 1834 1001 1877 celum
1022 1838 1068 1877 et
1087 1838 1266 1891 patrum
1291 1850 1404 1892 quae
1430 1850 1519 1879 non
1546 1840 1653 1880 sunt
1669 1842 1698 1884 d

189 1900 382 1944 uidenda
425 1901 630 1946 denudet.
698 1902 860 1946 Omnia
907 1918 1059 1946 eorum
1098 1904 1200 1947 alba
1239 1908 1346 1948 sunt
1394 1909 1440 1948 et
1485 1906 1654 1956 decora,

130 1981 172 2016 ⁸⁵
190 1970 327 2014 nichil
361 1970 409 2013 in
443 1971 507 2014 eis
540 1974 608 2015 est
638 1972 756 2029 quod
785 1973 943 2016 canino
972 1973 1138 2016 morsui
1168 1978 1321 2031 pateat
1349 1978 1430 2018 aut
1458 1990 1655 2026 sannam,

190 2042 244 2082 ut
277 2039 481 2083 satiricus
519 2040 595 2091 ait,
630 2042 843 2098 posticam
878 2046 1099 2086 uereatur.
1160 2044 1209 2087 Si
1245 2035 1395 2087 tamen
1434 2045 1654 2102 quispiam

189 2108 271 2152 hoc
297 2110 649 2167 praesumpserit,
677 2110 717 2154 ei
747 2125 836 2154 uno
863 2112 1137 2156 ualidissimo
1161 2114 1500 2170 respondebitur
1522 2129 1654 2171 argu-

193 2232 223 2265 1,
242 2233 262 2258 2
288 2221 541 2269 hystoriarum
559 2223 599 2258 M
719 2234 764 2261 10
786 2224 966 2262 damnent
982 2226 1043 2262 ΟΒ
1160 2228 1202 2264 16
1227 2227 1420 2264 anfractus
1437 2227 1497 2264 AS
1613 2239 1655 2274 19

183 2275 268 2316 post
282 2269 493 2316 gerentium
510 2272 594 2307 add.
611 2270 651 2307 in
668 2271 804 2308 CBAM
972 2285 1184 2322 synagogas
1202 2274 1240 2310 M
1418 2286 1464 2321 24
1487 2275 1655 2313 uidenda

189 2319 319 2363 eor-ipen·
333 2330 341 2353 ε
366 2317 545 2363 pudenda
561 2317 723 2355 CBASM
866 2321 923 2367 26,
941 2331 984 2366 27
1012 2322 1083 2358 hoc
1101 2321 1290 2368 quispiam
1307 2322 1353 2358 Αι

239 2426 254 2452 1
284 2427 329 2451 ex
343 2418 610 2462 superioribus:
637 2430 668 2454 v.
680 2430 794 2465 supra
807 2431 838 2456 v.
857 2420 910 2456 16.
1036 2431 1068 2463 2,
1083 2430 1103 2466 3
1129 2422 1206 2457 niet·
1217 2423 1257 2456 in
1275 2434 1384 2457 causa
1401 2424 1473 2459 etc.
1488 2435 1496 2458 :
1521 2435 1554 2459 v.
1571 2424 1654 2468 Diy.

187 2461 215 2500 i.
235 2463 288 2499 18.
311 2464 363 2499 18.
429 2464 452 2500 6
469 2466 670 2502 clarissima
685 2468 827 2502 lumina
844 2469 993 2503 mundi:
1018 2479 1051 2503 v.
1065 2467 1178 2515 Verg.
1199 2470 1323 2514 Geory.
1340 2469 1364 2505 i.
1385 2479 1415 2516 5,
1433 2471 1467 2506 6.
1535 2480 1555 2515 7
1573 2473 1654 2506 dili-

187 2515 276 2556 9ant
291 2512 361 2546 etc.
380 2523 388 2546 :
413 2522 448 2546 v.
466 2511 535 2548 Isa.
555 2511 578 2547 i.
599 2522 655 2558 23.
741 2523 781 2558 17
807 2527 888 2550 cum
903 2516 1084 2550 sceleratis
1100 2518 1197 2553 etc.:
1224 2529 1258 2553 v.
1278 2516 1336 2552 Ps.
1355 2516 1445 2552 xlix.
1467 2519 1520 2554 18.
1611 2528 1653 2564 19

187 2559 378 2593 concilium
393 2560 591 2595 uanitatie:
615 2571 647 2596 v.
665 2559 722 2596 Ps.
739 2571 821 2597 xxv.
836 2572 871 2606 4.
1030 2564 1159 2609 iniqua
1175 2566 1377 2608 yerentium
1395 2567 1568 2611 sinayoya
1584 2578 1593 2601 :
1619 2578 1651 2602 v.

187 2603 296 2640 Eccli
311 2604 387 2640 xxi.
410 2615 472 2647 103
497 2605 638 2644 Graece
654 2609 834 2655 συναγωγὴ
850 2610 992 2652 ἀνόμων,
1011 2621 1109 2655 quae
1127 2611 1240 2647 verba.
1254 2612 1314 2657 (ut
1330 2612 1447 2647 etiam
1466 2616 1650 2660 συναγωγὴ

187 2653 396 2698 ἁμαρτωλῶν
426 2652 498 2689 xvi.
531 2656 567 2698 7)
606 2653 718 2691 vertit
759 2655 940 2702 Vulgatus
980 2657 1165 2703 interpres
1195 2670 1376 2704 synaqoya
1409 2662 1649 2705 peccantium.

190 2709 245 2745 19,
270 2709 316 2734 2ο
339 2700 482 2735 ecclesia
505 2701 804 2746 malignantium:
828 2714 860 2739 v.
878 2703 934 2740 Ps.
954 2716 1037 2740 xxv.
1057 2714 1088 2750 5.
1233 2716 1281 2742 2ο
1312 2708 1352 2742 in
1375 2719 1527 2753 quorum
1553 2710 1649 2744 etc.:

187 2757 219 2782 v.
240 2745 296 2782 ΡΒ.
313 2757 396 2782 xxv.
420 2757 473 2783 10.
586 2757 631 2784 22
657 2751 762 2785 cadat
778 2752 871 2787 etc.:
898 2763 930 2787 v.
948 2751 1059 2798 Verg.
1077 2753 1156 2788 E'cl.
1173 2751 1225 2788 ix.
1247 2762 1300 2796 17.
1411 2763 1456 2799 23
1486 2766 1525 2790 os
1545 2767 1652 2790 suum

187 2794 283 2830 etc.:
316 2804 348 2829 v.
379 2793 435 2829 Ps.
453 2793 561 2830 lxxii.
579 2805 611 2841 9.
723 2802 875 2843 patrum
892 2800 989 2836 etc.:
1015 2811 1048 2836 v.
1066 2797 1157 2836 Gen.
1176 2798 1226 2836 ix.
1245 2809 1302 2846 23.
1423 2810 1469 2848 25
1495 2814 1653 2837 sannam

187 2841 282 2878 etc.:
308 2852 340 2877 v.
358 2840 459 2878 Pers.
474 2843 547 2879 Sat.
565 2841 591 2880 i.
608 2843 664 2879 62.

1480 2912 1543 2946 ³5⁵
