1988 3250
0 2768 26 2934 Ξ-

0 2926 41 3011 Ξ

0 3007 36 3071 <51

0 3092 14 3127 v'2
24 3079 38 3132 ᾖς

0 2997 9 3026 ἰ

149 245 252 283 oar.
266 232 340 294 ιν]
670 223 1110 277 POLICRATICVS
1195 278 1199 283 ,
1637 229 1725 281 596
1744 239 1775 269 a

151 355 324 400 eminus
361 353 528 397 leditur
565 354 646 396 aut
684 354 890 402 terretur,
926 354 972 395 et
1012 351 1224 395 exercitio
1259 365 1411 394 eorum
1445 350 1622 395 lacertis

149 424 287 468 robur
311 422 520 467 accrescit
546 425 592 466 et
618 421 840 466 iaculandi
865 420 1029 478 peritia
1058 423 1194 476 atque
1222 434 1330 463 usus
1357 420 1622 477 adquiritur.

153 493 251 537 Hoc
276 495 427 536 autem
450 491 569 535 tanti
594 490 796 535 exercitii
823 489 1002 533 assidua
1026 489 1260 532 meditatio
1286 488 1543 532 conferebat
1569 491 1623 532 ut

150 563 199 607 in
220 562 418 607 tumultu
437 561 594 605 bellico
613 560 787 604 utiliter
805 562 1092 603 uersarentur
1111 558 1324 616 intrepidi
1344 558 1421 615 qui
1448 558 1496 600 in
1515 572 1623 616 pace
1640 561 1670 600 b

113 649 133 684 5
152 632 333 677 fuerant
351 634 445 675 tam
466 630 663 674 studiose
681 629 902 673 instructi.

211 702 348 746 Filias
367 715 541 759 quoque
565 699 731 758 legitur
756 698 987 757 praefatus
1006 697 1240 755 Augustus
1266 696 1328 740 sic
1357 696 1405 739 in
1432 695 1625 740 lanificio

152 770 308 815 fecisse
336 769 514 814 institui
542 772 607 821 ut,
635 769 673 812 si
703 771 881 826 praeter
909 782 1032 825 spem
1062 782 1136 810 eas
1165 767 1213 810 in
1242 770 1487 810 extremam
1517 781 1625 823 pau-

151 843 372 899 pertatem
403 839 587 884 fortuna
615 838 881 896 proiecisset,
910 838 1052 881 uitam
1083 840 1264 895 possent
1297 840 1394 880 arte
1424 836 1627 880 deductis

153 909 443 954 facultatibus
482 909 702 952 exhibere.
774 907 893 951 Nam
933 911 979 951 et
1017 906 1164 957 nendi,
1198 906 1380 950 texendi
1416 909 1462 949 et
1496 920 1625 949 acum

96 996 138 1022 xo
153 979 387 1023 exercendi
410 982 643 1036 uestesque
670 977 894 1021 formandi
920 977 1117 1035 fingendi
1144 979 1191 1020 et
1216 975 1506 1034 componendi
1535 989 1626 1018 non

153 1048 284 1092 modo
303 1051 445 1092 artem
465 1048 542 1092 sed
562 1063 692 1091 usum
717 1047 942 1090 habebant
962 1050 1007 1091 et
1026 1046 1401 1090 consuetudinem.
1460 1045 1627 1102 Vtique

154 1118 231 1176 qui
251 1118 344 1162 otia
363 1132 453 1161 non
473 1117 735 1175 indulgebat
754 1116 1016 1174 uirginibus,
1037 1130 1317 1173 nequaquam
1338 1114 1628 1172 pemittth

154 1187 320 1231 milites
353 1187 500 1240 otiari,
531 1202 719 1244 quorum
748 1186 964 1244 professio
994 1186 1205 1229 instituta
1234 1189 1303 1229 est
1331 1185 1389 1228 ad
1418 1184 1626 1228 laborem.

155 1256 251 1301 Nec
289 1257 420 1301 credo
453 1271 554 1300 eum
590 1257 645 1300 de
679 1257 870 1300 molliori
909 1256 1068 1299 habitu
1107 1256 1302 1299 militum
1340 1254 1535 1313 gloriari,
1569 1254 1628 1298 ad

97 1341 138 1377 ¹⁵
157 1341 289 1384 quem
323 1327 411 1370 nisi
441 1326 652 1370 seueriori
687 1326 819 1370 uultu
858 1328 904 1370 et
942 1326 1185 1370 honestiori
1224 1325 1384 1369 habitu
1423 1324 1628 1369 accedere

157 1396 251 1440 filia
279 1411 369 1440 non
397 1396 602 1440 audebat.

215 1465 420 1509 Lucanus
456 1466 579 1509 breui
615 1465 806 1523 quodam
841 1465 1075 1523 praeconio
1104 1464 1320 1509 Catonem
1349 1464 1630 1508 commendat

157 1538 204 1579 et
244 1535 452 1579 militiam
500 1535 800 1579 Romanorum
849 1534 1043 1578 adiciens
1080 1534 1200 1578 inter
1237 1537 1385 1579 cetera
1430 1534 1549 1591 quod
1588 1533 1629 1577 ei
1647 1543 1673 1574 c

156 1605 315 1650 uestiri
342 1604 493 1649 fuerat
520 1605 711 1664 pretiose

99 1700 144 1726 πο
352 1686 519 1730 hirtam
547 1687 747 1730 membra
774 1701 908 1744 super
935 1686 1125 1730 Romani
1154 1701 1275 1730 more
1305 1685 1496 1740 Quiritis

188 1769 194 1780 ι
351 1745 580 1788 induxisse
608 1748 771 1803 togam.

158 1825 290 1879 Quod
328 1825 528 1883 profecto
569 1840 658 1869 non
697 1826 875 1877 diceret,
903 1825 990 1868 nisi
1029 1825 1222 1868 durioris
1263 1827 1394 1882 togae
1433 1839 1541 1868 usus
1574 1824 1630 1867 de

159 1894 387 1948 Quiritum
407 1895 724 1939 consuetudine
751 1895 1043 1952 processisset.
1103 1894 1192 1938 Sed
1222 1895 1353 1938 modo
1382 1895 1459 1952 qui
1489 1895 1632 1938 molli-
1664 1901 1676 1911 ⁴

160 1963 245 2007 bus
274 1964 541 2015 uestiuntur,
561 1964 608 2007 in
629 1965 833 2008 domibus
859 1979 1014 2023 regum
1035 1967 1153 2015 sunt,
1172 1964 1309 2007 immo
1329 1964 1376 2007 in
1395 1965 1565 2015 castris,
1586 1968 1632 2008 et

101 2044 144 2080 ²5
162 2033 225 2077 sic
245 2033 303 2076 ad
329 2033 446 2077 bella
467 2034 712 2091 procedunt
741 2034 868 2091 quasi
892 2034 950 2077 ad
980 2034 1162 2092 nuptias
1190 2034 1397 2078 dealbati.
1458 2035 1635 2092 Magnis

161 2103 373 2160 antiquae
406 2103 594 2147 militiae
628 2104 875 2162 priuilegiis
909 2118 956 2147 se
990 2107 1177 2147 tuentur
1205 2118 1339 2160 quam
1375 2104 1423 2146 in
1453 2118 1505 2147 eo
1535 2104 1633 2146 imi-

160 2175 319 2217 tantur
356 2173 598 2231 plurimum
639 2174 756 2231 quod
798 2174 898 2217 iura
936 2174 1157 2231 ignorant.
1233 2174 1292 2217 Et
1331 2174 1414 2217 hoc
1452 2174 1632 2231 quidem

161 2242 391 2286 tolerabile
415 2246 541 2294 esset,
561 2243 647 2286 nisi
671 2259 809 2301 aeque
833 2244 1010 2287 diuinas
1036 2248 1081 2287 et
1107 2244 1325 2287 humanas
1351 2248 1633 2302 contempne-

162 2314 264 2355 rent
294 2311 425 2370 leges,
459 2315 512 2356 ut
545 2312 658 2356 uelis
692 2313 807 2356 nolis
841 2313 1070 2357 satiricum
1110 2313 1222 2356 illud
1257 2313 1341 2356 tibi
1377 2313 1635 2370 frequenter

103 2398 148 2433 30
163 2384 388 2425 occurrat:

263 2462 577 2506 ‘Dinomaches
607 2477 688 2520 ego
717 2463 834 2506 sum’
864 2464 1008 2516 suffia;
1048 2463 1176 2506 ‘Sum
1206 2463 1447 2507 candidus?
1507 2464 1633 2517 Esto;
1652 2469 1682 2510 d

277 2520 383 2562 dum
414 2535 502 2562 non
533 2521 727 2563 deterius
757 2522 904 2579 sapiat
932 2522 1155 2579 pannucia
1185 2522 1357 2572 Baucis,

278 2592 378 2621 cum
408 2578 519 2621 bene
548 2578 762 2623 discincto
790 2580 1040 2623 cantauerit
1069 2580 1212 2623 ozima
1241 2595 1418 2624 uernae.

166 2676 209 2711 17
234 2668 474 2705 commendat
491 2671 666 2705 catonem
683 2668 724 2704 M
867 2680 915 2706 20
937 2668 1096 2716 hirtam]
1114 2669 1264 2707 hircani
1278 2669 1318 2706 M
1462 2680 1504 2716 31
1532 2669 1637 2706 dino-

164 2715 317 2752 moches
333 2715 373 2751 M
517 2727 560 2762 32
586 2715 731 2752 blancis
749 2715 840 2752 C¹B¹

216 2806 231 2833 1
259 2799 426 2833 exercitio
442 2799 536 2834 etc.:
561 2797 695 2844 Veget.
709 2797 734 2834 i.
750 2807 794 2842 14
810 2798 858 2834 ad
875 2798 939 2834 fin.
1002 2799 1025 2835 6
1049 2800 1170 2835 Filias
1186 2800 1256 2835 etc.
1272 2810 1281 2834 :
1306 2811 1336 2835 v.
1354 2798 1455 2835 Suet.
1467 2799 1561 2844 Auq.
1575 2799 1634 2842 64.

165 2852 215 2880 20
237 2844 371 2879 hirtam
388 2846 483 2881 etc.:
508 2844 599 2882 Luc.
617 2846 748 2881 Phara.
766 2845 806 2881 ii.
825 2847 906 2891 386,
918 2846 998 2890 387.
1143 2856 1201 2891 23,
1219 2856 1264 2890 24
1280 2848 1344 2892 qui
1361 2846 1526 2882 mollibus
1542 2848 1636 2882 etc:

167 2901 202 2928 v.
218 2889 310 2927 Luc,
326 2890 388 2928 vii.
407 2901 465 2937 25.
609 2903 651 2938 31
680 2894 918 2929 Dinomaches
935 2895 1029 2930 etc.:
1055 2892 1154 2930 Pers.
1172 2895 1248 2930 Sat.
1266 2893 1312 2928 iv.
1331 2903 1462 2929 20-22.

1484 2955 1523 2988 ιε
