1988 3250
273 226 367 274 696
387 225 417 264 <1
759 224 1020 269 IOANNIS
1059 223 1572 268 SARESBERIENSIS
1703 220 1814 282 [ΜΒ.
1830 232 1900 266 v11

430 349 690 403 receperunt
727 346 971 390 mercedem
1011 360 1151 389 suam.
1208 345 1276 388 De
1315 345 1385 387 his
1417 345 1534 388 enim
1569 345 1646 402 qui
1682 344 1818 388 uerbo
1853 347 1899 387 et

430 416 589 459 habitu
618 419 748 459 tenus
771 417 991 459 honorant
1017 415 1259 458 Dominum
1286 428 1342 456 ex
1370 414 1591 457 sententia
1610 414 1704 457 eius
1723 416 1898 457 constat

431 485 640 541 quoniam
671 486 764 542 ipse
799 485 1033 542 elongatur
1068 485 1125 527 ab
1155 484 1218 527 eis
1248 498 1299 526 eo
1329 483 1446 540 quod
1475 497 1550 527 cor
1578 498 1730 526 eorum
1759 483 1817 526 ab
1847 497 1898 526 eo

429 554 683 612 elongatum
712 558 789 606 est,
810 555 887 598 sed
912 558 957 597 et
983 554 1080 611 ipsa
1104 568 1237 610 opera
1264 567 1416 595 eorum
1437 552 1716 610 dispendium
1740 552 1898 595 salutis

428 623 622 667 afferunt
655 627 701 667 et
741 624 1074 667 Babiloniorum
1109 622 1299 680 principi
1339 621 1563 665 Sathanae
1599 622 1898 674 famulantum
1917 635 1935 669 5

428 695 578 736 omnia
607 694 725 736 enim
755 708 868 750 quae
897 693 1207 736 ostentationis
1236 692 1384 749 gratia
1414 691 1530 734 fiunt
1559 692 1899 749 proficiscuntur

277 765 365 814 697
384 774 414 803 a
429 762 477 805 in
497 767 696 806 mortem.
756 763 927 820 Regum
948 765 1103 805 narrat
1123 762 1310 805 historia
1329 761 1459 818 quod,
1471 776 1571 804 cum
1586 761 1794 804 Ezechias
1814 775 1897 803 rex

427 832 669 876 Ierusalem
708 847 787 890 per
818 847 1000 875 manum
1035 832 1196 874 Ysaiae
1226 831 1308 873 filii
1342 831 1479 873 Amos
1517 830 1695 887 signum
1730 830 1897 873 incolu-

425 902 598 944 mitatis
640 905 686 944 et
731 902 888 945 salutis
929 917 957 944 a
988 901 1181 944 Domino
1228 899 1477 957 accepisset,
1511 900 1670 942 umbra
1710 899 1895 957 orologii

424 974 667 1014 retrorsum
696 971 877 1014 cedente
911 971 1060 1014 decem
1090 970 1303 1028 gradibus
1337 969 1470 1026 (quod
1499 972 1687 1012 naturae
1716 969 1897 1012 uidetur
1917 983 1958 1007 10

425 1041 673 1091 aduersum,
697 1056 796 1084 cum
827 1041 986 1083 umbra
1014 1040 1247 1097 procedere
1277 1039 1428 1090 soleat,
1453 1054 1542 1082 non
1573 1037 1745 1096 redire),
1771 1038 1896 1082 misit

426 1110 655 1153 Barodach
662 1110 887 1160 Baladam,
902 1110 1020 1152 filius
1033 1109 1259 1160 Baladam,
1272 1124 1352 1152 rex
1365 1109 1709 1160 Babiloniorum‚
1722 1109 1896 1152 litteras

425 1183 471 1222 et
500 1194 685 1223 munera
714 1180 772 1222 ad
809 1180 1064 1231 Ezechiam;
1108 1179 1311 1222 audierat
1345 1179 1464 1221 enim
1499 1179 1616 1235 quod
1651 1181 1896 1236 egrotasset

424 1249 644 1292 Ezechias.
704 1249 888 1292 Letatus
918 1252 986 1292 est
1015 1252 1164 1291 autem
1195 1249 1242 1290 in
1272 1248 1470 1291 aduentu
1500 1263 1651 1291 eorum
1684 1248 1894 1291 Ezechias

423 1321 470 1361 et
489 1318 683 1362 ostendit
704 1319 767 1361 eis
787 1319 966 1361 domum
993 1321 1241 1361 aromatum
1269 1320 1315 1360 et
1341 1332 1500 1360 aurum
1520 1320 1565 1360 et
1585 1320 1820 1374 argentum
1847 1320 1894 1360 et
1914 1332 1954 1366 15

424 1388 654 1445 pigmenta
698 1388 836 1438 uaria,
871 1391 1101 1445 unguenta
1144 1401 1318 1444 quoque
1362 1390 1407 1429 et
1456 1386 1636 1430 domum
1682 1401 1892 1430 uasorum

424 1471 605 1500 suorum
635 1460 686 1500 et
717 1458 866 1500 omnia
899 1472 1011 1514 quae
1046 1458 1208 1500 habere
1242 1459 1419 1513 poterat
1449 1457 1497 1498 in
1530 1456 1753 1499 thesauris
1788 1457 1893 1500 suis.

424 1526 529 1570 Non
559 1526 649 1570 fuit
678 1527 913 1584 quicquam
941 1527 1058 1583 quod
1089 1541 1178 1569 non
1208 1528 1476 1569 monstraret
1508 1526 1570 1568 eis
1602 1525 1811 1569 Ezechias
1845 1526 1894 1569 in

423 1596 553 1639 domo
582 1611 664 1639 sua
693 1599 739 1639 et
768 1599 816 1639 in
845 1597 965 1639 omni
994 1598 1214 1653 potestate
1243 1610 1334 1638 sua.
1394 1595 1530 1638 Venit
1558 1598 1708 1638 autem
1732 1595 1892 1638 Ysaias

422 1666 640 1723 propheta
659 1666 716 1708 ad
737 1681 883 1723 regem
909 1669 955 1709 et
974 1666 1091 1709 dixit
1111 1666 1176 1709 ei:
1209 1665 1328 1718 Quid
1355 1664 1567 1707 dixerunt
1594 1665 1681 1707 uiri
1710 1665 1786 1707 isti
1810 1667 1890 1708 aut
1911 1682 1955 1706 ιο

377 1743 406 1783 b
424 1735 541 1777 unde
572 1739 792 1778 uenerunt
825 1735 883 1778 ad
916 1737 991 1779 te?
1051 1733 1135 1778 Cui
1167 1734 1232 1777 ait
1261 1748 1363 1776 rex:
1405 1733 1473 1776 De
1501 1737 1621 1776 terra
1650 1733 1893 1791 longinqua

422 1807 653 1855 uenerunt,
682 1804 737 1847 de
767 1804 992 1847 Babilone.
1053 1804 1116 1847 At
1145 1804 1220 1846 ille
1249 1803 1501 1860 respondit:
1531 1803 1650 1856 Quid
1680 1803 1892 1847 uiderunt

420 1873 468 1916 in
498 1874 628 1917 domo
657 1875 766 1918 tua?
826 1874 906 1916 Ait
937 1874 1167 1916 Ezechias:
1208 1872 1371 1916 Omnia
1401 1887 1513 1929 quae
1543 1875 1649 1915 sunt
1683 1872 1730 1914 in
1761 1872 1892 1916 domo

421 1957 520 1986 mea
550 1943 783 1995 uiderunt;
827 1943 963 1986 nichil
996 1946 1063 1986 est
1098 1942 1215 1999 quod
1250 1956 1339 1984 non
1375 1941 1711 1984 monstrauerim
1749 1941 1812 1985 eis
1842 1942 1890 1986 in

421 2013 642 2055 thesauris
671 2012 790 2055 meis.
850 2012 980 2055 Dixit
1010 2012 1160 2068 itaque
1190 2011 1349 2054 Ysaias
1379 2011 1613 2054 Ezechiae:
1642 2011 1762 2054 Audi
1797 2026 1888 2055 ser·
1910 2027 1951 2062 ²5

421 2096 596 2125 monem
630 2081 821 2125 Domini.
891 2082 999 2125 Ecce
1034 2082 1127 2124 dies
1162 2081 1344 2124 uenient
1378 2084 1423 2123 et
1451 2080 1713 2123 auferentur
1741 2082 1892 2125 omnia

419 2167 531 2209 quae
551 2155 658 2195 sunt
677 2151 723 2193 in
744 2151 873 2194 domo
887 2155 979 2202 tua,
995 2154 1040 2194 et
1057 2166 1169 2208 quae
1185 2150 1478 2194 condiderunt
1498 2154 1648 2206 patres
1668 2150 1735 2193 tui
1751 2165 1891 2207 usque

420 2222 466 2264 in
506 2221 624 2264 diem
663 2221 788 2271 hanc,
819 2221 865 2263 in
901 2220 1187 2272 Babilonem3
1233 2235 1322 2263 non
1358 2219 1606 2262 remanebit
1641 2219 1890 2276 quicquam,

418 2292 484 2334 ait
503 2290 730 2334 Dominus.
791 2289 877 2333 Sed
897 2290 952 2333 de
972 2290 1076 2332 filiis
1097 2289 1187 2332 tuis
1210 2289 1285 2346 qui
1307 2289 1592 2346 egredientur
1619 2303 1675 2331 ex
1702 2290 1759 2339 te,
1780 2303 1889 2346 quos

415 2360 660 2418 generabis,
699 2359 913 2403 tollentur
959 2363 1004 2402 et
1050 2361 1182 2402 erunt
1230 2358 1420 2401 eunuchi
1469 2358 1515 2400 in
1559 2357 1726 2415 palatio
1773 2358 1889 2417 regis
1907 2375 1949 2409 30

419 2429 655 2473 Babilonis.
700 2428 755 2471 In
771 2428 999 2486 superficie
1016 2427 1193 2485 quidem
1211 2427 1422 2471 historiae
1435 2427 1675 2470 secundum
1691 2427 1889 2471 Hebreos

416 2502 595 2542 auctore
642 2499 863 2542 Ieronimo
907 2497 1073 2541 ueritas
1118 2497 1270 2554 liquet,
1318 2511 1417 2540 cum
1463 2497 1663 2539 Ananias
1703 2497 1888 2541 Azarias

377 2579 402 2608 c
421 2567 572 2610 Misael
607 2582 707 2610 cum
742 2566 927 2611 Daniele
965 2565 1182 2624 captiuati
1223 2569 1329 2608 sunt
1364 2566 1410 2607 in
1448 2566 1705 2609 Babilonem
1738 2565 1887 2623 ibique

417 2658 439 2693 8
464 2657 689 2694 iherusalem
708 2657 732 2693 S
912 2667 935 2692 a
951 2667 1017 2693 om.
1036 2655 1074 2691 M
1211 2665 1250 2690 12
1278 2654 1469 2691 bai-adach
1488 2655 1520 2691 A
1644 2665 1664 2691 2
1716 2654 1886 2693 eceehias

419 2706 450 2741 A
594 2714 635 2751 25
664 2703 844 2750 Dixitque
1046 2713 1091 2748 29
1116 2701 1361 2749 egrediuntur
1380 2702 1418 2738 M
1516 2701 1578 2749 ex]
1598 2702 1643 2739 de
1666 2666 1704 2738 {1

472 2796 482 2821 ι
515 2787 568 2822 De
586 2786 643 2821 his
660 2788 730 2822 etc.
749 2798 757 2822 :
787 2798 817 2821 v.
838 2785 908 2822 Ina.
927 2784 1028 2821 xxix.
1053 2795 1115 2830 ¹3³
1144 2784 1255 2819 Matt.
1274 2795 1329 2819 xv.
1350 2786 1381 2820 8.
1587 2793 1607 2829 7
1634 2786 1770 2830 Reyum
1786 2786 1885 2822 eta:

418 2845 448 2868 v.
467 2844 488 2877 ⁴
508 2833 594 2879 ηομ.
617 2844 674 2868 xx.
820 2843 863 2878 32
889 2838 1029 2869 auctore
1048 2833 1245 2868 leronimo:
1274 2843 1303 2868 v.
1325 2830 1479 2869 Hieron.
1501 2833 1633 2869 Comm.
1651 2834 1692 2868 in
1714 2834 1808 2869 Dan.
1826 2834 1850 2868 i.
1864 2842 1885 2879 3

418 2880 566 2927 (Mignc
586 2882 624 2916 1'.
639 2882 680 2917 L.
700 2891 782 2917 xxv.
801 2883 899 2927 496).

525 2955 589 2982 202
