1988 3250
222 214 337 271 615c
681 208 943 253 IOANNIS
983 207 1497 252 SARESBERIENSIS
1644 207 1820 268 [LIBJVI
1894 251 1899 256 ,

355 345 590 389 aggressus
624 333 692 374 est
726 330 945 387 uultuque
980 329 1183 372 ferociori
1218 331 1264 372 et
1297 328 1472 372 fortiori
1506 344 1643 373 manu
1678 329 1822 373 diuini

355 400 515 443 auxilii
563 400 760 443 hostium
799 399 932 443 corda
981 398 1202 442 concussit
1246 401 1292 441 et
1340 398 1487 456 fregit.
1570 399 1823 456 Statimque

356 469 695 513 insurrexerunt
742 469 790 511 in
840 482 939 511 eum
990 482 1115 524 reges
1164 467 1434 510 Francorum
1483 470 1529 511 et
1574 467 1823 525 Anglorum

355 539 549 582 collectis
568 539 740 582 uiribus
759 538 851 581 suis
871 540 916 580 et
935 540 1124 593 utroque
1144 536 1379 579 immanior
1398 537 1538 580 hostis
1558 537 1824 580 Eustachius

357 608 445 659 ille,
465 608 658 651 sororius
679 607 796 665 regis
824 607 1108 656 Francorum,
1129 605 1206 662 qui
1234 605 1459 662 propriam
1485 621 1621 664 agens
1646 621 1824 650 causam
1843 623 1863 658 5

359 692 450 720 non
466 681 559 720 tam
580 677 701 734 patri
717 691 851 733 quam
868 675 952 718 sibi
968 679 1204 732 paternum
1220 674 1424 717 diadema
1436 689 1696 719 conseruare
1710 676 1824 735 nite-

315 752 345 793 d
362 747 506 790 batur.
548 747 607 789 Et
619 761 692 789 eos
709 746 886 803 quidem
899 760 988 788 non
1001 745 1131 787 modo
1143 744 1336 787 uiriliter
1348 743 1665 802 Neoptolemus
1676 748 1828 789 noster

361 815 578 859 sustinuit
607 815 685 858 sed
709 829 766 858 ex
793 814 990 856 maxima
1015 816 1143 870 parte
1168 815 1374 870 potenter
1400 813 1640 870 superauit.
1698 814 1828 858 Vnde

359 888 507 929 tactus
538 885 687 928 dolore
708 884 852 927 cordis
879 883 1144 926 intrinsecus
1166 883 1432 926 Eustachius
1453 898 1583 940 quem
1612 883 1828 941 praedixi,

362 954 481 1011 quod
511 954 558 996 in
588 953 686 996 uita
716 953 934 1010 optimum
955 952 1074 1002 fecit,
1095 951 1226 994 rebus
1247 952 1435 995 excessit
1459 952 1677 1004 humanis,
1696 966 1827 1009 quem
1847 968 1891 995 ιο

359 1023 604 1066 letantibus
643 1022 772 1065 bonis
817 1025 862 1065 et
902 1021 1104 1078 publicae
1154 1020 1362 1064 fortunae
1401 1021 1829 1079 congratulantibus,

362 1092 572 1149 quoniam
603 1091 675 1134 hic
704 1090 929 1148 flagellum
959 1090 1083 1132 aliud
1113 1090 1285 1147 patriae
1315 1090 1588 1142 imminebat,
1617 1090 1831 1134 luxerunt

477 1166 814 1210 ambubaiarum
844 1165 1039 1222 collegia,
1068 1165 1443 1222 pharmocopolae,

478 1225 679 1275 mendici,
709 1224 883 1276 mimae,
913 1223 1176 1276 balatrones,
1206 1224 1288 1267 hoe
1317 1238 1458 1281 genus
1488 1238 1627 1267 omne.

362 1298 434 1342 Ne
463 1302 613 1342 tamen
642 1299 791 1342 obitus
821 1298 915 1341 eius
949 1298 1115 1355 gloriae
1145 1298 1269 1341 ducis
1299 1298 1441 1342 nostri
1481 1298 1717 1356 quicquam
1756 1297 1829 1341 de·
1851 1312 1892 1349 ¹5

362 1368 572 1419 traheret,
593 1367 861 1411 deditionem
891 1366 1207 1417 Craumersiae,
1231 1367 1279 1409 in
1306 1367 1430 1411 cuius
1457 1367 1703 1417 subsidium
1731 1381 1832 1411 cum

364 1440 492 1495 patre
521 1440 706 1480 uenerat
735 1437 783 1479 in
813 1450 948 1479 manu
978 1436 1130 1479 ualida
1159 1439 1204 1479 et
1234 1450 1418 1479 numero
1447 1436 1663 1494 ampliori,
1687 1436 1833 1490 uiuus,

221 1512 300 1552 616
320 1521 351 1551 a
367 1509 577 1557 armatus,
611 1506 806 1549 militum
845 1505 1089 1548 instructus
1122 1505 1259 1562 copia,
1293 1505 1508 1549 sustinuit
1542 1497 1749 1563 praesens
1787 1509 1834 1550 et
1895 1536 1898 1539 ι

366 1576 494 1620 uidit.
534 1575 640 1619 Dux
660 1579 822 1626 autem,
834 1575 1016 1618 consilio
1035 1575 1168 1618 unius
1180 1575 1492 1632 praemonitus,
1505 1576 1624 1619 inter
1637 1579 1833 1620 castrum

365 1645 484 1703 quod
505 1660 584 1688 rex
604 1644 827 1687 munierat
851 1647 896 1688 et
916 1644 1033 1702 regis
1053 1644 1201 1701 copias
1221 1659 1350 1687 suum
1371 1644 1446 1687 sed
1466 1644 1597 1702 longe
1616 1645 1832 1689 minorem
1852 1663 1896 1688 πο

365 1714 609 1758 exereitum
636 1713 867 1757 interiecit.
927 1713 997 1756 Ne
1024 1716 1175 1756 tamen
1201 1713 1283 1757 hoc
1311 1713 1584 1771 alienigenae
1609 1714 1834 1759 ascribant
1906 1725 1910 1729 ’

370 1805 385 1833 1
413 1807 584 1842 agressus
601 1794 659 1831 AS
806 1803 850 1831 10
872 1793 1050 1830 humanis
1068 1793 1228 1832 excessit
1247 1793 1363 1831 G¹AS¹

417 1882 438 1908 2
463 1873 662 1918 Statimque
689 1873 913 1929 etex-anno
942 1879 981 1927 11·
987 1879 1053 1916 51:
1088 1869 1136 1907 cf.
1163 1869 1277 1906 Henr.
1295 1869 1606 1925 ‘HuntemL-vjii.
1631 1868 1653 1953 ξ
1682 1881 1724 1917 31
1758 1870 1833 1917 (ed.

369 1918 513 1955 Arnold
539 1930 576 1965 p.
607 1919 704 1964 283).
862 1927 879 1964 5
906 1929 999 1963 reyw
1014 1918 1266 1954 Francorum:
1292 1929 1360 1954 1.e.
1381 1917 1556 1954 Ludowci
1574 1917 1626 1954 VI
1650 1946 1658 1954 .

368 1968 618 2013 Neoptolemus
643 1971 781 2002 noster:
823 1964 884 2002 Sic
908 1976 932 2001 a
962 1966 1259 2009 Ioannelnostro
1293 1964 1479 2002 Henricus
1510 1966 1596 2011 quia
1628 1966 1678 2001 ad
1709 1965 1839 2002 bellum

368 2015 496 2050 duetus
528 2019 578 2050 eet
605 2025 703 2060 puer
735 2040 743 2049 .
771 2040 779 2049 .
804 2040 812 2048 .
846 2014 1023 2048 uocitatue
1054 2018 1114 2056 eet,
1148 2015 1192 2049 ut
1225 2012 1271 2048 de
1302 2012 1444 2059 Pyrrho
1477 2011 1636 2050 Achillis
1668 2012 1748 2049 filio
1781 2013 1838 2050 ait

369 2060 518 2098 Serviu-
545 2060 585 2096 in
623 2062 755 2097 Comm.
782 2062 831 2095 ad
857 2061 949 2098 Aen.
980 2062 1019 2095 ii.
1053 2061 1121 2105 263
1149 2060 1221 2103 (ed.
1247 2059 1359 2096 'Philo
1391 2062 1430 2096 et
1463 2059 1596 2106 Hagen
1626 2060 1651 2096 i.
1675 2072 1712 2107 p.
1739 2062 1836 2107 263).

370 2118 393 2155 9
418 2114 532 2144 tactus
555 2109 675 2144 dolore
705 2109 823 2144 cordis
854 2110 946 2144 etc.:
991 2107 1038 2144 cf.
1068 2106 1218 2144 Gervas.
1245 2106 1355 2143 Cant.
1381 2107 1437 2143 ed.
1467 2106 1607 2144 Stubbs
1639 2107 1663 2144 i.
1697 2119 1734 2154 p.
1772 2117 1836 2156 155

370 2156 476 2201 (Post
492 2155 750 2192 Craumersiae
767 2154 1020 2195 deditionem)
1045 2156 1266 2191 Eustachius
1280 2156 1374 2201 reyie
1382 2156 1493 2199 filius
1509 2160 1541 2190 et
1557 2157 1659 2191 ducis
1674 2157 1841 2192 aemulus

369 2204 595 2240 uehementer
610 2205 820 2248 indiqnans.
835 2208 974 2249 patrem
991 2204 1034 2238 de
1053 2214 1146 2248 paee
1168 2204 1262 2238 inita
1286 2204 1474 2248 corripuit,
1490 2207 1522 2238 et
1542 2204 1594 2239 sie
1608 2203 1841 2249 furibundus

369 2263 394 2287 a
427 2252 531 2286 curia
570 2252 732 2286 recedens
766 2255 909 2296 patrem
948 2251 1150 2296 dereliquit,
1182 2261 1386 2297 omnemque
1426 2254 1640 2286 uastatur-us
1676 2252 1840 2297 patriam

374 2299 642 2343 Cantibriqiam
673 2300 802 2344 petrin·
838 2303 1075 2343 proposuerat
1106 2299 1202 2333 em'm
1235 2299 1357 2333 animo
1395 2309 1459 2334 nec
1498 2299 1613 2333 sacris
1651 2298 1738 2334 locis
1777 2310 1841 2335 neo

370 2351 577 2382 sanctorum
592 2346 763 2399 praediis
804 2356 862 2381 ore
881 2346 1116 2391 parcendum.
1162 2344 1373 2390 (Praedatis
1398 2344 1570 2381 coenobii
1594 2343 1629 2381 S.
1649 2344 1840 2382 Edmundi

371 2392 413 2430 in
446 2392 626 2429 Suffolma
660 2392 769 2429 mesni
799 2394 856 2437 us)
889 2404 969 2428 cum
1002 2394 1050 2428 ad
1083 2404 1240 2427 mensam
1267 2419 1275 2428 .
1302 2419 1310 2427 .
1336 2419 1344 2428 .
1365 2404 1575 2438 pransurus
1605 2394 1758 2439 sedisset,
1791 2394 1842 2430 aa

370 2443 532 2487 primum
561 2441 674 2476 edulii
704 2445 847 2485 qustum
879 2442 1031 2475 insanus
1062 2441 1204 2484 effectus
1237 2440 1491 2475 miserabiliter
1519 2441 1670 2484 interiit,
1703 2445 1735 2475 et
1773 2451 1842 2487 pro

373 2489 599 2525 contumacia
613 2488 831 2533 martyribus
848 2488 960 2529 illata,
973 2489 1076 2523 diras
1093 2489 1218 2522 mortis
1228 2498 1366 2532 poenae
1377 2488 1532 2523 exsolvit.
1571 2486 1625 2525 De
1646 2486 1843 2525 Eustachii

375 2538 496 2572 morte
514 2535 560 2571 cf.
582 2534 699 2572 etiam
717 2534 820 2571 infra
840 2533 918 2572 viii.
935 2545 974 2571 αι
1002 2535 1086 2578 (806
1105 2542 1132 2569 n
1153 2538 1258 2580 neq.).
1384 2543 1426 2580 14
1451 2535 1730 2571 ambubaiarum
1746 2538 1842 2573 etos

377 2582 466 2619 Hor.
484 2584 559 2619 Sat.
577 2581 602 2620 i.
622 2592 654 2619 2.
677 2592 704 2625 ι,
726 2593 757 2618 2.
952 2583 993 2618 16
1021 2583 1293 2618 Craummv'ae:
1327 2580 1489 2630 Anglice
1518 2582 1753 2627 Crowmardt,
1778 2592 1842 2620 ca·-

377 2629 528 2667 otellum
548 2629 736 2676 quoddam
755 2628 855 2675 regi·
875 2628 938 2666 Ste
968 2629 1058 2665 bani
1078 2628 1117 2664 in
1137 2628 1321 2665 comitatu
1339 2628 1541 2666 Oxoniensi
1558 2641 1670 2676 super
1687 2630 1843 2667 fluvium

375 2677 564 2715 Tamesim
582 2687 602 2714 e
620 2677 772 2723 regione
782 2675 927 2713 castelli
942 2641 988 2713 ge
1002 2675 1268 2722 Wallingsord.
1303 2676 1382 2713 Hoc
1394 2676 1591 2714 cantellum
1606 2677 1654 2713 ab
1666 2677 1843 2722 Henrico,

377 2728 422 2762 ut
451 2724 658 2762 castellano
684 2724 730 2761 de
757 2723 1010 2770 Wallingford
1037 2723 1205 2771 partium
1231 2723 1545 2760 Henricianarum
1572 2725 1742 2762 studioso
1766 2736 1843 2762 suc-

377 2775 553 2815 curreret.
588 2783 622 2808 n..
663 2781 724 2818 115
784 2771 984 2817 obsessum,
1019 2782 1104 2808 mox
1140 2770 1216 2808 icto
1250 2771 1400 2808 foedere
1433 2771 1573 2808 deiecit
1604 2771 1843 2819 Stephanus:

376 2831 407 2855 v.
430 2819 541 2857 chr.
561 2818 713 2855 Hunten
744 2846 750 2854 .
768 2818 844 2856 viii.
862 2818 881 2874 ᾗ
922 2829 954 2863 4.
1101 2827 1141 2863 ι7
1160 2824 1328 2854 uenerat:
1348 2830 1396 2855 sc.
1413 2817 1648 2858 Eustachius.
1800 2830 1844 2877 19

377 2868 486 2905 Dux:
515 2866 538 2904 i.
550 2879 580 2905 e.
602 2866 797 2910 Hem-iona,
816 2878 882 2914 qm
934 2876 1200 2903 ormannomm
1217 2866 1294 2903 dux
1312 2869 1408 2904 erat.

487 2930 528 2967 53
