1988 3250
187 232 286 267 cAr.
302 218 449 281 xxm]
694 218 1134 263 POLICRATICVS
1669 217 1746 266 βιῳ
1767 227 1793 258 e

302 339 442 383 Nulla
459 352 618 382 manus
635 337 741 381 belli
760 339 935 381 mutato
954 337 1099 382 iudice
1118 351 1232 394 pura
1251 340 1332 382 est.

186 424 304 468 Nam
325 427 373 468 et

298 510 464 554 uictrix
483 524 616 553 causa
635 508 730 552 Deo
749 508 917 567 placuit
937 508 1014 552 sed
1034 509 1155 552 uicta
1175 508 1350 553 Catoni.

183 590 387 634 Gaudeat
405 591 536 648 plane
555 590 760 641 mundus,
779 604 879 633 cum
900 589 1015 633 alter
1033 589 1152 632 solus
1171 589 1342 641 uicerit,
1362 589 1438 632 sed
1466 604 1651 647 propen-

143 664 164 699 ὅ
182 658 287 702 siori
318 659 482 702 letetur
508 659 684 717 gaudio,
714 659 752 702 si
782 659 942 703 uicerit
980 662 1167 715 uterque
1203 658 1274 700 uel
1307 661 1476 701 neuter.
1537 658 1651 702 Con-

181 728 366 772 uem’ant
395 744 511 786 ergo,
541 729 579 772 si
610 729 766 787 placet,
790 729 837 772 in
868 728 1076 772 Licaonia
1101 727 1248 770 insula
1274 730 1355 770 aut
1375 728 1473 778 alio,
1494 728 1531 770 si
1553 729 1651 786 quis

179 800 330 841 tamen
350 797 470 842 locus
490 798 616 841 bellis
631 798 726 841 siue
746 797 897 841 duillis
917 800 984 840 est
1004 797 1175 854 aptior;
1205 811 1309 839 nam
1329 797 1516 853 antiqui,
1539 800 1651 842 teste
1668 796 1696 835 d

180 863 470 917 Quintiliano,
491 865 629 908 bellos
653 864 860 908 dicebam:
886 879 996 922 quos
1022 863 1152 906 modo
1171 863 1333 906 duillos
1353 864 1650 921 appellamus;

179 936 226 976 et
256 932 351 976 sine
380 933 500 977 orbis
529 936 576 976 et
605 933 728 976 urbis
759 932 954 991 periculo
982 932 1135 976 uincat
1166 932 1382 975 alteruter
1411 932 1650 976 duillorum

121 1019 164 1044 ιο
179 1016 310 1060 quem
346 1002 468 1046 Deus
501 1002 668 1046 scilicet
706 1002 1020 1060 approbauerit
1058 1004 1139 1044 aut
1178 1001 1391 1045 uictorem
1426 1016 1520 1044 esse
1552 1017 1648 1059 per-

177 1072 359 1116 miserit.
418 1073 574 1116 Victus
594 1087 779 1129 quoque,
798 1072 835 1115 si
856 1072 902 1114 id
922 1071 1082 1115 uictori
1102 1071 1285 1128 placeat,
1300 1071 1586 1128 demergatur
1601 1072 1647 1116 in

177 1141 388 1199 Tyberim
409 1145 499 1193 aut,
519 1142 556 1185 si
577 1157 676 1185 cum
698 1157 748 1184 eo
768 1141 922 1184 mitius
942 1141 1164 1198 agendum
1185 1140 1375 1191 uidetur,
1390 1140 1650 1184 retrudatur

177 1210 225 1253 in
254 1209 435 1262 Cauam‚
461 1210 533 1254 cui
563 1225 662 1254 cum
692 1210 829 1254 abbas
858 1210 942 1253 loci
971 1210 1227 1260 claustrum,
1258 1210 1393 1252 immo
1419 1224 1648 1260 carcerem,

177 1279 411 1337 aperuerit,
430 1282 702 1337 protestetur
727 1294 774 1323 se
800 1294 890 1323 non
918 1279 1030 1322 illud
1057 1279 1097 1323 ei
1125 1279 1201 1338 qui
1228 1279 1499 1337 dampnatur
1521 1294 1647 1338 prae-

119 1367 158 1401 ¹5
177 1363 367 1407 parasse,
386 1348 463 1392 sed
482 1349 626 1402 uicto;
654 1349 872 1406 siquidem

291 1435 415 1478 nulla
434 1435 542 1479 fides
561 1450 773 1493 umquam
793 1435 976 1479 miseros
995 1435 1130 1493 elegit
1149 1435 1323 1479 amicos.

174 1522 263 1576 Qui
291 1537 398 1566 uero
428 1523 597 1574 uicerit,
626 1523 672 1566 id
703 1526 771 1567 est
801 1523 877 1580 qui
912 1523 1150 1566 uiolentior
1179 1522 1328 1574 fuerit,
1358 1523 1406 1565 in
1438 1522 1644 1581 Liparem

172 1592 362 1635 aliamue
397 1592 588 1636 insulam
624 1592 728 1635 exul
758 1596 999 1651 perpetuus
1038 1593 1298 1650 deportetur
1331 1592 1389 1635 ad
1424 1608 1645 1637 marmora

171 1662 359 1706 secanda
389 1665 470 1705 aut
503 1662 560 1705 ad
591 1662 772 1706 metalla
802 1663 1082 1720 dampnetur.
1157 1662 1348 1706 Facinus
1379 1662 1497 1706 enim
1527 1664 1644 1706 schi-

113 1749 156 1774 no
171 1731 326 1788 smatis
341 1746 450 1789 quos
465 1731 672 1789 inquinat
685 1735 848 1790 aequat
862 1746 871 1785 ;
901 1731 988 1775 nisi
1003 1732 1109 1790 quia
1121 1732 1379 1789 plerumque
1393 1733 1468 1789 qui
1484 1732 1643 1777 fortior

171 1799 307 1844 immo
336 1799 533 1851 ferocior,
559 1801 676 1844 idem
697 1804 742 1845 et
762 1801 956 1859 iniquior
976 1805 1055 1844 est.
1115 1801 1234 1854 Quid
1254 1802 1542 1859 perniciosius
1561 1806 1642 1847 aut
1658 1806 1722 1846 811
1735 1818 1765 1847 a

170 1869 377 1913 odibilius
396 1870 512 1914 bello
531 1870 683 1915 ciuili‘l
743 1871 895 1914 Nichil
915 1871 1059 1928 plane,
1079 1873 1256 1928 praeter
1274 1871 1441 1914 rabiem
1462 1872 1639 1916 scisma-

169 1938 356 1982 ticorum
371 1942 451 1982 aut
463 1939 701 1983 hereticam
717 1943 897 1998 pestem.
957 1941 1158 1994 Quorum
1179 1943 1331 1983 utrum
1352 1941 1641 1998 perniciosius

169 2007 230 2051 sit
262 2022 352 2052 non
386 2008 515 2052 facile
552 2009 755 2060 dixerim,
793 2009 830 2052 si
867 2012 1017 2052 tamen
1053 2010 1099 2052 in
1135 2010 1206 2053 his
1239 2025 1451 2053 numerus
1485 2015 1553 2054 est
1588 2015 1640 2055 ut

169 2111 194 2148 6
216 2109 342 2147 insula
355 2110 521 2149 licaonia
537 2111 604 2148 SM
746 2120 767 2156 7
794 2111 930 2148 duellis
947 2111 1012 2148 BA
1156 2114 1177 2149 8
1204 2111 1299 2149 alias
1315 2112 1461 2150 duellos
1479 2112 1504 2150 S
1522 2126 1636 2160 mar-y.

168 2157 377 2204 apellamus
393 2158 418 2196 S
532 2170 546 2198 1
542 2170 574 2242 ἃς
599 2159 740 2196 Cauam
755 2162 897 2206 scr-ipsi,
915 2166 1058 2197 auctore
1075 2172 1104 2196 v.
1116 2161 1151 2196 d.
1167 2160 1215 2197 H.
1229 2162 1275 2197 A.
1295 2162 1451 2197 Wilson:
1479 2173 1636 2198 caueam

169 2204 332 2242 CBASM
475 2216 518 2251 14
567 2208 745 2243 amnatur
759 2206 821 2243 CB
967 2217 1010 2253 19
1033 2207 1200 2244 fascinus
1217 2209 1249 2244 A

221 2308 237 2335 1
264 2300 378 2335 Nulla
394 2311 526 2336 manus
541 2302 636 2337 etc.:
662 2300 748 2338 Luc.
764 2302 893 2338 Phara.
911 2301 975 2338 vii.
994 2303 1074 2347 263.
1230 2312 1251 2348 3
1276 2304 1414 2338 uictrix
1430 2305 1522 2339 etc.:
1549 2302 1637 2341 Luc.

169 2346 300 2382 Phara.
323 2345 347 2381 i.
369 2348 445 2383 128.
634 2349 658 2385 6
681 2350 858 2392 Licaom'a
877 2351 1022 2386 insula:
1050 2349 1113 2386 Sic
1130 2348 1170 2386 in
1188 2350 1312 2386 medio
1330 2361 1419 2386 aevo
1437 2350 1637 2397 appellata

171 2395 229 2430 est
255 2393 381 2429 insula
411 2393 600 2439 Tiberina,
627 2395 739 2433 hodie
767 2395 866 2432 Ieola
893 2399 934 2432 di
970 2398 1005 2433 S.
1039 2398 1320 2439 Bartolommeo;
1362 2410 1396 2434 v.
1431 2397 1634 2444 Gregorov.

173 2441 296 2476 Gesch.
321 2442 386 2476 der
407 2443 510 2478 Stadt
533 2443 621 2478 Rom
646 2441 672 2479 i.
699 2452 752 2489 54.
954 2454 984 2490 7,
1003 2446 1024 2480 8
1049 2450 1132 2480 teste
1150 2446 1398 2489 Quintiliano:
1425 2459 1457 2481 v.
1475 2445 1634 2490 Quintil.

168 2488 261 2541 Inst.
286 2489 345 2524 Or.
373 2487 399 2524 i.
425 2498 448 2533 4
522 2499 536 2542 i
544 2498 575 2536 5.
624 2489 678 2527 De
703 2490 856 2528 nomine
880 2491 1033 2539 proprio
1059 2491 1295 2529 Duelliorum
1321 2492 1398 2530 sive
1424 2493 1632 2530 Belliorum

168 2536 300 2582 agitur
333 2535 435 2581 apud
499 2535 769 2590 uintilianum3
803 2539 905 2585 quod
937 2550 1005 2586 pro
1039 2540 1300 2576 monomachis
1332 2540 1409 2577 sive
1442 2540 1633 2587 singulare

168 2584 364 2636 certamen·
373 2583 636 2637 exercentibus
648 2584 787 2632 accipit
799 2585 972 2623 Ioannes.
1057 2597 1099 2633 13
1119 2588 1275 2623 Cauam:
1293 2586 1349 2624 i.e.
1362 2588 1632 2625 monasterium

168 2628 461 2683 SS3Tr1n1tatis
492 2629 534 2683 in
562 2630 658 2667 Cava
684 2631 793 2669 iuxta
819 2632 1028 2678 Salernum,
1057 2645 1131 2679 quo
1160 2635 1296 2672 retrusi
1324 2638 1414 2672 sunt
1444 2638 1483 2672 et
1508 2636 1632 2673 Theo·

167 2677 317 2714 doncus
342 2678 382 2713 et
403 2676 601 2720 Burdmus,
629 2678 810 2726 antipapa
825 2682 1000 2734 uterque,
1026 2681 1127 2718 alter
1149 2692 1182 2717 a.
1211 2691 1312 2726 1100,
1337 2683 1437 2719 alter
1458 2694 1493 2719 a.
1517 2694 1629 2727 1121;

166 2735 200 2760 v.
224 2725 304 2759 Lib.
330 2724 464 2770 Pontis.
490 2724 550 2762 ed.
573 2724 779 2770 Duehesne,
805 2726 847 2763 i1.
873 2733 952 2774 298,
978 2738 1059 2776 345,
1086 2730 1167 2775 348,
1194 2738 1275 2774 377.
1450 2732 1492 2767 16
1517 2732 1633 2766 Nulla

157 2773 256 2816 fides
272 2773 366 2808 etc.:
390 2771 476 2808 Luc.
492 2773 622 2808 Phar-s.
638 2771 715 2809 viii.
734 2782 813 2820 535.
977 2786 1020 2822 ι9
1044 2777 1207 2811 Facinus
1222 2778 1317 2814 etc&
1344 2789 1375 2814 v.
1394 2777 1481 2813 Luc.
1501 2779 1630 2814 Phara.

167 2830 200 2855 v.
226 2829 311 2864 290.
493 2828 538 2854 22
561 2819 685 2854 Nichil
725 2822 806 2858 lane
820 2822 915 2859 etc.:
939 2822 1044 2860 Haec
1062 2823 1173 2859 verba
1188 2835 1305 2870 usque
1321 2824 1371 2860 ad
1386 2826 1498 2860 altero
1514 2824 1631 2861 minio

165 2865 312 2903 notavit
327 2864 510 2902 Parkerus
525 2866 566 2902 in
585 2867 666 2902 cod.
714 2895 723 2904 .

1455 2935 1523 2969 ⁴0³
