1988 3250
233 177 332 210 cAP.
347 162 462 225 xxv]
763 159 1167 207 POLICRATICV
1170 160 1202 204 S
1240 185 1242 188 -
1722 159 1794 199 818
1808 158 1838 198 d

233 284 383 328 omnia
400 283 450 327 in
468 297 520 327 eo
531 294 764 340 possumus
777 280 854 338 qui
868 293 949 323 nos
963 278 1199 322 confortat.
1260 279 1346 323 Via
1357 280 1574 336 siquidem
1594 280 1702 323 haec

234 353 380 397 uirtus
398 354 480 404 est,
505 351 679 395 duobus
706 349 940 393 interiecta
966 350 1013 391 et
1034 350 1183 390 artata
1203 348 1432 400 limitibus,
1451 349 1702 406 cognitione

231 421 399 466 scilicet
431 423 479 464 et
509 419 720 464 exercitio
750 418 869 462 boni.
938 416 1080 460 Nosse
1111 431 1302 473 namque
1333 417 1498 460 bonum
1532 421 1579 460 et
1612 432 1702 461 non

232 489 376 535 facere
415 489 625 533 meritum
663 486 993 545 dampnationis
1036 488 1115 536 est,
1155 499 1244 528 non
1283 485 1360 528 uia
1398 486 1702 530 beatitudinis,

195 571 214 605 5
232 559 371 610 Vnde,
390 558 550 616 inquis,
570 558 685 602 hanc
704 557 825 600 uiam
850 554 1075 614 ingrediar
1101 554 1179 611 qui
1209 554 1257 596 in
1283 554 1407 597 inuio
1426 569 1524 596 sum
1546 558 1591 597 et
1611 569 1700 597 non
1719 558 1794 607 819
1807 570 1838 597 a

230 628 279 673 in
308 628 416 673 uia?
476 627 532 672 In
561 629 691 670 tanta
719 626 939 670 uarietate
968 624 1144 668 uiarum
1175 623 1429 681 ignotarum
1453 623 1627 666 aduena
1657 628 1702 666 et

230 697 501 755 peregrinus,
519 696 645 741 cuius
664 695 781 740 oculi
811 695 1083 752 languerunt
1110 707 1217 750 prae
1247 693 1397 750 inopia
1427 695 1473 735 et
1500 692 1592 735 fere
1613 692 1702 735 iam

231 765 454 816 deficiunt,
474 766 635 823 quibus
656 779 753 809 eam
774 764 1020 808 discernam
1041 761 1215 805 indiciis
1236 765 1289 804 ut
1308 761 1365 804 ad
1385 761 1431 804 id
1452 761 1701 818 tranquilli-

230 835 340 879 tatis
359 837 406 879 et
423 835 575 893 gaudii
595 835 852 892 perueniam
873 832 990 890 quod
1009 831 1267 890 promittis?

175 951 217 976 ιο
349 927 431 971 Est
449 926 668 985 (inquam)
687 926 763 970 uia
782 924 984 969 sublimis
1003 923 1096 969 celo
1115 922 1355 966 manifesta
1375 937 1527 966 sereno
1545 937 1553 973 ;

347 985 489 1030 lactea
507 999 668 1029 nomen
687 984 833 1028 habet.

233 1077 399 1123 Serena
436 1077 520 1122 tibi
559 1076 701 1121 celum
739 1090 796 1119 ne
829 1074 1038 1118 turbetur
1072 1089 1177 1132 prae
1218 1073 1523 1131 indignatione
1563 1072 1702 1116 oculis

231 1147 406 1191 animae
434 1150 552 1200 tuae,
577 1148 623 1190 et
652 1145 782 1189 facile
810 1144 998 1188 lacteam
1023 1144 1137 1187 hanc
1161 1157 1370 1200 agnosces
1396 1142 1530 1185 uiam.
1590 1141 1703 1184 Redi

231 1216 290 1260 ad
309 1219 367 1268 te,
385 1219 565 1275 patrum
585 1215 756 1272 suspice
782 1213 1065 1264 monimenta,
1095 1215 1141 1256 et
1170 1212 1233 1255 ibi
1263 1212 1436 1255 intuere
1466 1211 1704 1268 diligenter

175 1304 216 1338 ³5
234 1285 312 1329 ubi
341 1300 370 1329 a
397 1285 474 1328 uia
502 1284 733 1328 deflexeris
761 1297 962 1341 gressum
997 1286 1043 1326 et
1071 1282 1148 1326 ubi
1179 1282 1386 1326 cecideris
1421 1281 1469 1324 in
1498 1295 1702 1324 errorem.

235 1355 395 1399 Recolo
426 1357 576 1398 autem
610 1368 691 1397 nos
722 1353 946 1396 aberrasse
980 1352 1043 1395 ibi
1078 1352 1271 1409 primum
1303 1352 1381 1394 ubi
1411 1351 1629 1408 impulsus
1658 1355 1704 1394 et

234 1439 413 1469 euersus
429 1426 496 1468 est
511 1424 642 1467 homo
654 1425 706 1466 ut
718 1422 895 1466 caderet
908 1422 1286 1480 praeuaricatione
1299 1421 1512 1473 mandati,
1526 1421 1702 1477 quando
1720 1419 1749 1458 b

231 1493 290 1538 ad
319 1493 510 1537 uetitum
539 1492 748 1536 scientiae
777 1492 948 1550 lignum
979 1491 1193 1534 suadente
1222 1491 1398 1534 diabolo
1421 1490 1703 1533 temerariam

232 1565 278 1607 et
316 1563 541 1607 incautam
580 1576 762 1605 manum
803 1561 1019 1606 extendit.
1095 1560 1271 1603 Abinde
1311 1562 1430 1603 enim
1474 1562 1702 1617 peccatum

174 1651 217 1676 ao
231 1634 411 1690 accepta
438 1631 662 1676 occasione
692 1646 772 1689 per
799 1631 1061 1675 mandatum
1085 1630 1265 1674 seduxit
1293 1645 1375 1680 me,
1408 1634 1454 1673 et
1482 1645 1562 1687 per
1591 1629 1703 1672 illud

231 1702 402 1746 occidit.
462 1701 616 1759 Ipsum
647 1715 839 1758 namque
870 1700 1131 1744 mandatum
1170 1703 1400 1757 operatum
1440 1704 1508 1743 est
1547 1700 1593 1742 in
1632 1714 1701 1742 mc

232 1785 407 1816 omnem
427 1771 838 1829 concupiscentiam,
860 1771 966 1828 quia
985 1785 1158 1828 semper

463 1863 651 1908 nitimur
670 1862 717 1905 in
737 1863 952 1915 uetitum;

723 1921 842 1978 quod
861 1936 950 1964 non
970 1921 1085 1973 licet,
1104 1921 1250 1964 acrius
1270 1921 1374 1963 urit.

177 2032 217 2067 ²5
236 2013 308 2057 Ad
328 2013 528 2057 arborem
555 2013 763 2057 scientiae
790 2027 972 2056 manum
998 2013 1212 2062 extendit,
1237 2012 1388 2070 gulam
1418 2012 1633 2070 impleuit,
1659 2015 1705 2054 et

234 2084 390 2126 contra
417 2083 680 2140 promissum
707 2082 879 2126 fallacis
902 2083 1070 2126 inimici
1091 2086 1137 2126 et
1156 2082 1397 2126 secundum
1417 2082 1705 2124 interdictum

236 2151 405 2196 ueracis
424 2151 507 2196 Dei
527 2152 842 2196 obtenebratus
857 2154 926 2196 est
949 2153 1081 2196 homo
1101 2156 1148 2196 et
1167 2153 1214 2194 in
1235 2152 1423 2195 esuriem
1443 2154 1704 2208 prostratus,

234 2219 364 2264 fedus
392 2219 556 2266 feriens
584 2236 685 2266 cum
718 2225 860 2266 morte
894 2225 941 2266 et
970 2225 1150 2280 pactum
1187 2221 1353 2265 faciens
1382 2236 1483 2265 cum
1513 2221 1702 2264 inferno.

234 2357 258 2391 4
284 2345 538 2401 emeat-ionis
553 2346 582 2383 o
738 2357 759 2394 7
786 2326 908 2385 occuli
923 2347 958 2383 A
1111 2349 1133 2385 8
1158 2349 1359 2386 decernam
1378 2347 1403 2384 s
1508 2346 1662 2384 iudiciis
1679 2347 1703 2384 s

239 2404 283 2431 ιο
307 2393 469 2430 ειιΙΙιωιε
485 2394 525 2430 M

287 2518 303 2545 1
330 2510 453 2565 onfm'a
469 2510 562 2545 etc.:
588 2520 622 2544 v.
638 2507 804 2564 Philipp.
820 2508 869 2546 iv.
890 2519 945 2556 13.
1088 2518 1106 2557 5
1134 2511 1174 2546 in
1191 2513 1294 2547 inuio
1311 2512 1406 2547 etc.:
1433 2522 1466 2547 v.
1483 2510 1540 2546 Ps.
1557 2509 1629 2547 cvi,
1646 2521 1706 2554 40.

238 2564 259 2601 7
285 2557 378 2592 oculu
395 2557 488 2592 etc.:
511 2567 547 2591 v.
565 2554 623 2592 Ps.
640 2555 791 2592 lxxxvn.
813 2567 866 2593 10.
1043 2567 1086 2594 10
1109 2559 1176 2594 Est
1194 2561 1259 2594 uia
1275 2560 1367 2595 etc.:
1395 2556 1459 2594 Ov.
1477 2559 1561 2593 Met.
1581 2557 1605 2594 i.
1627 2559 1703 2599 168,

241 2604 318 2649 169.
389 2648 413 2656 ..
511 2604 554 2640 18
579 2604 629 2639 ad
644 2605 795 2639 uetitum
812 2605 907 2641 etc.:
931 2616 964 2640 v.
983 2604 1074 2641 Gen.
1094 2604 1149 2641 iii.
1343 2615 1386 2651 19
1403 2610 1591 2652 peccatum
1608 2607 1704 2641 etc.:

237 2650 344 2687 Rom.
362 2661 427 2685 vu.
447 2659 499 2686 11.
677 2660 720 2687 21
746 2652 873 2699 Ipsum
890 2652 985 2688 etc.:
1010 2664 1042 2688 v.
1061 2652 1167 2689 Rom.
1184 2651 1247 2688 vii.
1268 2654 1300 2688 8.
1479 2663 1523 2698 23
1549 2654 1708 2687 nitimur

237 2699 331 2735 etc.:
361 2696 427 2733 Ov.
442 2698 525 2732 Am.
541 2708 596 2733 m.
612 2707 648 2741 4.
669 2706 721 2742 17.
873 2708 919 2743 24
989 2701 1035 2735 od
1051 2701 1220 2736 nonlicet
1237 2702 1330 2736 etc.:
1356 2699 1422 2736 Ov.
1436 2701 1519 2735 Am.
1538 2699 1577 2735 ii.
1601 2708 1654 2744 19.
1671 2709 1704 2743 3.

237 2754 281 2791 25
309 2746 369 2780 Ad
385 2745 546 2781 arborem
563 2746 656 2782 etc.:
681 2756 704 2780 v
734 2743 828 2782 Gen.
845 2744 901 2790 iii,
919 2757 944 2782 u
979 2757 1103 2793 supra.
1262 2748 1437 2792 28·sedus
1454 2749 1555 2784 etc.:
1579 2758 1612 2782 v.
1630 2746 1702 2782 Isa.

234 2803 353 2829 xxvm
383 2800 437 2839 15.

1529 2874 1596 2908 4¹9
