1988 3250
4 1122 26 1523 ς--ιι---Ἧ
17 1122 21 1135 2
11 1026 32 1115 τ-ςνκ
15 1010 21 1020 <-
0 891 32 1004 W&
22 877 24 880 v

714 161 1028 206 APPENDIX
1068 162 1120 206 H

325 275 429 312 Mors
450 273 583 321 instat,
605 274 693 311 finis
715 276 908 322 properat,
932 274 1172 323 fugitiuaque
1193 277 1277 314 uita

372 332 493 378 Cedit,
520 335 561 370 et
583 334 627 369 ut
652 332 779 370 fumus
803 331 929 380 gloria
953 345 1100 380 queque
1123 334 1234 381 perit.

325 391 454 430 Herba
476 390 604 428 uirens
627 389 741 428 hodie
765 402 849 428 oras
873 391 941 428 fiet
966 391 1135 429 marcida
1159 392 1303 437 fenum,

371 448 473 486 Hinc
497 449 606 486 cibus
629 448 732 496 ignis
753 449 848 491 erit;
880 448 934 487 sie
958 449 1079 487 honor
1104 450 1228 487 omnis
1251 452 1345 488 abit.

323 506 465 545 Fenum
490 507 671 546 iumentis
695 507 802 545 cibus
825 510 893 551 est,
917 510 959 546 et
980 520 1025 546 eo
1048 508 1265 554 amiantum

371 565 503 603 Gloria
527 577 620 613 quos
644 566 770 614 pascit
793 577 871 603 non
895 568 1114 604 saturantur
1137 578 1195 605 ea.

323 624 495 662 Candida
518 625 695 673 denigrat
718 627 758 662 et
780 625 912 662 turbat
935 624 1082 662 lumina
1105 626 1232 663 fumus
1250 638 1261 669 ;

371 682 546 721 Mentem
570 695 617 722 ne
642 683 772 722 uideat
796 684 945 732 optima
967 686 1075 722 cecat
1098 684 1233 722 honor.

322 741 506 779 lumentis
530 742 631 779 fiunt
655 741 808 787 similes,
832 743 986 780 racione
1011 745 1195 787 carentes,

372 799 505 838 Gloria
529 812 623 848 quos
647 801 814 838 tumidos
838 801 963 839 reddit
988 803 1028 839 et
1051 800 1163 839 inflat
1186 802 1322 842 honor.

677 861 783 896 Deest
806 872 933 896 uenus
955 861 1160 898 hexameter

370 917 468 963 Quid
494 918 656 955 mundus
680 920 786 956 totus
809 917 993 956 utilitatis
1017 917 1146 956 habet.

322 975 403 1013 Heo
427 987 598 1023 possessa
622 977 688 1013 diu
712 976 909 1023 multoque
933 979 1092 1024 peracta
1116 976 1247 1015 labore

369 1034 504 1072 Mortis
529 1035 570 1072 in
594 1035 766 1072 aduentu
789 1035 950 1084 dissipat
973 1035 1068 1073 hora
1090 1035 1228 1073 breuis.

322 1093 467 1131 Multus
490 1093 532 1130 in
552 1093 612 1130 his
636 1093 745 1131 labor
768 1095 826 1131 est
851 1095 890 1131 et
914 1093 1080 1131 maxima
1103 1094 1333 1141 sollicitudo,

369 1151 454 1199 Sed,
479 1164 566 1190 oum
591 1151 799 1195 floruerint,
825 1151 964 1189 ultima
987 1152 1112 1190 luctus
1135 1152 1263 1191 habet.

321 1209 558 1258 Prosperitas
583 1211 703 1248 fallax
728 1212 766 1248 et
791 1210 971 1248 deliciosa
995 1211 1176 1259 uoluptas

369 1268 467 1306 Sunt
492 1268 629 1316 quibus
653 1269 826 1307 arrident
850 1269 1079 1317 perdicionis
1103 1270 1247 1314 honus;

321 1325 525 1365 Extollunt
550 1328 698 1373 stultos,
724 1340 819 1375 quos
841 1328 1036 1376 insperata
1058 1328 1168 1366 ruina

367 1386 493 1424 Deioit
517 1389 558 1424 et
582 1387 738 1424 tandem
763 1386 898 1424 mortis
922 1387 970 1424 ad
993 1399 1084 1434 yma
1107 1386 1258 1435 premit.

323 1443 395 1482 Sed
422 1445 515 1492 quid
539 1445 609 1482 hos
634 1457 792 1492 magnos
816 1447 972 1492 reputat
996 1445 1063 1493 qui
1090 1446 1201 1483 rebus
1224 1446 1451 1485 habundant

367 1502 418 1540 Et
445 1514 503 1540 res
527 1505 729 1550 propterea
753 1503 1016 1551 multiplicant
1040 1506 1080 1541 et
1104 1506 1248 1549 amant,

320 1561 582 1610 Multiplicata
605 1564 733 1599 tamen
757 1561 894 1599 alienis
919 1564 1060 1599 cuncta
1082 1562 1314 1609 relinquent,

368 1619 420 1658 Et
444 1632 531 1658 oum
555 1632 658 1658 mors
683 1620 820 1667 aderit,
845 1620 994 1658 diuidet
1017 1621 1087 1659 heo
1112 1622 1160 1658 ab
1186 1621 1272 1660 eis‘?

319 1677 472 1716 Nudum
497 1691 610 1726 quem
634 1679 736 1717 fudit
759 1679 938 1727 genitrix,
963 1679 1064 1717 hunc
1089 1681 1194 1718 terra
1217 1683 1383 1719 resumet

364 1737 537 1784 Nudum3
570 1738 624 1776 sie
649 1739 816 1776 hominis
842 1738 966 1777 exitus
989 1739 1116 1776 omnis
1140 1739 1224 1776 erit.

318 1795 390 1842 Qui
415 1797 626 1835 oumulauit
650 1809 742 1845 opes
767 1808 839 1836 neo
864 1809 927 1835 eas
950 1797 1127 1845 dispersit
1151 1798 1295 1846 egenis,

364 1854 550 1893 Omnibus
574 1856 641 1894 ille
664 1856 776 1894 bonis
800 1868 948 1904 semper
972 1857 1101 1904 egebit
1125 1856 1247 1904 inops.

318 1913 424 1952 Felix
448 1914 516 1962 qui
539 1915 651 1952 rebus
675 1915 792 1953 fuerit
815 1915 869 1952 sio
893 1915 1077 1962 temporis
1101 1928 1188 1952 usus

365 1973 454 2012 Post
477 1974 548 2012 hee
574 1974 713 2012 eternis
738 1974 858 2022 possit
881 1976 926 2011 ut
950 1975 1032 2022 ipse
1056 1974 1146 2011 frui.

318 2030 409 2069 Vita
432 2031 524 2079 quid
548 2035 606 2070 est
628 2031 830 2070 hominis?
859 2032 987 2070 breuis
1011 2033 1235 2080 expectaeio
1259 2034 1418 2077 mortis;

365 2088 559 2138 Exoptata
582 2091 689 2128 uenit
712 2103 825 2138 mors,
850 2091 928 2129 cito
953 2092 1037 2129 uita
1062 2092 1175 2140 fugit,

320 2147 370 2186 Et
394 2148 486 2196 quid
509 2149 555 2187 de
580 2149 662 2187 uita
685 2150 929 2198 presumitur,
956 2150 1130 2188 omnibus
1154 2150 1260 2188 horis

367 2206 463 2244 Cum
487 2207 540 2246 sit
562 2208 603 2245 in
629 2208 775 2245 insidiis
799 2220 907 2252 mors,
933 2209 1130 2247 subeunda
1153 2210 1302 2249 semel?

320 2266 424 2303 Mors
447 2278 523 2304 non
549 2267 696 2315 effugit,
719 2267 842 2304 dilata
865 2267 958 2305 licet
982 2268 1172 2305 uideatur.

366 2324 530 2363 Cunctos
553 2325 757 2363 inuoluens
780 2324 881 2363 mors
906 2326 1003 2364 facit
1028 2339 1127 2374 equa
1150 2339 1284 2375 pares;

319 2383 398 2420 Aut
420 2396 518 2431 puer
540 2387 608 2422 aut
632 2384 782 2423 iuuenis
806 2387 873 2422 aut
897 2385 960 2422 uir
983 2388 1052 2423 aut
1074 2386 1245 2434 pluribus
1270 2387 1378 2424 annis

367 2442 540 2480 Maturus
564 2443 699 2480 mortis
724 2443 856 2481 debita
882 2443 1007 2482 soluet
1029 2445 1155 2483 homo.

319 2499 416 2544 Quid
440 2501 559 2539 refert
582 2501 737 2548 quando
760 2502 951 2540 moriatur
973 2503 1040 2550 qui
1063 2504 1269 2542 moriturus

366 2558 546 2597 Nascitur
570 2561 611 2598 et
634 2560 739 2598 nullo
763 2562 936 2608 tempore
959 2564 1066 2600 tutus
1091 2563 1196 2601 erit?

322 2616 400 2654 Rex
425 2618 538 2655 simul
563 2620 603 2656 et
625 2618 770 2667 uulgus,
794 2619 942 2667 pariter
967 2633 1054 2658 eum
1078 2633 1247 2669 paupere
1273 2621 1379 2658 diues

366 2675 527 2724 Cogitur
551 2676 695 2714 inuitus
718 2677 853 2715 mortis
875 2678 977 2717 inire
1002 2680 1097 2718 uias.

679 2816 736 2848 91.
758 2803 785 2840 l.
803 2814 867 2841 eos
884 2831 887 2833 >
952 2807 974 2839 1.
991 2809 1138 2848 reputas

1467 2884 1533 2918 437

1605 1401 1652 1436 90

1582 1988 1648 2014 100

1580 2576 1647 2602 110
