<?xml version="1.0" encoding="UTF-8"?>
<!DOCTYPE html PUBLIC "-//W3C//DTD XHTML 1.0 Transitional//EN"
    "http://www.w3.org/TR/xhtml1/DTD/xhtml1-transitional.dtd">
<html xmlns="http://www.w3.org/1999/xhtml" xml:lang="en" lang="en">
 <head>
  <title>
</title>
<meta http-equiv="Content-Type" content="text/html;charset=utf-8" />
  <meta name='ocr-system' content='tesseract 3.04.00' />
  <meta name='ocr-capabilities' content='ocr_page ocr_carea ocr_par ocr_line ocrx_word'/>
</head>
<body>
  <div class='ocr_page' id='page_1' title='image "./policraticisived02john_0224.png"; bbox 0 0 1988 3250; ppageno 0'>
   <div class='ocr_carea' id='block_1_1' title="bbox 240 228 368 276">
    <p class='ocr_par' dir='ltr' id='par_1_1' title="bbox 240 228 368 276">
     <span class='ocr_line' id='line_1_1' title="bbox 240 228 368 276; baseline 0.016 -11"><span class='ocrx_word' id='word_1_1' title='bbox 240 230 323 276; x_wconf 74' lang='lat'><strong>&#39;702</strong></span> <span class='ocrx_word' id='word_1_2' title='bbox 341 228 368 267; x_wconf 84' lang='lat' dir='ltr'><strong>e</strong></span> 
     </span>
    </p>
   </div>
   <div class='ocr_carea' id='block_1_2' title="bbox 341 357 368 388">
    <p class='ocr_par' dir='ltr' id='par_1_2' title="bbox 341 357 368 388">
     <span class='ocr_line' id='line_1_2' title="bbox 341 357 368 388; baseline 0 0"><span class='ocrx_word' id='word_1_3' title='bbox 341 357 368 388; x_wconf 77' lang='lat' dir='ltr'>C</span> 
     </span>
    </p>
   </div>
   <div class='ocr_carea' id='block_1_3' title="bbox 341 1398 370 1439">
    <p class='ocr_par' dir='ltr' id='par_1_3' title="bbox 341 1398 370 1439">
     <span class='ocr_line' id='line_1_3' title="bbox 341 1398 370 1439; baseline 0 0"><span class='ocrx_word' id='word_1_4' title='bbox 341 1398 370 1439; x_wconf 88' lang='lat' dir='ltr'><strong>d</strong></span> 
     </span>
    </p>
   </div>
   <div class='ocr_carea' id='block_1_4' title="bbox 713 218 1848 281">
    <p class='ocr_par' dir='ltr' id='par_1_4' title="bbox 713 218 1848 281">
     <span class='ocr_line' id='line_1_4' title="bbox 713 218 1848 281; baseline -0.004 -13"><span class='ocrx_word' id='word_1_5' title='bbox 713 222 972 268; x_wconf 89' lang='lat' dir='ltr'><strong>IOANNIS</strong></span> <span class='ocrx_word' id='word_1_6' title='bbox 1011 220 1526 267; x_wconf 86' lang='lat' dir='ltr'>SARESBERIENSIS</span> <span class='ocrx_word' id='word_1_7' title='bbox 1650 218 1762 281; x_wconf 73' lang='grc' dir='ltr'><strong>[ΜΒ.</strong></span> <span class='ocrx_word' id='word_1_8' title='bbox 1776 227 1848 264; x_wconf 77' lang='lat' dir='ltr'><strong>VII</strong></span> 
     </span>
    </p>
   </div>
   <div class='ocr_carea' id='block_1_5' title="bbox 381 340 1851 609">
    <p class='ocr_par' dir='ltr' id='par_1_5' title="bbox 381 340 1851 609">
     <span class='ocr_line' id='line_1_5' title="bbox 385 340 1851 401; baseline -0.003 -14"><span class='ocrx_word' id='word_1_9' title='bbox 385 344 503 387; x_wconf 91' lang='lat' dir='ltr'><strong>idem</strong></span> <span class='ocrx_word' id='word_1_10' title='bbox 531 343 734 401; x_wconf 87' lang='lat' dir='ltr'><strong>proximo</strong></span> <span class='ocrx_word' id='word_1_11' title='bbox 762 344 914 398; x_wconf 84' lang='lat' dir='ltr'><strong>abesse</strong></span> <span class='ocrx_word' id='word_1_12' title='bbox 944 342 1166 387; x_wconf 87' lang='lat' dir='ltr'><strong>desiderat</strong></span> <span class='ocrx_word' id='word_1_13' title='bbox 1195 344 1250 392; x_wconf 91' lang='lat' dir='ltr'><strong>et,</strong></span> <span class='ocrx_word' id='word_1_14' title='bbox 1275 341 1313 384; x_wconf 90' lang='lat' dir='ltr'><strong>si</strong></span> <span class='ocrx_word' id='word_1_15' title='bbox 1339 356 1430 384; x_wconf 91' lang='lat' dir='ltr'><strong>non</strong></span> <span class='ocrx_word' id='word_1_16' title='bbox 1460 340 1588 392; x_wconf 90' lang='lat' dir='ltr'><strong>absit,</strong></span> <span class='ocrx_word' id='word_1_17' title='bbox 1610 340 1851 384; x_wconf 68' lang='lat' dir='ltr'><strong>infeliciter</strong></span> 
     </span>
     <span class='ocr_line' id='line_1_6' title="bbox 383 409 1847 471; baseline -0.003 -14"><span class='ocrx_word' id='word_1_18' title='bbox 383 413 619 464; x_wconf 86' lang='lat' dir='ltr'><strong>cruciatur,</strong></span> <span class='ocrx_word' id='word_1_19' title='bbox 649 417 695 456; x_wconf 91' lang='lat' dir='ltr'><strong>et</strong></span> <span class='ocrx_word' id='word_1_20' title='bbox 728 428 857 471; x_wconf 82' lang='lat' dir='ltr'><strong>saepe</strong></span> <span class='ocrx_word' id='word_1_21' title='bbox 887 414 935 455; x_wconf 93' lang='lat' dir='ltr'><strong>in</strong></span> <span class='ocrx_word' id='word_1_22' title='bbox 971 428 1022 456; x_wconf 94' lang='lat' dir='ltr'><strong>eo</strong></span> <span class='ocrx_word' id='word_1_23' title='bbox 1057 412 1175 469; x_wconf 92' lang='lat' dir='ltr'><strong>quod</strong></span> <span class='ocrx_word' id='word_1_24' title='bbox 1209 425 1299 454; x_wconf 91' lang='lat' dir='ltr'><strong>non</strong></span> <span class='ocrx_word' id='word_1_25' title='bbox 1333 410 1566 461; x_wconf 73' lang='lat' dir='ltr'><strong>desiderat,</strong></span> <span class='ocrx_word' id='word_1_26' title='bbox 1597 410 1704 453; x_wconf 92' lang='lat' dir='ltr'><strong>dum</strong></span> <span class='ocrx_word' id='word_1_27' title='bbox 1735 409 1847 452; x_wconf 91' lang='lat' dir='ltr'><strong>illud</strong></span> 
     </span>
     <span class='ocr_line' id='line_1_7' title="bbox 382 479 1850 540; baseline -0.003 -14"><span class='ocrx_word' id='word_1_28' title='bbox 382 483 586 540; x_wconf 84' lang='lat' dir='ltr'><strong>proximo</strong></span> <span class='ocrx_word' id='word_1_29' title='bbox 617 483 743 526; x_wconf 90' lang='lat' dir='ltr'><strong>uidet</strong></span> <span class='ocrx_word' id='word_1_30' title='bbox 781 483 944 534; x_wconf 81' lang='lat' dir='ltr'><strong>adesse,</strong></span> <span class='ocrx_word' id='word_1_31' title='bbox 975 483 1219 538; x_wconf 84' lang='lat' dir='ltr'><strong>torquetur.</strong></span> <span class='ocrx_word' id='word_1_32' title='bbox 1280 480 1415 522; x_wconf 88' lang='lat' dir='ltr'><strong>Recte</strong></span> <span class='ocrx_word' id='word_1_33' title='bbox 1447 479 1636 536; x_wconf 87' lang='lat' dir='ltr'><strong>quidem,</strong></span> <span class='ocrx_word' id='word_1_34' title='bbox 1670 494 1771 524; x_wconf 88' lang='lat' dir='ltr'><strong>cum</strong></span> <span class='ocrx_word' id='word_1_35' title='bbox 1803 481 1850 522; x_wconf 92' lang='lat' dir='ltr'><strong>et</strong></span> 
     </span>
     <span class='ocr_line' id='line_1_8' title="bbox 381 552 837 609; baseline -0.004 -13"><span class='ocrx_word' id='word_1_36' title='bbox 381 552 554 596; x_wconf 83' lang='lat' dir='ltr'><strong>ethicus</strong></span> <span class='ocrx_word' id='word_1_37' title='bbox 582 552 702 596; x_wconf 86' lang='lat' dir='ltr'><strong>dicat</strong></span> <span class='ocrx_word' id='word_1_38' title='bbox 731 552 837 609; x_wconf 86' lang='lat' dir='ltr'><strong>quia</strong></span> 
     </span>
    </p>
   </div>
   <div class='ocr_carea' id='block_1_6' title="bbox 499 646 1888 757">
    <p class='ocr_par' dir='ltr' id='par_1_6' title="bbox 499 646 1888 757">
     <span class='ocr_line' id='line_1_9' title="bbox 499 646 1888 704; baseline -0.003 -12"><span class='ocrx_word' id='word_1_39' title='bbox 499 649 662 693; x_wconf 90' lang='lat' dir='ltr'><strong>iustius</strong></span> <span class='ocrx_word' id='word_1_40' title='bbox 691 649 862 692; x_wconf 91' lang='lat' dir='ltr'><strong>inuidia</strong></span> <span class='ocrx_word' id='word_1_41' title='bbox 891 649 1028 692; x_wconf 88' lang='lat' dir='ltr'><strong>nichil</strong></span> <span class='ocrx_word' id='word_1_42' title='bbox 1058 651 1125 691; x_wconf 89' lang='lat' dir='ltr'><strong>est</strong></span> <span class='ocrx_word' id='word_1_43' title='bbox 1155 662 1267 704; x_wconf 90' lang='lat' dir='ltr'><strong>quae</strong></span> <span class='ocrx_word' id='word_1_44' title='bbox 1298 646 1501 703; x_wconf 86' lang='lat' dir='ltr'><strong>protinus</strong></span> <span class='ocrx_word' id='word_1_45' title='bbox 1530 646 1675 703; x_wconf 90' lang='lat' dir='ltr'><strong>ipsum</strong></span> <span class='ocrx_word' id='word_1_46' title='bbox 1869 665 1888 698; x_wconf 88' lang='lat'><strong>5</strong></span> 
     </span>
     <span class='ocr_line' id='line_1_10' title="bbox 557 705 1464 757; baseline -0.006 -6"><span class='ocrx_word' id='word_1_47' title='bbox 557 711 781 751; x_wconf 75' lang='lat' dir='ltr'><strong>auctorem</strong></span> <span class='ocrx_word' id='word_1_48' title='bbox 810 707 941 757; x_wconf 90' lang='lat' dir='ltr'><strong>rodit,</strong></span> <span class='ocrx_word' id='word_1_49' title='bbox 970 706 1226 749; x_wconf 79' lang='lat' dir='ltr'><strong>excrucians</strong></span> <span class='ocrx_word' id='word_1_50' title='bbox 1255 705 1464 748; x_wconf 89' lang='lat' dir='ltr'><strong>animum.</strong></span> 
     </span>
    </p>
   </div>
   <div class='ocr_carea' id='block_1_7' title="bbox 382 803 1851 1004">
    <p class='ocr_par' dir='ltr' id='par_1_7' title="bbox 382 803 1851 1004">
     <span class='ocr_line' id='line_1_11' title="bbox 383 803 1851 861; baseline -0.003 -12"><span class='ocrx_word' id='word_1_51' title='bbox 383 806 478 850; x_wconf 90' lang='lat' dir='ltr'><strong>Nec</strong></span> <span class='ocrx_word' id='word_1_52' title='bbox 497 806 595 849; x_wconf 92' lang='lat' dir='ltr'><strong>leue</strong></span> <span class='ocrx_word' id='word_1_53' title='bbox 619 808 890 848; x_wconf 90' lang='lat' dir='ltr'><strong>tormentum</strong></span> <span class='ocrx_word' id='word_1_54' title='bbox 914 805 1067 848; x_wconf 86' lang='lat' dir='ltr'><strong>credas</strong></span> <span class='ocrx_word' id='word_1_55' title='bbox 1091 818 1178 861; x_wconf 92' lang='lat' dir='ltr'><strong>quo</strong></span> <span class='ocrx_word' id='word_1_56' title='bbox 1203 803 1377 846; x_wconf 91' lang='lat' dir='ltr'><strong>nullum</strong></span> <span class='ocrx_word' id='word_1_57' title='bbox 1400 803 1583 860; x_wconf 86' lang='lat' dir='ltr'><strong>grauius</strong></span> <span class='ocrx_word' id='word_1_58' title='bbox 1608 805 1851 860; x_wconf 89' lang='lat' dir='ltr'><strong>potuerunt</strong></span> 
     </span>
     <span class='ocr_line' id='line_1_12' title="bbox 383 871 1851 932; baseline -0.003 -13"><span class='ocrx_word' id='word_1_59' title='bbox 383 875 522 919; x_wconf 88' lang='lat' dir='ltr'><strong>Siculi</strong></span> <span class='ocrx_word' id='word_1_60' title='bbox 552 875 803 932; x_wconf 82' lang='lat' dir='ltr'><strong>excogitare</strong></span> <span class='ocrx_word' id='word_1_61' title='bbox 830 874 1009 917; x_wconf 90' lang='lat' dir='ltr'><strong>tiranni.</strong></span> <span class='ocrx_word' id='word_1_62' title='bbox 1071 873 1244 916; x_wconf 89' lang='lat' dir='ltr'><strong>Pestem</strong></span> <span class='ocrx_word' id='word_1_63' title='bbox 1268 873 1394 923; x_wconf 90' lang='lat' dir='ltr'><strong>hanc,</strong></span> <span class='ocrx_word' id='word_1_64' title='bbox 1418 873 1520 915; x_wconf 87' lang='lat' dir='ltr'><strong>licet</strong></span> <span class='ocrx_word' id='word_1_65' title='bbox 1546 871 1707 929; x_wconf 85' lang='lat' dir='ltr'><strong>poetici</strong></span> <span class='ocrx_word' id='word_1_66' title='bbox 1733 871 1851 914; x_wconf 89' lang='lat' dir='ltr'><strong>nube</strong></span> 
     </span>
     <span class='ocr_line' id='line_1_13' title="bbox 382 942 1620 1004; baseline -0.004 -15"><span class='ocrx_word' id='word_1_67' title='bbox 382 945 597 1004; x_wconf 86' lang='lat' dir='ltr'><strong>figmenti,</strong></span> <span class='ocrx_word' id='word_1_68' title='bbox 618 945 740 988; x_wconf 82' lang='lat' dir='ltr'><strong>Naso</strong></span> <span class='ocrx_word' id='word_1_69' title='bbox 760 944 965 1001; x_wconf 88' lang='lat' dir='ltr'><strong>depinxit</strong></span> <span class='ocrx_word' id='word_1_70' title='bbox 984 943 1209 1000; x_wconf 84' lang='lat' dir='ltr'><strong>eleganter</strong></span> <span class='ocrx_word' id='word_1_71' title='bbox 1229 942 1408 999; x_wconf 90' lang='lat' dir='ltr'><strong>quidem</strong></span> <span class='ocrx_word' id='word_1_72' title='bbox 1428 945 1474 985; x_wconf 90' lang='lat' dir='ltr'><strong>et</strong></span> <span class='ocrx_word' id='word_1_73' title='bbox 1493 956 1620 985; x_wconf 86' lang='lat' dir='ltr'><strong>uere:</strong></span> 
     </span>
    </p>
   </div>
   <div class='ocr_carea' id='block_1_8' title="bbox 498 1041 1913 1565">
    <p class='ocr_par' dir='ltr' id='par_1_8' title="bbox 498 1041 1913 1157">
     <span class='ocr_line' id='line_1_14' title="bbox 500 1041 1913 1097; baseline -0.003 -11"><span class='ocrx_word' id='word_1_74' title='bbox 500 1043 649 1086; x_wconf 91' lang='lat' dir='ltr'><strong>Pallor</strong></span> <span class='ocrx_word' id='word_1_75' title='bbox 677 1042 725 1084; x_wconf 92' lang='lat' dir='ltr'><strong>in</strong></span> <span class='ocrx_word' id='word_1_76' title='bbox 754 1056 829 1085; x_wconf 90' lang='lat' dir='ltr'><strong>ore</strong></span> <span class='ocrx_word' id='word_1_77' title='bbox 859 1041 993 1093; x_wconf 88' lang='lat' dir='ltr'><strong>sedet,</strong></span> <span class='ocrx_word' id='word_1_78' title='bbox 1023 1041 1184 1084; x_wconf 88' lang='lat' dir='ltr'><strong>macies</strong></span> <span class='ocrx_word' id='word_1_79' title='bbox 1214 1041 1262 1082; x_wconf 92' lang='lat' dir='ltr'><strong>in</strong></span> <span class='ocrx_word' id='word_1_80' title='bbox 1291 1054 1471 1097; x_wconf 86' lang='lat' dir='ltr'><strong>corpore</strong></span> <span class='ocrx_word' id='word_1_81' title='bbox 1501 1042 1620 1092; x_wconf 81' lang='lat' dir='ltr'><strong>tot03</strong></span> <span class='ocrx_word' id='word_1_82' title='bbox 1871 1057 1913 1082; x_wconf 90' lang='lat'><strong>10</strong></span> 
     </span>
     <span class='ocr_line' id='line_1_15' title="bbox 498 1098 1625 1157; baseline -0.002 -14"><span class='ocrx_word' id='word_1_83' title='bbox 498 1115 717 1157; x_wconf 87' lang='lat' dir='ltr'><strong>nusquam</strong></span> <span class='ocrx_word' id='word_1_84' title='bbox 748 1103 869 1143; x_wconf 84' lang='lat' dir='ltr'><strong>recta</strong></span> <span class='ocrx_word' id='word_1_85' title='bbox 897 1100 1023 1150; x_wconf 86' lang='lat' dir='ltr'><strong>acies,</strong></span> <span class='ocrx_word' id='word_1_86' title='bbox 1053 1099 1196 1142; x_wconf 89' lang='lat' dir='ltr'><strong>liuent</strong></span> <span class='ocrx_word' id='word_1_87' title='bbox 1225 1098 1322 1141; x_wconf 83' lang='lat' dir='ltr'><strong>rub&#39;</strong></span> <span class='ocrx_word' id='word_1_88' title='bbox 1360 1098 1369 1107; x_wconf 85' lang='grc'><em>“</em></span> <span class='ocrx_word' id='word_1_89' title='bbox 1406 1113 1429 1140; x_wconf 90' lang='lat' dir='ltr'><strong>e</strong></span> <span class='ocrx_word' id='word_1_90' title='bbox 1459 1099 1625 1149; x_wconf 88' lang='lat' dir='ltr'><strong>dentes,</strong></span> 
     </span>
    </p>

    <p class='ocr_par' dir='ltr' id='par_1_9' title="bbox 499 1157 1690 1216">
     <span class='ocr_line' id='line_1_16' title="bbox 499 1157 1690 1216; baseline -0.002 -14"><span class='ocrx_word' id='word_1_91' title='bbox 499 1163 679 1216; x_wconf 87' lang='lat' dir='ltr'><strong>pectora</strong></span> <span class='ocrx_word' id='word_1_92' title='bbox 708 1158 811 1201; x_wconf 85' lang='lat' dir='ltr'><strong>felle</strong></span> <span class='ocrx_word' id='word_1_93' title='bbox 842 1158 1002 1208; x_wconf 89' lang='lat' dir='ltr'><strong>uirent‚</strong></span> <span class='ocrx_word' id='word_1_94' title='bbox 1031 1157 1199 1200; x_wconf 88' lang='lat' dir='ltr'><strong>suffusa</strong></span> <span class='ocrx_word' id='word_1_95' title='bbox 1229 1159 1296 1200; x_wconf 89' lang='lat' dir='ltr'><strong>est</strong></span> <span class='ocrx_word' id='word_1_96' title='bbox 1343 1157 1480 1214; x_wconf 87' lang='lat' dir='ltr'><strong>ingua</strong></span> <span class='ocrx_word' id='word_1_97' title='bbox 1509 1171 1690 1200; x_wconf 89' lang='lat' dir='ltr'><strong>ueneno.</strong></span> 
     </span>
    </p>

    <p class='ocr_par' dir='ltr' id='par_1_10' title="bbox 502 1214 1581 1272">
     <span class='ocr_line' id='line_1_17' title="bbox 502 1214 1581 1272; baseline -0.002 -12"><span class='ocrx_word' id='word_1_98' title='bbox 502 1217 634 1260; x_wconf 87' lang='lat' dir='ltr'><strong>Risus</strong></span> <span class='ocrx_word' id='word_1_99' title='bbox 664 1217 801 1266; x_wconf 90' lang='lat' dir='ltr'><strong>abest,</strong></span> <span class='ocrx_word' id='word_1_100' title='bbox 831 1216 918 1259; x_wconf 90' lang='lat' dir='ltr'><strong>nisi</strong></span> <span class='ocrx_word' id='word_1_101' title='bbox 948 1230 1078 1272; x_wconf 91' lang='lat' dir='ltr'><strong>quem</strong></span> <span class='ocrx_word' id='word_1_102' title='bbox 1109 1215 1196 1258; x_wconf 90' lang='lat' dir='ltr'><strong>uisi</strong></span> <span class='ocrx_word' id='word_1_103' title='bbox 1226 1214 1368 1258; x_wconf 83' lang='lat' dir='ltr'><strong>fecere</strong></span> <span class='ocrx_word' id='word_1_104' title='bbox 1398 1214 1581 1267; x_wconf 90' lang='lat' dir='ltr'><strong>dolores,</strong></span> 
     </span>
    </p>

    <p class='ocr_par' dir='ltr' id='par_1_11' title="bbox 502 1273 1763 1332">
     <span class='ocr_line' id='line_1_18' title="bbox 502 1273 1763 1332; baseline -0.002 -14"><span class='ocrx_word' id='word_1_105' title='bbox 502 1275 668 1332; x_wconf 86' lang='lat' dir='ltr'><strong>uixque</strong></span> <span class='ocrx_word' id='word_1_106' title='bbox 698 1277 821 1317; x_wconf 92' lang='lat' dir='ltr'><strong>tenet</strong></span> <span class='ocrx_word' id='word_1_107' title='bbox 850 1274 1053 1317; x_wconf 86' lang='lat' dir='ltr'><strong>lacrimas</strong></span> <span class='ocrx_word' id='word_1_108' title='bbox 1084 1273 1188 1330; x_wconf 89' lang='lat' dir='ltr'><strong>quia</strong></span> <span class='ocrx_word' id='word_1_109' title='bbox 1218 1273 1282 1315; x_wconf 92' lang='lat' dir='ltr'><strong>nil</strong></span> <span class='ocrx_word' id='word_1_110' title='bbox 1313 1273 1582 1316; x_wconf 88' lang='lat' dir='ltr'><strong>lacrimabile</strong></span> <span class='ocrx_word' id='word_1_111' title='bbox 1611 1273 1763 1316; x_wconf 81' lang='lat' dir='ltr'><strong>cernit.</strong></span> 
     </span>
    </p>

    <p class='ocr_par' dir='ltr' id='par_1_12' title="bbox 503 1331 1911 1448">
     <span class='ocr_line' id='line_1_19' title="bbox 504 1331 1911 1389; baseline -0.003 -13"><span class='ocrx_word' id='word_1_112' title='bbox 504 1333 599 1376; x_wconf 89' lang='lat' dir='ltr'><strong>Nec</strong></span> <span class='ocrx_word' id='word_1_113' title='bbox 629 1333 797 1375; x_wconf 81' lang='lat' dir='ltr'><strong>fruitur</strong></span> <span class='ocrx_word' id='word_1_114' title='bbox 826 1346 1009 1389; x_wconf 89' lang='lat' dir='ltr'><strong>sompno</strong></span> <span class='ocrx_word' id='word_1_115' title='bbox 1038 1331 1331 1389; x_wconf 88' lang='lat' dir='ltr'><strong>uigilantibus</strong></span> <span class='ocrx_word' id='word_1_116' title='bbox 1360 1331 1507 1374; x_wconf 82' lang='lat' dir='ltr'><strong>excita</strong></span> <span class='ocrx_word' id='word_1_117' title='bbox 1535 1331 1663 1383; x_wconf 88' lang='lat' dir='ltr'><strong>curis,</strong></span> <span class='ocrx_word' id='word_1_118' title='bbox 1871 1348 1911 1384; x_wconf 83' lang='lat'><strong>15</strong></span> 
     </span>
     <span class='ocr_line' id='line_1_20' title="bbox 503 1389 1534 1448; baseline -0.003 -14"><span class='ocrx_word' id='word_1_119' title='bbox 503 1391 580 1434; x_wconf 87' lang='lat' dir='ltr'><strong>sed</strong></span> <span class='ocrx_word' id='word_1_120' title='bbox 609 1391 734 1433; x_wconf 92' lang='lat' dir='ltr'><strong>uidet</strong></span> <span class='ocrx_word' id='word_1_121' title='bbox 763 1391 962 1448; x_wconf 88' lang='lat' dir='ltr'><strong>ingratos</strong></span> <span class='ocrx_word' id='word_1_122' title='bbox 991 1390 1312 1446; x_wconf 86' lang='lat' dir='ltr'><strong>intabescitque</strong></span> <span class='ocrx_word' id='word_1_123' title='bbox 1342 1389 1534 1432; x_wconf 91' lang='lat' dir='ltr'><strong>uidendo</strong></span> 
     </span>
    </p>

    <p class='ocr_par' dir='ltr' id='par_1_13' title="bbox 500 1447 1693 1565">
     <span class='ocr_line' id='line_1_21' title="bbox 503 1447 1693 1505; baseline -0.001 -13"><span class='ocrx_word' id='word_1_124' title='bbox 503 1463 726 1492; x_wconf 88' lang='lat' dir='ltr'><strong>successus</strong></span> <span class='ocrx_word' id='word_1_125' title='bbox 756 1448 998 1500; x_wconf 90' lang='lat' dir='ltr'><strong>hominum,</strong></span> <span class='ocrx_word' id='word_1_126' title='bbox 1029 1448 1259 1505; x_wconf 87' lang='lat' dir='ltr'><strong>carpitque</strong></span> <span class='ocrx_word' id='word_1_127' title='bbox 1289 1449 1334 1490; x_wconf 89' lang='lat' dir='ltr'><strong>et</strong></span> <span class='ocrx_word' id='word_1_128' title='bbox 1363 1447 1563 1504; x_wconf 85' lang='lat' dir='ltr'><strong>carpitur</strong></span> <span class='ocrx_word' id='word_1_129' title='bbox 1591 1463 1693 1499; x_wconf 91' lang='lat' dir='ltr'><strong>una,</strong></span> 
     </span>
     <span class='ocr_line' id='line_1_22' title="bbox 500 1507 1119 1565; baseline -0.002 -15"><span class='ocrx_word' id='word_1_130' title='bbox 500 1507 852 1565; x_wconf 89' lang='lat' dir='ltr'><strong>suppliciumque</strong></span> <span class='ocrx_word' id='word_1_131' title='bbox 881 1521 1010 1550; x_wconf 88' lang='lat' dir='ltr'><strong>suum</strong></span> <span class='ocrx_word' id='word_1_132' title='bbox 1041 1509 1119 1549; x_wconf 90' lang='lat' dir='ltr'><strong>est.</strong></span> 
     </span>
    </p>
   </div>
   <div class='ocr_carea' id='block_1_9' title="bbox 384 1602 1915 2148">
    <p class='ocr_par' dir='ltr' id='par_1_14' title="bbox 384 1602 1915 2148">
     <span class='ocr_line' id='line_1_23' title="bbox 384 1602 1850 1662; baseline -0.001 -14"><span class='ocrx_word' id='word_1_133' title='bbox 384 1604 488 1648; x_wconf 91' lang='lat' dir='ltr'><strong>Non</strong></span> <span class='ocrx_word' id='word_1_134' title='bbox 516 1607 583 1648; x_wconf 88' lang='lat' dir='ltr'><strong>est</strong></span> <span class='ocrx_word' id='word_1_135' title='bbox 609 1608 759 1647; x_wconf 88' lang='lat' dir='ltr'><strong>autem</strong></span> <span class='ocrx_word' id='word_1_136' title='bbox 789 1604 936 1646; x_wconf 92' lang='lat' dir='ltr'><strong>minus</strong></span> <span class='ocrx_word' id='word_1_137' title='bbox 959 1618 1067 1647; x_wconf 90' lang='lat' dir='ltr'><strong>uera</strong></span> <span class='ocrx_word' id='word_1_138' title='bbox 1092 1603 1342 1661; x_wconf 84' lang='lat' dir='ltr'><strong>descriptio,</strong></span> <span class='ocrx_word' id='word_1_139' title='bbox 1362 1604 1465 1648; x_wconf 91' lang='lat' dir='ltr'><strong>licet</strong></span> <span class='ocrx_word' id='word_1_140' title='bbox 1492 1604 1556 1647; x_wconf 89' lang='lat' dir='ltr'><strong>rei</strong></span> <span class='ocrx_word' id='word_1_141' title='bbox 1586 1602 1850 1662; x_wconf 88' lang='lat' dir='ltr'><strong>incorporali</strong></span> 
     </span>
     <span class='ocr_line' id='line_1_24' title="bbox 384 1673 1915 1732; baseline 0 -14"><span class='ocrx_word' id='word_1_142' title='bbox 384 1674 579 1732; x_wconf 80' lang='lat' dir='ltr'><strong>corporis</strong></span> <span class='ocrx_word' id='word_1_143' title='bbox 609 1673 969 1731; x_wconf 83' lang='lat' dir='ltr'><strong>compositionem</strong></span> <span class='ocrx_word' id='word_1_144' title='bbox 990 1675 1145 1716; x_wconf 87' lang='lat' dir='ltr'><strong>auctor</strong></span> <span class='ocrx_word' id='word_1_145' title='bbox 1163 1673 1398 1726; x_wconf 88' lang='lat' dir='ltr'><strong>adscribat,</strong></span> <span class='ocrx_word' id='word_1_146' title='bbox 1417 1688 1518 1717; x_wconf 91' lang='lat' dir='ltr'><strong>cum</strong></span> <span class='ocrx_word' id='word_1_147' title='bbox 1543 1674 1590 1716; x_wconf 91' lang='lat' dir='ltr'><strong>in</strong></span> <span class='ocrx_word' id='word_1_148' title='bbox 1611 1688 1662 1716; x_wconf 90' lang='lat' dir='ltr'><strong>eo</strong></span> <span class='ocrx_word' id='word_1_149' title='bbox 1681 1674 1852 1731; x_wconf 84' lang='lat' dir='ltr'><strong>figurae</strong></span> <span class='ocrx_word' id='word_1_150' title='bbox 1871 1692 1915 1718; x_wconf 82' lang='lat'><strong>20</strong></span> 
     </span>
     <span class='ocr_line' id='line_1_25' title="bbox 386 1742 1853 1801; baseline 0 -15"><span class='ocrx_word' id='word_1_151' title='bbox 386 1758 500 1800; x_wconf 86' lang='lat' dir='ltr'><strong>quae</strong></span> <span class='ocrx_word' id='word_1_152' title='bbox 526 1743 770 1801; x_wconf 84' lang='lat' dir='ltr'><strong>sarcofegia</strong></span> <span class='ocrx_word' id='word_1_153' title='bbox 793 1743 865 1786; x_wconf 90' lang='lat' dir='ltr'><strong>uel</strong></span> <span class='ocrx_word' id='word_1_154' title='bbox 889 1742 1202 1800; x_wconf 86' lang='lat' dir='ltr'><strong>sarcographia</strong></span> <span class='ocrx_word' id='word_1_155' title='bbox 1227 1743 1392 1786; x_wconf 88' lang='lat' dir='ltr'><strong>dicitur</strong></span> <span class='ocrx_word' id='word_1_156' title='bbox 1411 1743 1481 1786; x_wconf 89' lang='lat' dir='ltr'><strong>uis</strong></span> <span class='ocrx_word' id='word_1_157' title='bbox 1500 1743 1715 1786; x_wconf 89' lang='lat' dir='ltr'><strong>consistat</strong></span> <span class='ocrx_word' id='word_1_158' title='bbox 1734 1742 1853 1800; x_wconf 89' lang='lat' dir='ltr'><strong>quod</strong></span> 
     </span>
     <span class='ocr_line' id='line_1_26' title="bbox 386 1812 1853 1870; baseline -0.001 -14"><span class='ocrx_word' id='word_1_159' title='bbox 386 1813 518 1856; x_wconf 85' lang='lat' dir='ltr'><strong>rebus</strong></span> <span class='ocrx_word' id='word_1_160' title='bbox 544 1812 892 1870; x_wconf 87' lang='lat' dir='ltr'><strong>incorporalibus</strong></span> <span class='ocrx_word' id='word_1_161' title='bbox 915 1812 1109 1869; x_wconf 87' lang='lat' dir='ltr'><strong>corporis</strong></span> <span class='ocrx_word' id='word_1_162' title='bbox 1129 1812 1397 1855; x_wconf 89' lang='lat' dir='ltr'><strong>lineamenta</strong></span> <span class='ocrx_word' id='word_1_163' title='bbox 1421 1812 1604 1856; x_wconf 87' lang='lat' dir='ltr'><strong>licenter</strong></span> <span class='ocrx_word' id='word_1_164' title='bbox 1623 1813 1853 1856; x_wconf 79' lang='lat' dir='ltr'><strong>adtribuit.</strong></span> 
     </span>
     <span class='ocr_line' id='line_1_27' title="bbox 386 1881 1853 1939; baseline 0.001 -15"><span class='ocrx_word' id='word_1_165' title='bbox 386 1881 484 1925; x_wconf 90' lang='lat' dir='ltr'><strong>Hoc</strong></span> <span class='ocrx_word' id='word_1_166' title='bbox 513 1881 690 1938; x_wconf 91' lang='lat' dir='ltr'><strong>quidem</strong></span> <span class='ocrx_word' id='word_1_167' title='bbox 720 1881 869 1939; x_wconf 88' lang='lat' dir='ltr'><strong>potius</strong></span> <span class='ocrx_word' id='word_1_168' title='bbox 895 1881 1225 1924; x_wconf 89' lang='lat' dir='ltr'><strong>adtendendum</strong></span> <span class='ocrx_word' id='word_1_169' title='bbox 1255 1882 1373 1939; x_wconf 91' lang='lat' dir='ltr'><strong>quod</strong></span> <span class='ocrx_word' id='word_1_170' title='bbox 1402 1882 1526 1925; x_wconf 93' lang='lat' dir='ltr'><strong>nulla</strong></span> <span class='ocrx_word' id='word_1_171' title='bbox 1554 1882 1624 1925; x_wconf 92' lang='lat' dir='ltr'><strong>uis</strong></span> <span class='ocrx_word' id='word_1_172' title='bbox 1653 1882 1853 1925; x_wconf 89' lang='lat' dir='ltr'><strong>beneficii</strong></span> 
     </span>
     <span class='ocr_line' id='line_1_28' title="bbox 385 1950 1854 2008; baseline 0.001 -14"><span class='ocrx_word' id='word_1_173' title='bbox 385 1954 465 1994; x_wconf 86' lang='lat' dir='ltr'><strong>aut</strong></span> <span class='ocrx_word' id='word_1_174' title='bbox 484 1954 672 1994; x_wconf 89' lang='lat' dir='ltr'><strong>naturae</strong></span> <span class='ocrx_word' id='word_1_175' title='bbox 691 1951 914 1994; x_wconf 88' lang='lat' dir='ltr'><strong>flammam</strong></span> <span class='ocrx_word' id='word_1_176' title='bbox 931 1950 1171 2008; x_wconf 84' lang='lat' dir='ltr'><strong>restinguit</strong></span> <span class='ocrx_word' id='word_1_177' title='bbox 1190 1951 1397 1994; x_wconf 90' lang='lat' dir='ltr'><strong>inuidiae.</strong></span> <span class='ocrx_word' id='word_1_178' title='bbox 1456 1951 1574 1994; x_wconf 90' lang='lat' dir='ltr'><strong>Nam</strong></span> <span class='ocrx_word' id='word_1_179' title='bbox 1594 1954 1640 1995; x_wconf 89' lang='lat' dir='ltr'><strong>et</strong></span> <span class='ocrx_word' id='word_1_180' title='bbox 1661 1952 1854 1996; x_wconf 88' lang='lat' dir='ltr'><strong>Palladis</strong></span> 
     </span>
     <span class='ocr_line' id='line_1_29' title="bbox 385 2020 1913 2078; baseline 0.002 -15"><span class='ocrx_word' id='word_1_181' title='bbox 385 2020 557 2063; x_wconf 85' lang='lat' dir='ltr'><strong>uiribus</strong></span> <span class='ocrx_word' id='word_1_182' title='bbox 597 2023 643 2064; x_wconf 89' lang='lat' dir='ltr'><strong>et</strong></span> <span class='ocrx_word' id='word_1_183' title='bbox 682 2020 826 2063; x_wconf 85' lang='lat' dir='ltr'><strong>forma</strong></span> <span class='ocrx_word' id='word_1_184' title='bbox 864 2023 1030 2063; x_wconf 87' lang='lat' dir='ltr'><strong>motam</strong></span> <span class='ocrx_word' id='word_1_185' title='bbox 1071 2020 1280 2064; x_wconf 88' lang='lat' dir='ltr'><strong>describit</strong></span> <span class='ocrx_word' id='word_1_186' title='bbox 1315 2021 1562 2074; x_wconf 85' lang='lat' dir='ltr'><strong>Inuidiam3</strong></span> <span class='ocrx_word' id='word_1_187' title='bbox 1602 2024 1649 2064; x_wconf 91' lang='lat' dir='ltr'><strong>et</strong></span> <span class='ocrx_word' id='word_1_188' title='bbox 1691 2021 1853 2066; x_wconf 84' lang='lat' dir='ltr'><strong>sororis</strong></span> <span class='ocrx_word' id='word_1_189' title='bbox 1872 2043 1913 2078; x_wconf 81' lang='lat'><strong>2⁵</strong></span> 
     </span>
     <span class='ocr_line' id='line_1_30' title="bbox 388 2088 1855 2148; baseline 0.002 -16"><span class='ocrx_word' id='word_1_190' title='bbox 388 2088 537 2133; x_wconf 83' lang='lat' dir='ltr'><strong>felices</strong></span> <span class='ocrx_word' id='word_1_191' title='bbox 577 2089 796 2133; x_wconf 87' lang='lat' dir='ltr'><strong>thalamos</strong></span> <span class='ocrx_word' id='word_1_192' title='bbox 835 2103 959 2132; x_wconf 82' lang='lat' dir='ltr'><strong>soror</strong></span> <span class='ocrx_word' id='word_1_193' title='bbox 997 2089 1226 2133; x_wconf 83' lang='lat' dir='ltr'><strong>stimulata</strong></span> <span class='ocrx_word' id='word_1_194' title='bbox 1267 2089 1383 2133; x_wconf 80' lang='lat' dir='ltr'><strong>ferre</strong></span> <span class='ocrx_word' id='word_1_195' title='bbox 1415 2105 1503 2134; x_wconf 89' lang='lat' dir='ltr'><strong>non</strong></span> <span class='ocrx_word' id='word_1_196' title='bbox 1539 2091 1688 2148; x_wconf 89' lang='lat' dir='ltr'><strong>potuit</strong></span> <span class='ocrx_word' id='word_1_197' title='bbox 1721 2094 1768 2135; x_wconf 89' lang='lat' dir='ltr'><strong>et</strong></span> <span class='ocrx_word' id='word_1_198' title='bbox 1801 2094 1855 2135; x_wconf 90' lang='lat' dir='ltr'><strong>ut</strong></span> 
     </span>
    </p>
   </div>
   <div class='ocr_carea' id='block_1_10' title="bbox 383 2217 1858 2315">
    <p class='ocr_par' dir='ltr' id='par_1_15' title="bbox 383 2217 1858 2315">
     <span class='ocr_line' id='line_1_31' title="bbox 386 2217 1858 2266; baseline 0.003 -12"><span class='ocrx_word' id='word_1_199' title='bbox 386 2229 407 2255; x_wconf 89' lang='lat'>2</span> <span class='ocrx_word' id='word_1_200' title='bbox 430 2224 512 2265; x_wconf 75' lang='lat' dir='ltr'><strong>poet</strong></span> <span class='ocrx_word' id='word_1_201' title='bbox 529 2217 626 2254; x_wconf 87' lang='lat' dir='ltr'><strong>illud</strong></span> <span class='ocrx_word' id='word_1_202' title='bbox 642 2220 725 2255; x_wconf 81' lang='lat' dir='ltr'><strong>add.</strong></span> <span class='ocrx_word' id='word_1_203' title='bbox 742 2217 782 2254; x_wconf 86' lang='lat' dir='ltr'><strong>in</strong></span> <span class='ocrx_word' id='word_1_204' title='bbox 799 2218 832 2254; x_wconf 80' lang='lat' dir='ltr'>A</span> <span class='ocrx_word' id='word_1_205' title='bbox 926 2228 946 2264; x_wconf 89' lang='lat'>3</span> <span class='ocrx_word' id='word_1_206' title='bbox 972 2218 1102 2257; x_wconf 76' lang='lat' dir='ltr'><strong>abesse</strong></span> <span class='ocrx_word' id='word_1_207' title='bbox 1118 2219 1150 2255; x_wconf 85' lang='lat' dir='ltr'>A</span> <span class='ocrx_word' id='word_1_208' title='bbox 1295 2228 1335 2266; x_wconf 83' lang='lat'><strong>15</strong></span> <span class='ocrx_word' id='word_1_209' title='bbox 1363 2230 1494 2256; x_wconf 77' lang='lat' dir='ltr'><strong>somno</strong></span> <span class='ocrx_word' id='word_1_210' title='bbox 1513 2219 1541 2256; x_wconf 89' lang='lat'><em>0</em></span> <span class='ocrx_word' id='word_1_211' title='bbox 1669 2230 1712 2259; x_wconf 87' lang='lat'><strong>21</strong></span> <span class='ocrx_word' id='word_1_212' title='bbox 1740 2232 1858 2259; x_wconf 81' lang='lat' dir='ltr'><strong>sarco-</strong></span> 
     </span>
     <span class='ocr_line' id='line_1_32' title="bbox 383 2265 983 2315; baseline -0.002 -12"><span class='ocrx_word' id='word_1_213' title='bbox 383 2267 504 2315; x_wconf 78' lang='lat' dir='ltr'><strong>grafia</strong></span> <span class='ocrx_word' id='word_1_214' title='bbox 521 2265 545 2303; x_wconf 89' lang='lat' dir='ltr'>S</span> <span class='ocrx_word' id='word_1_215' title='bbox 690 2275 735 2311; x_wconf 80' lang='lat'><strong>24</strong></span> <span class='ocrx_word' id='word_1_216' title='bbox 759 2265 911 2303; x_wconf 79' lang='lat' dir='ltr'><strong>flamam</strong></span> <span class='ocrx_word' id='word_1_217' title='bbox 928 2265 983 2303; x_wconf 81' lang='grc' dir='ltr'><strong>ΟΒ</strong></span> 
     </span>
    </p>
   </div>
   <div class='ocr_carea' id='block_1_11' title="bbox 393 2344 674 2350">
    <p class='ocr_par' dir='ltr' id='par_1_16' title="bbox 393 2344 674 2350">
     <span class='ocr_line' id='line_1_33' title="bbox 393 2344 674 2350; baseline 0 0"><span class='ocrx_word' id='word_1_218' title='bbox 393 2344 674 2350; x_wconf 95' lang='lat' dir='ltr'><strong> </strong></span> 
     </span>
    </p>
   </div>
   <div class='ocr_carea' id='block_1_12' title="bbox 386 2381 1859 2906">
    <p class='ocr_par' dir='ltr' id='par_1_17' title="bbox 386 2381 1859 2906">
     <span class='ocr_line' id='line_1_34' title="bbox 437 2381 1858 2432; baseline 0.004 -14"><span class='ocrx_word' id='word_1_219' title='bbox 437 2391 455 2430; x_wconf 83' lang='grc'><strong>5</strong></span> <span class='ocrx_word' id='word_1_220' title='bbox 484 2385 617 2419; x_wconf 68' lang='lat' dir='ltr'><strong>iustius</strong></span> <span class='ocrx_word' id='word_1_221' title='bbox 632 2384 725 2421; x_wconf 86' lang='lat' dir='ltr'><strong>etc.:</strong></span> <span class='ocrx_word' id='word_1_222' title='bbox 752 2381 831 2420; x_wconf 73' lang='lat' dir='ltr'><strong>Hos</strong></span> <span class='ocrx_word' id='word_1_223' title='bbox 846 2381 1045 2420; x_wconf 72' lang='lat' dir='ltr'><strong>versiculo·</strong></span> <span class='ocrx_word' id='word_1_224' title='bbox 1061 2382 1156 2420; x_wconf 83' lang='lat' dir='ltr'><strong>citat</strong></span> <span class='ocrx_word' id='word_1_225' title='bbox 1174 2382 1330 2420; x_wconf 85' lang='lat' dir='ltr'><strong>Hieron.</strong></span> <span class='ocrx_word' id='word_1_226' title='bbox 1354 2383 1425 2421; x_wconf 86' lang='lat' dir='ltr'><strong>loc.</strong></span> <span class='ocrx_word' id='word_1_227' title='bbox 1450 2396 1565 2432; x_wconf 79' lang='lat' dir='ltr'><strong>supra</strong></span> <span class='ocrx_word' id='word_1_228' title='bbox 1590 2384 1672 2432; x_wconf 65' lang='lat' dir='ltr'><strong>cit„</strong></span> <span class='ocrx_word' id='word_1_229' title='bbox 1689 2385 1755 2423; x_wconf 87' lang='lat' dir='ltr'><strong>ubi</strong></span> <span class='ocrx_word' id='word_1_230' title='bbox 1779 2386 1858 2424; x_wconf 79' lang='lat' dir='ltr'><strong>ait:</strong></span> 
     </span>
     <span class='ocr_line' id='line_1_35' title="bbox 388 2431 1859 2487; baseline 0.003 -20"><span class='ocrx_word' id='word_1_231' title='bbox 388 2431 541 2467; x_wconf 81' lang='lat' dir='ltr'><strong>Pulchre</strong></span> <span class='ocrx_word' id='word_1_232' title='bbox 555 2432 706 2487; x_wconf 64' lang='lat' dir='ltr'><strong>quidam</strong></span> <span class='ocrx_word' id='word_1_233' title='bbox 721 2432 764 2466; x_wconf 71' lang='lat' dir='ltr'><strong>do</strong></span> <span class='ocrx_word' id='word_1_234' title='bbox 779 2432 974 2473; x_wconf 69' lang='lat' dir='ltr'><strong>neotericis,</strong></span> <span class='ocrx_word' id='word_1_235' title='bbox 994 2433 1172 2467; x_wconf 82' lang='lat' dir='ltr'><strong>Graecum</strong></span> <span class='ocrx_word' id='word_1_236' title='bbox 1189 2443 1325 2467; x_wconf 77' lang='lat' dir='ltr'><strong>versum</strong></span> <span class='ocrx_word' id='word_1_237' title='bbox 1338 2434 1570 2477; x_wconf 68' lang='lat' dir='ltr'><strong>transferens,</strong></span> <span class='ocrx_word' id='word_1_238' title='bbox 1583 2435 1735 2479; x_wconf 71' lang='lat' dir='ltr'><strong>eleyfaoo</strong></span> <span class='ocrx_word' id='word_1_239' title='bbox 1747 2440 1859 2472; x_wconf 73' lang='lat' dir='ltr'><strong>metro</strong></span> 
     </span>
     <span class='ocr_line' id='line_1_36' title="bbox 386 2479 1855 2524; baseline 0.004 -10"><span class='ocrx_word' id='word_1_240' title='bbox 386 2479 430 2514; x_wconf 77' lang='lat' dir='ltr'><strong>do</strong></span> <span class='ocrx_word' id='word_1_241' title='bbox 447 2480 587 2514; x_wconf 70' lang='lat' dir='ltr'><strong>inviam</strong></span> <span class='ocrx_word' id='word_1_242' title='bbox 604 2480 702 2522; x_wconf 70' lang='lat' dir='ltr'><strong>lusit,</strong></span> <span class='ocrx_word' id='word_1_243' title='bbox 719 2479 864 2514; x_wconf 74' lang='lat' dir='ltr'><strong>dicem:</strong></span> <span class='ocrx_word' id='word_1_244' title='bbox 888 2479 1027 2514; x_wconf 64' lang='lat' dir='ltr'><strong>Iustius</strong></span> <span class='ocrx_word' id='word_1_245' title='bbox 1043 2480 1115 2515; x_wconf 82' lang='lat' dir='ltr'><strong>oto.</strong></span> <span class='ocrx_word' id='word_1_246' title='bbox 1309 2488 1328 2524; x_wconf 95' lang='lat'><em>7</em></span> <span class='ocrx_word' id='word_1_247' title='bbox 1354 2484 1569 2516; x_wconf 70' lang='lat' dir='ltr'><strong>tor-mentum</strong></span> <span class='ocrx_word' id='word_1_248' title='bbox 1586 2483 1685 2518; x_wconf 87' lang='lat' dir='ltr'><strong>etc.:</strong></span> <span class='ocrx_word' id='word_1_249' title='bbox 1711 2494 1743 2519; x_wconf 89' lang='lat' dir='ltr'><strong>v.</strong></span> <span class='ocrx_word' id='word_1_250' title='bbox 1766 2482 1855 2521; x_wconf 86' lang='lat' dir='ltr'><strong>Hor.</strong></span> 
     </span>
     <span class='ocr_line' id='line_1_37' title="bbox 388 2524 1857 2576; baseline 0.004 -15"><span class='ocrx_word' id='word_1_251' title='bbox 388 2526 459 2571; x_wconf 80' lang='lat' dir='ltr'><strong>Ep.</strong></span> <span class='ocrx_word' id='word_1_252' title='bbox 479 2525 504 2562; x_wconf 92' lang='lat' dir='ltr'><strong>i.</strong></span> <span class='ocrx_word' id='word_1_253' title='bbox 521 2535 553 2562; x_wconf 70' lang='grc' dir='ltr'><strong>α.</strong></span> <span class='ocrx_word' id='word_1_254' title='bbox 575 2527 629 2572; x_wconf 84' lang='grc'><strong>58,</strong></span> <span class='ocrx_word' id='word_1_255' title='bbox 651 2534 706 2572; x_wconf 85' lang='grc'><strong>59.</strong></span> <span class='ocrx_word' id='word_1_256' title='bbox 881 2535 924 2563; x_wconf 87' lang='lat'><strong>10</strong></span> <span class='ocrx_word' id='word_1_257' title='bbox 947 2526 1074 2562; x_wconf 81' lang='lat' dir='ltr'><strong>Pallor</strong></span> <span class='ocrx_word' id='word_1_258' title='bbox 1088 2527 1184 2563; x_wconf 85' lang='lat' dir='ltr'><strong>etc.:</strong></span> <span class='ocrx_word' id='word_1_259' title='bbox 1210 2524 1277 2562; x_wconf 85' lang='lat' dir='ltr'><strong>Ov.</strong></span> <span class='ocrx_word' id='word_1_260' title='bbox 1295 2528 1379 2562; x_wconf 79' lang='lat' dir='ltr'><strong>Met.</strong></span> <span class='ocrx_word' id='word_1_261' title='bbox 1397 2526 1436 2563; x_wconf 89' lang='lat' dir='ltr'><strong>ii.</strong></span> <span class='ocrx_word' id='word_1_262' title='bbox 1455 2529 1631 2574; x_wconf 85' lang='lat'><strong>775—782.</strong></span> <span class='ocrx_word' id='word_1_263' title='bbox 1815 2540 1857 2576; x_wconf 80' lang='lat'><strong>14</strong></span> 
     </span>
     <span class='ocr_line' id='line_1_38' title="bbox 388 2572 1857 2620; baseline 0.003 -11"><span class='ocrx_word' id='word_1_264' title='bbox 388 2575 522 2619; x_wconf 71' lang='lat' dir='ltr'><strong>uixque</strong></span> <span class='ocrx_word' id='word_1_265' title='bbox 538 2578 631 2608; x_wconf 78' lang='lat' dir='ltr'><strong>tenet</strong></span> <span class='ocrx_word' id='word_1_266' title='bbox 648 2575 744 2610; x_wconf 63' lang='lat' dir='ltr'><strong>eta:</strong></span> <span class='ocrx_word' id='word_1_267' title='bbox 773 2572 881 2609; x_wconf 88' lang='lat' dir='ltr'><strong>Hunc</strong></span> <span class='ocrx_word' id='word_1_268' title='bbox 898 2584 1042 2610; x_wconf 76' lang='lat' dir='ltr'><strong>versum</strong></span> <span class='ocrx_word' id='word_1_269' title='bbox 1064 2574 1133 2618; x_wconf 91' lang='lat'><strong>796</strong></span> <span class='ocrx_word' id='word_1_270' title='bbox 1158 2575 1243 2619; x_wconf 76' lang='lat' dir='ltr'><strong>pout</strong></span> <span class='ocrx_word' id='word_1_271' title='bbox 1269 2582 1336 2619; x_wconf 87' lang='lat'><strong>773</strong></span> <span class='ocrx_word' id='word_1_272' title='bbox 1364 2573 1496 2620; x_wconf 80' lang='lat' dir='ltr'><strong>legisse</strong></span> <span class='ocrx_word' id='word_1_273' title='bbox 1514 2574 1662 2612; x_wconf 83' lang='lat' dir='ltr'><strong>videtur</strong></span> <span class='ocrx_word' id='word_1_274' title='bbox 1687 2576 1857 2615; x_wconf 80' lang='lat' dir='ltr'><strong>Ioannes.</strong></span> 
     </span>
     <span class='ocr_line' id='line_1_39' title="bbox 389 2619 1858 2666; baseline 0.005 -11"><span class='ocrx_word' id='word_1_275' title='bbox 389 2630 431 2656; x_wconf 82' lang='lat'><strong>21</strong></span> <span class='ocrx_word' id='word_1_276' title='bbox 458 2621 658 2666; x_wconf 71' lang='lat' dir='ltr'><strong>sarcofeqia</strong></span> <span class='ocrx_word' id='word_1_277' title='bbox 675 2621 734 2656; x_wconf 75' lang='lat' dir='ltr'><strong>uel</strong></span> <span class='ocrx_word' id='word_1_278' title='bbox 748 2621 1023 2666; x_wconf 64' lang='lat' dir='ltr'><strong>sarcum-aphia:</strong></span> <span class='ocrx_word' id='word_1_279' title='bbox 1050 2619 1152 2657; x_wconf 76' lang='lat' dir='ltr'><strong>Haec</strong></span> <span class='ocrx_word' id='word_1_280' title='bbox 1171 2620 1350 2658; x_wconf 77' lang='lat' dir='ltr'><strong>vocabula</strong></span> <span class='ocrx_word' id='word_1_281' title='bbox 1360 2621 1431 2658; x_wconf 87' lang='lat' dir='ltr'><strong>hoe</strong></span> <span class='ocrx_word' id='word_1_282' title='bbox 1449 2621 1530 2660; x_wconf 90' lang='lat' dir='ltr'><strong>loco</strong></span> <span class='ocrx_word' id='word_1_283' title='bbox 1542 2626 1692 2660; x_wconf 81' lang='lat' dir='ltr'><strong>tantum</strong></span> <span class='ocrx_word' id='word_1_284' title='bbox 1709 2626 1858 2663; x_wconf 81' lang='lat' dir='ltr'><strong>exstare</strong></span> 
     </span>
     <span class='ocr_line' id='line_1_40' title="bbox 388 2666 1858 2716; baseline 0.004 -13"><span class='ocrx_word' id='word_1_285' title='bbox 388 2666 583 2709; x_wconf 60' lang='lat' dir='ltr'><strong>videntum</strong></span> <span class='ocrx_word' id='word_1_286' title='bbox 610 2666 699 2713; x_wconf 83' lang='lat' dir='ltr'><strong>quid</strong></span> <span class='ocrx_word' id='word_1_287' title='bbox 717 2666 949 2714; x_wconf 81' lang='lat' dir='ltr'><strong>significent,</strong></span> <span class='ocrx_word' id='word_1_288' title='bbox 966 2666 1058 2704; x_wconf 72' lang='lat' dir='ltr'><strong>satis</strong></span> <span class='ocrx_word' id='word_1_289' title='bbox 1075 2667 1240 2714; x_wconf 81' lang='lat' dir='ltr'><strong>explicat</strong></span> <span class='ocrx_word' id='word_1_290' title='bbox 1260 2668 1420 2706; x_wconf 76' lang='lat' dir='ltr'><strong>loannes</strong></span> <span class='ocrx_word' id='word_1_291' title='bbox 1437 2669 1515 2716; x_wconf 78' lang='lat' dir='ltr'><strong>ipse</strong></span> <span class='ocrx_word' id='word_1_292' title='bbox 1531 2682 1540 2715; x_wconf 87' lang='lat'><strong>;</strong></span> <span class='ocrx_word' id='word_1_293' title='bbox 1566 2670 1672 2707; x_wconf 77' lang='lat' dir='ltr'><strong>cuius</strong></span> <span class='ocrx_word' id='word_1_294' title='bbox 1682 2682 1728 2708; x_wconf 86' lang='lat' dir='ltr'><strong>ex</strong></span> <span class='ocrx_word' id='word_1_295' title='bbox 1746 2671 1858 2710; x_wconf 78' lang='lat' dir='ltr'><strong>inter·</strong></span> 
     </span>
     <span class='ocr_line' id='line_1_41' title="bbox 388 2713 1857 2771; baseline 0.004 -21"><span class='ocrx_word' id='word_1_296' title='bbox 388 2713 602 2769; x_wconf 66' lang='lat' dir='ltr'><strong>pretatione</strong></span> <span class='ocrx_word' id='word_1_297' title='bbox 622 2714 734 2751; x_wconf 78' lang='lat' dir='ltr'><strong>facile</strong></span> <span class='ocrx_word' id='word_1_298' title='bbox 753 2714 882 2762; x_wconf 80' lang='lat' dir='ltr'><strong>colligi</strong></span> <span class='ocrx_word' id='word_1_299' title='bbox 900 2717 1023 2762; x_wconf 74' lang='lat' dir='ltr'><strong>potest</strong></span> <span class='ocrx_word' id='word_1_300' title='bbox 1039 2716 1332 2761; x_wconf 68' lang='lat' dir='ltr'><strong>aar-coymphiana</strong></span> <span class='ocrx_word' id='word_1_301' title='bbox 1349 2716 1473 2771; x_wconf 81' lang='lat' dir='ltr'><strong>potius</strong></span> <span class='ocrx_word' id='word_1_302' title='bbox 1491 2729 1603 2763; x_wconf 87' lang='lat' dir='ltr'><strong>quam</strong></span> <span class='ocrx_word' id='word_1_303' title='bbox 1620 2721 1857 2766; x_wconf 68' lang='lat' dir='ltr'><strong>samoseyiam</strong></span> 
     </span>
     <span class='ocr_line' id='line_1_42' title="bbox 389 2761 1854 2813; baseline 0.003 -15"><span class='ocrx_word' id='word_1_304' title='bbox 389 2761 501 2799; x_wconf 73' lang='lat' dir='ltr'><strong>ncnbx</strong></span> <span class='ocrx_word' id='word_1_305' title='bbox 526 2762 745 2808; x_wconf 69' lang='lat' dir='ltr'><strong>oportuisse.</strong></span> <span class='ocrx_word' id='word_1_306' title='bbox 896 2772 938 2809; x_wconf 82' lang='lat'><strong>25</strong></span> <span class='ocrx_word' id='word_1_307' title='bbox 964 2764 1129 2798; x_wconf 68' lang='lat' dir='ltr'><strong>describit</strong></span> <span class='ocrx_word' id='word_1_308' title='bbox 1146 2775 1153 2799; x_wconf 73' lang='grc' dir='ltr'><em>τ</em></span> <span class='ocrx_word' id='word_1_309' title='bbox 1186 2774 1235 2799; x_wconf 75' lang='grc' dir='ltr'><strong>ιο.</strong></span> <span class='ocrx_word' id='word_1_310' title='bbox 1254 2763 1427 2800; x_wconf 79' lang='lat' dir='ltr'><strong>ovidms:</strong></span> <span class='ocrx_word' id='word_1_311' title='bbox 1464 2777 1495 2801; x_wconf 92' lang='lat' dir='ltr'><strong>v.</strong></span> <span class='ocrx_word' id='word_1_312' title='bbox 1513 2767 1596 2801; x_wconf 82' lang='lat' dir='ltr'><strong>Met.</strong></span> <span class='ocrx_word' id='word_1_313' title='bbox 1615 2765 1655 2804; x_wconf 89' lang='lat' dir='ltr'><strong>ii.</strong></span> <span class='ocrx_word' id='word_1_314' title='bbox 1675 2775 1754 2812; x_wconf 86' lang='lat'><strong>773.</strong></span> <span class='ocrx_word' id='word_1_315' title='bbox 1774 2776 1854 2813; x_wconf 81' lang='lat'><strong>774.</strong></span> 
     </span>
     <span class='ocr_line' id='line_1_43' title="bbox 386 2809 1857 2856; baseline 0.005 -11"><span class='ocrx_word' id='word_1_316' title='bbox 386 2811 522 2846; x_wconf 72' lang='lat' dir='ltr'><strong>norom&#39;ae</strong></span> <span class='ocrx_word' id='word_1_317' title='bbox 550 2812 644 2846; x_wconf 60' lang='lat' dir='ltr'><strong>etc:</strong></span> <span class='ocrx_word' id='word_1_318' title='bbox 683 2810 741 2845; x_wconf 83' lang='lat' dir='ltr'><strong>Ad</strong></span> <span class='ocrx_word' id='word_1_319' title='bbox 766 2809 934 2846; x_wconf 71' lang='lat' dir='ltr'><strong>fabulam</strong></span> <span class='ocrx_word' id='word_1_320' title='bbox 955 2809 1113 2856; x_wconf 78' lang='lat' dir='ltr'><strong>Aglauri</strong></span> <span class='ocrx_word' id='word_1_321' title='bbox 1133 2810 1272 2846; x_wconf 75' lang='lat' dir='ltr'><strong>Hamae</strong></span> <span class='ocrx_word' id='word_1_322' title='bbox 1299 2811 1417 2848; x_wconf 78' lang='lat' dir='ltr'><strong>sorori</strong></span> <span class='ocrx_word' id='word_1_323' title='bbox 1442 2823 1466 2849; x_wconf 83' lang='lat' dir='ltr'><strong>a</strong></span> <span class='ocrx_word' id='word_1_324' title='bbox 1491 2812 1678 2851; x_wconf 84' lang='lat' dir='ltr'><strong>Mercurio</strong></span> <span class='ocrx_word' id='word_1_325' title='bbox 1704 2816 1857 2853; x_wconf 79' lang='lat' dir='ltr'><strong>amatae</strong></span> 
     </span>
     <span class='ocr_line' id='line_1_44' title="bbox 388 2855 1286 2906; baseline 0.002 -13"><span class='ocrx_word' id='word_1_326' title='bbox 388 2855 596 2893; x_wconf 70' lang='lat' dir='ltr'><strong>invidentis</strong></span> <span class='ocrx_word' id='word_1_327' title='bbox 613 2855 782 2904; x_wconf 73' lang='lat' dir='ltr'><strong>respicit3</strong></span> <span class='ocrx_word' id='word_1_328' title='bbox 809 2869 842 2895; x_wconf 85' lang='lat' dir='ltr'><strong>v.</strong></span> <span class='ocrx_word' id='word_1_329' title='bbox 860 2856 924 2895; x_wconf 86' lang='lat' dir='ltr'><strong>Ov.</strong></span> <span class='ocrx_word' id='word_1_330' title='bbox 942 2858 1025 2893; x_wconf 71' lang='lat' dir='ltr'><strong>Met.</strong></span> <span class='ocrx_word' id='word_1_331' title='bbox 1047 2856 1086 2893; x_wconf 85' lang='lat' dir='ltr'><strong>ii.</strong></span> <span class='ocrx_word' id='word_1_332' title='bbox 1106 2860 1174 2903; x_wconf 83' lang='lat'><strong>708</strong></span> <span class='ocrx_word' id='word_1_333' title='bbox 1185 2868 1286 2906; x_wconf 73' lang='lat' dir='ltr'><strong>seqq.</strong></span> 
     </span>
    </p>
   </div>
  </div>
 </body>
</html>
