1988 3250
167 251 267 289 ou.
284 241 386 298 m]
671 239 1117 286 PomcssA'rIcvs

167 359 407 418 Priuilegio
430 359 648 417 siquidem
667 360 908 418 apostolico
927 363 1008 404 aut
1036 360 1159 418 regio
1188 363 1424 418 praecepto
1451 361 1634 419 plurimi

166 429 256 472 tuti
267 431 374 472 sunt
388 443 444 471 ne
459 427 680 472 iudicibus
694 429 787 472 suis
801 429 1119 486 obtemperent,
1134 443 1191 472 ne
1211 429 1431 474 iustitiam
1453 430 1633 482 faciant,

166 512 222 541 ne
260 497 349 555 legi
382 497 467 541 Dei
506 497 693 542 subiecti
732 497 836 541 sint.
897 497 1002 541 Non
1041 498 1315 555 reprehendo
1353 498 1632 542 clementiam

165 566 444 624 Apostolicae
464 566 592 610 Sedis
611 566 688 610 sed
706 567 820 610 hanc
845 566 1170 625 indulgentiam
1194 567 1289 610 eius
1310 566 1528 612 Ecclesiae
1549 568 1633 611 Dei

129 653 150 695 ρ
166 650 256 679 non
275 636 468 679 arbitror
488 636 709 693 expedire.
767 635 919 679 Nichil
940 636 1030 679 tale
1060 636 1108 679 in
1138 636 1217 679 illa
1242 636 1435 694 gloriosa
1462 635 1635 680 familia

164 703 335 749 Christi
365 705 565 762 legimus,
599 705 704 749 licet
736 707 782 749 et
816 705 864 748 in
899 705 988 748 illis
1018 706 1245 749 contentio
1284 704 1406 750 facta
1440 706 1500 748 sit
1534 706 1635 762 quis

165 788 316 819 eorum
355 774 586 818 uideretur
633 789 727 818 esse
775 774 927 818 maior.
1007 774 1192 817 Nullam
1236 774 1634 833 emancipationem

165 843 418 887 huiusmodi
446 843 504 886 ab
533 843 759 901 Apostolis
793 842 959 887 factam
989 843 1282 895 meminimus,
1312 844 1416 888 licet
1447 843 1634 886 Paulum

166 915 212 957 et
241 913 492 956 Barnabam
522 913 794 957 audierimus
823 913 881 956 ab
911 913 1102 956 inuicem
1132 913 1394 960 discessisse.
1451 913 1636 956 Nullam

108 1000 151 1030 10
165 982 214 1027 in
252 982 331 1026 illa
365 997 557 1040 superna
591 982 787 1034 ciuitate,
819 997 932 1039 quae
971 997 1148 1026 sursum
1188 985 1256 1026 est
1294 985 1439 1027 mater
1471 986 1636 1033 nostra,

164 1051 525 1097 contradictionis
544 1052 777 1096 materiam
797 1051 1029 1104 credimus,
1049 1051 1127 1095 sed
1151 1066 1232 1095 nec
1258 1051 1330 1095 hic
1350 1066 1443 1096 esse
1463 1051 1634 1102 debere,

164 1121 252 1165 nisi
285 1121 599 1178 urgentissima
637 1121 753 1164 ratio
791 1121 978 1178 flagitet.
1046 1121 1115 1164 De
1153 1121 1225 1164 his
1264 1120 1383 1164 enim
1417 1119 1488 1178 (ut
1526 1135 1635 1178 pace

165 1191 466 1240 multitudinis
487 1193 532 1234 et
552 1205 703 1234 eorum
732 1190 808 1247 qui
834 1190 955 1233 illius
975 1190 1133 1234 fouent
1153 1190 1438 1247 iniquitatem
1459 1190 1636 1248 loquar)

165 1260 309 1304 dicam
344 1260 462 1318 quod
492 1260 648 1312 sentio,
678 1275 734 1304 ne
765 1261 873 1318 quid
902 1260 1165 1303 subtraham
1196 1260 1380 1304 ueritati
1415 1263 1495 1303 aut
1533 1274 1635 1317 pro-

110 1344 149 1383 ιε
165 1329 400 1374 habilitati.
459 1329 570 1373 Dico
589 1344 694 1388 ergo
721 1330 838 1387 quod
867 1330 1175 1374 indubitanter
1194 1330 1323 1374 credo
1343 1330 1553 1388 quoniam
1573 1329 1633 1380 hi,

166 1399 243 1458 qui
264 1399 469 1443 efferente
492 1399 699 1456 superbia
725 1399 979 1442 huiusmodi
1006 1399 1378 1457 emancipationes
1399 1401 1632 1456 quaerunt,

166 1483 194 1513 a
219 1468 387 1513 ceruice
414 1483 496 1512 sua
521 1468 676 1527 iugum
704 1468 874 1513 Christi
901 1472 948 1512 et
975 1469 1120 1512 Patris
1147 1469 1253 1519 eius,
1279 1469 1318 1512 si
1348 1469 1444 1515 fieri
1475 1472 1635 1526 posset,

166 1540 451 1591 excuterent;
499 1538 600 1596 plus
643 1538 753 1591 dico,
792 1538 928 1582 immo
969 1542 1016 1582 et
1059 1542 1278 1596 quantum
1322 1539 1370 1583 in
1415 1538 1523 1596 ipsis
1568 1541 1638 1582 est

167 1607 410 1660 excutiunt,
446 1610 492 1652 et
529 1607 709 1652 diuinae
743 1608 1014 1651 ordinationi
1054 1608 1275 1651 fallaciter
1311 1608 1635 1654 contradicunt.

109 1696 153 1722 ιο
168 1677 400 1736 Nusquam
424 1692 529 1735 ergo
552 1677 663 1721 illud
688 1677 915 1735 Apostoli:
950 1677 1054 1721 Non
1083 1692 1236 1721 omnes
1264 1678 1519 1736 prophetae,
1543 1691 1636 1720 non

167 1762 318 1791 omnes
346 1747 574 1806 magistri3
604 1761 756 1790 omnes
785 1747 904 1790 enim
934 1748 1177 1805 prophetae
1207 1751 1253 1790 et
1282 1747 1486 1804 magistri
1516 1750 1634 1797 sunt,

166 1817 232 1861 ita
250 1820 304 1860 ut
321 1817 561 1860 secundum
581 1817 817 1874 antiquum
836 1817 1122 1875 prouerbium
1142 1816 1301 1861 merito
1321 1816 1496 1860 dicatur
1516 1815 1635 1873 quod

166 1889 213 1930 et
251 1885 359 1930 Saul
398 1886 517 1930 inter
555 1886 821 1944 prophetas3
866 1889 911 1930 et
946 1901 1113 1937 reuera,
1143 1886 1259 1929 sicut
1295 1885 1361 1930 ait
1392 1885 1636 1942 Gregorius

166 1955 468 2007 Nazanzenus,
487 1955 612 1999 nulla
638 1956 825 1999 historia
852 1955 1040 1999 tradidit
1066 1955 1139 1998 uel
1165 1958 1344 2000 tantum
1371 1954 1419 1996 in
1440 1954 1635 1998 Ecclesia

109 2037 152 2074 ⁸5
167 2024 304 2069 fuisse
323 2040 557 2069 numerum
583 2025 890 2068 ministrorum
909 2025 982 2068 uel
1003 2028 1096 2068 tam
1117 2024 1271 2068 uiliter
1289 2027 1607 2082 congregatum
1623 2038 1634 2076 ;

166 2094 285 2138 unde
313 2094 515 2152 religioni
542 2097 588 2138 et
617 2095 845 2138 doctrinae
872 2093 1155 2139 Christianae
1181 2107 1319 2151 graue
1345 2093 1633 2150 opprobrium

167 2163 375 2215 nascitur,
394 2164 512 2221 quod
530 2164 776 2208 sacerdotia
794 2164 867 2208 uel
887 2163 1136 2207 ministeria
1156 2162 1398 2207 ambitione
1418 2164 1567 2220 potius
1588 2166 1635 2206 et

170 2277 216 2312 14
239 2267 428 2304 subtraam
444 2268 479 2305 A
602 2277 643 2316 ις
668 2267 726 2305 hii
742 2267 777 2305 A
883 2268 926 2304 18
952 2266 1067 2304 estin
1084 2266 1175 2314 ipsis
1192 2266 1233 2305 M
1344 2277 1391 2313 24
1414 2266 1585 2314 hystoria
1602 2266 1633 2303 B

162 2320 246 2362 pose
261 2314 322 2351 uel
337 2316 421 2351 add.
437 2315 481 2352 in
498 2314 553 2351 M¹
569 2315 651 2362 Cyr.
794 2316 840 2353 26
865 2314 1110 2362 obprobrium
1127 2314 1195 2350 SM

218 2417 233 2444 1
269 2408 464 2454 Pm'ut'leqn'o
495 2409 590 2445 etc.:
630 2408 789 2445 Chartae
821 2407 958 2454 quibus
989 2408 1037 2444 ab
1069 2407 1332 2455 episcoporum
1368 2406 1635 2444 iurisdictione

168 2457 349 2501 exempta
371 2456 459 2491 sunt
483 2455 724 2498 monasteria,
743 2455 776 2491 si
796 2467 819 2492 a
840 2455 1087 2502 pontificibus
1111 2454 1291 2493 Romanis
1315 2456 1635 2499 concedebantur,

163 2503 362 2549 privile-qia
377 2504 578 2550 apostolica,
593 2503 625 2539 si
637 2505 764 2540 autem
782 2515 805 2539 a
821 2503 981 2550 regibus,
996 2508 1187 2549 praecepta
1204 2502 1419 2550 nuncupari
1436 2503 1635 2545 solebant:

167 2561 201 2588 v.
221 2549 403 2585 Mabillon
419 2551 460 2586 de
477 2551 528 2585 Re
543 2552 785 2597 Diplomatica
801 2550 826 2587 i.
845 2561 865 2596 3
884 2550 926 2598 ἕξ
946 2559 1013 2597 3-5
1029 2563 1038 2595 ;
1064 2550 1112 2587 cf.
1129 2550 1262 2605 ibid3i.
1281 2561 1301 2587 2
1321 2550 1339 2598 ξ
1356 2561 1389 2597 3.
1516 2561 1536 2596 3
1564 2552 1637 2596 leyi

169 2598 265 2634 etc.:
289 2608 321 2632 v.
335 2595 438 2633 Rom.
451 2596 528 2633 viii.
542 2607 578 2642 7.
671 2599 695 2635 6
717 2600 892 2634 eontentio
905 2599 997 2635 etc.:
1022 2610 1054 2634 v.
1070 2598 1156 2634 Luc.
1170 2598 1261 2634 xni.
1273 2609 1329 2643 24.
1427 2598 1448 2634 8
1474 2599 1634 2634 Paulum

168 2646 261 2681 etc.:
286 2655 319 2680 v.
335 2644 419 2681 Act.
434 2643 532 2691 App.
548 2656 606 2681 xv.
624 2655 681 2690 39.
797 2655 841 2682 10
863 2658 952 2692 quae
968 2657 1113 2681 sursum
1130 2651 1180 2682 est
1195 2651 1313 2682 mater
1325 2650 1448 2682 nostra
1464 2657 1472 2680 :
1497 2658 1528 2680 v.
1548 2644 1632 2682 Gal.

167 2690 216 2729 iv.
235 2691 293 2727 26.
455 2701 502 2727 20
524 2693 606 2728 Non
622 2703 741 2729 omnes
757 2695 848 2729 etc.:
873 2705 906 2730 v.
926 2703 939 2729 1
962 2692 1043 2728 Cor.
1062 2692 1128 2728 xii.
1154 2703 1211 2738 29.
1376 2703 1419 2728 21
1447 2695 1632 2738 maqistri:

167 2740 324 2775 doctores
334 2737 468 2784 Vulg.;
492 2741 657 2784 mayistm·
667 2739 708 2775 in
723 2739 895 2776 versione
912 2739 1130 2785 antiquiore
1146 2740 1194 2776 ab
1212 2739 1367 2776 Hieron.
1379 2741 1495 2786 (Diaz.
1509 2745 1634 2776 contra

167 2786 287 2830 Peza9.
304 2784 328 2822 i.
350 2786 414 2827 16;
438 2784 566 2832 Migne
581 2788 623 2823 P.
641 2788 684 2823 L.
703 2786 810 2824 xxiii.
830 2787 912 2834 510)
930 2786 1071 2829 citata;
1096 2799 1128 2824 v.
1147 2786 1321 2824 Sabatier
1337 2787 1386 2823 ad
1401 2787 1472 2824 loc.
1584 2798 1629 2824 21

167 2844 289 2869 omnes
305 2834 374 2869 etc.
390 2844 508 2878 usque
524 2833 573 2868 ad
589 2835 770 2870 nascitur:
795 2846 826 2870 v.
840 2834 955 2881 Greg.
971 2834 1061 2871 Naz.
1074 2833 1143 2871 loc.
1157 2846 1272 2881 supra
1288 2834 1355 2872 cit.
1485 2844 1530 2870 22
1550 2846 1638 2881 pro-

169 2881 335 2916 uerbium
349 2880 449 2916 etc.:
473 2891 506 2918 v,
526 2890 543 2917 1
561 2879 651 2928 Reg.
668 2891 703 2917 x.
724 2891 779 2919 12.

1462 2961 1526 2996 ¹7¹

1647 243 1736 286 680
1755 254 1781 286 c

1649 506 1680 548 d

1650 1404 1727 1445 681
1747 1415 1777 1444 a
