1988 3250
258 203 334 244 618
354 211 379 244 c
724 200 926 246 IOANN
928 200 986 245 IS
1024 196 1542 247 SARESBERIENSIS
1687 200 1799 264 [ΗΒ.
1814 212 1866 246 vt

393 323 583 368 militiae
617 337 806 380 quorum
840 336 949 366 usus
988 322 1201 366 exercitio
1235 332 1326 366 non
1363 323 1581 368 firmatur.
1652 322 1866 368 Ceterum

393 393 511 438 sicut
538 407 612 436 ars
641 392 805 437 sterilis
831 395 900 436 est
928 406 1036 435 usus
1067 391 1236 450 ignara,
1266 392 1328 436 sic
1362 395 1410 436 et
1441 407 1549 437 usus
1579 393 1867 452 imperfectus

394 465 463 507 est
502 463 578 520 qui
624 477 682 506 ex
719 465 818 506 arte
855 476 946 505 non
983 462 1204 519 prouenit.
1283 462 1366 506 Est
1410 461 1552 521 igitur
1589 463 1867 521 singulorum

394 532 575 576 initium
606 547 634 575 a
662 535 836 583 natura,
866 546 955 589 qua
994 531 1242 575 reluctante
1272 534 1318 576 et
1346 531 1418 590 (ut
1446 532 1534 577 dici
1562 532 1692 590 solet)
1721 533 1868 576 inuita

395 602 600 646 Minerua
626 601 764 645 nichil
791 603 908 645 recte
939 601 1237 659 aggredimur.
1309 601 1572 660 Progressus
1603 602 1660 646 ab
1693 617 1779 646 usu
1809 602 1868 646 ab
1884 615 1904 652 ε

394 675 492 715 arte
522 670 748 729 perfectio,
775 671 814 714 si
844 674 995 714 tamen
1025 671 1119 729 iugi
1149 671 1469 715 exercitatione
1497 671 1638 716 fuerit
1665 672 1867 716 solidata.

396 741 586 799 Optinet
623 741 707 785 hoc
741 741 789 783 in
828 740 1086 784 liberalibus
1120 741 1328 785 uirilibus
1363 743 1409 785 et
1442 742 1677 785 mecanicis
1709 745 1791 785 aut
1829 741 1868 785 si

396 825 508 868 quae
536 813 643 854 sunt
669 825 857 868 quarum
885 811 1084 854 nondum
1116 811 1389 855 audierimus
1415 812 1697 863 mentionem,
1715 815 1770 855 ut
1794 825 1869 855 ars

349 883 380 925 d
395 880 636 924 infecunda
655 881 716 924 sit
735 880 830 924 sine
850 895 936 924 usu
956 883 1002 924 et
1021 895 1129 924 usus
1148 882 1412 925 temerarius
1432 881 1527 926 sine
1546 884 1656 925 arte.
1705 881 1871 924 Militia

395 964 501 1008 ergo
521 950 616 993 sine
635 952 733 993 arte
760 950 878 993 iners
906 953 985 1001 est,
1004 950 1245 994 inofficiosa
1271 951 1367 994 sine
1391 965 1490 994 usu.
1549 949 1766 1004 Quocirca
1791 950 1869 1008 qui
1888 963 1931 990 ιο
1957 975 1959 978 <

395 1019 522 1062 miles
538 1034 630 1063 esse
645 1019 851 1070 uoluerit,
863 1019 1113 1076 praediscat
1129 1022 1271 1063 artem
1287 1034 1472 1077 eamque
1491 1033 1577 1063 usu
1596 1022 1643 1063 et
1657 1019 1870 1064 exercitio

395 1089 545 1132 firmet
558 1092 622 1140 ut,
634 1103 734 1133 cum
751 1089 916 1133 electus
931 1089 1071 1132 fuerit
1085 1091 1131 1133 et
1144 1090 1331 1133 militiae
1347 1091 1623 1134 sacramento
1637 1090 1869 1147 ascriptus,

396 1159 460 1202 rei
477 1159 678 1216 publicae
694 1161 740 1202 et
754 1158 839 1201 sibi
855 1159 1030 1202 utiliter
1043 1159 1174 1202 uiuat
1188 1162 1234 1202 et
1253 1174 1343 1203 non
1364 1159 1435 1211 sit,
1446 1162 1583 1217 prout
1603 1157 1870 1203 Plutarchus

395 1228 474 1279 ait,
488 1243 647 1271 manus
666 1242 833 1272 manca.
894 1228 980 1272 His
1000 1229 1118 1272 enim
1138 1229 1287 1272 uerbis
1307 1229 1356 1272 in
1375 1229 1668 1272 Institutione
1687 1228 1869 1272 Traiani

395 1297 636 1341 nouissime
654 1312 762 1340 usus
782 1300 861 1349 est,
885 1312 986 1342 cum
1006 1313 1034 1341 a
1059 1299 1266 1342 manibus
1285 1298 1518 1356 prolapsus
1544 1301 1613 1342 est
1639 1296 1697 1342 ad
1723 1298 1867 1356 pedes.
1889 1316 1930 1352 15

397 1366 646 1424 Sequamur
666 1381 771 1425 ergo
791 1382 892 1410 eum
920 1371 976 1419 et,
997 1369 1113 1412 sicut
1138 1369 1232 1426 ipse
1258 1369 1336 1421 ait,
1357 1369 1485 1426 quasi
1511 1383 1656 1412 soccos
1682 1368 1870 1426 pedibus

397 1436 614 1480 faciamus
643 1440 696 1480 ut
725 1451 815 1480 non
845 1437 1128 1481 offendantur
1157 1438 1214 1482 ad
1253 1438 1447 1496 lapidem
1476 1438 1702 1483 obicemue
1730 1437 1870 1483 alium
1938 1443 1943 1449 '

397 1521 530 1564 quem
558 1506 797 1564 multiplex
826 1507 992 1565 ingerit
1020 1522 1160 1552 casus.
1920 1510 1923 1514 ’

455 1607 561 1666 Cap.
595 1620 660 1652 20.
720 1607 813 1662 Qui
842 1607 937 1651 sint
961 1608 1093 1665 pedes
1121 1608 1190 1651 ‘rei
1213 1607 1426 1664 publicae
1455 1611 1495 1652 et
1524 1609 1578 1653 de
1606 1623 1721 1653 cura
1750 1609 1812 1653 eis

974 1677 1299 1734 impendenda.
1886 1709 1930 1736 ,ο

455 1757 593 1801 Pedes
614 1757 793 1814 quidem
818 1757 894 1814 qui
916 1757 1154 1801 humiliora
1174 1761 1382 1802 exercent
1401 1757 1554 1810 officia,
1574 1758 1869 1816 appellantur,

397 1842 586 1885 quorum
627 1827 838 1884 obsequio
867 1827 1007 1870 totius
1037 1827 1100 1870 rei
1131 1828 1334 1885 publicae
1364 1828 1564 1872 membra
1594 1843 1674 1886 per
1702 1832 1869 1873 terram

395 1896 677 1954 gradiuntur.
737 1896 794 1940 In
819 1897 889 1939 his
910 1897 1088 1953 quidem
1112 1897 1406 1954 agricolarum
1435 1897 1550 1941 ratio
1576 1898 1772 1941 uertitur
1791 1898 1869 1956 qui

250 1972 329 2019 619
350 1979 380 2009 a
397 1967 541 2007 terrae
571 1980 743 2022 semper
772 1965 988 2008 adherent
1017 1966 1111 2009 siue
1151 1966 1198 2008 in
1230 1966 1522 2010 sationalibus
1553 1967 1649 2010 siue
1684 1967 1732 2010 in
1766 1982 1870 2011 con-

397 2034 544 2077 sitiuis
564 2035 659 2078 siue
679 2035 726 2077 in
753 2035 927 2092 pascuis
955 2035 1049 2078 siue
1077 2035 1124 2077 in
1151 2036 1297 2079 floreis
1324 2036 1563 2094 agitentur.
1624 2037 1710 2080 His
1733 2038 1869 2080 etiam
1888 2053 1930 2088 25

397 2107 700 2160 aggregantur
739 2104 905 2146 multae
946 2104 1110 2161 species
1151 2104 1330 2148 lanificii
1371 2109 1576 2163 artesque
1611 2106 1870 2158 mecanicae,

397 2187 510 2229 quae
560 2173 607 2215 in
658 2173 779 2229 ligno
829 2172 948 2215 ferro
998 2188 1070 2216 ere
1114 2174 1392 2230 metallisque
1431 2175 1569 2218 uariis
1608 2176 1870 2227 consistunt,

397 2242 580 2284 seruiles
635 2256 808 2299 quoque
863 2242 1257 2285 obsecundationes
1306 2247 1352 2286 et
1406 2244 1674 2302 multiplices
1722 2245 1870 2289 uictus

396 2308 659 2365 adquirendi
710 2309 918 2366 uitaeque
967 2310 1285 2354 sustentandae
1334 2314 1415 2354 aut
1460 2326 1554 2355 rem
1602 2311 1870 2356 familiarem

396 2426 422 2501 ἑ
445 2417 663 2464 agredimur
680 2417 705 2454 S
834 2427 854 2462 7
881 2417 1041 2456 Obtinet
1058 2418 1125 2455 SM
1189 2419 1418 2457 mechanicis
1435 2418 1533 2456 CBA
1671 2431 1714 2458 10
1738 2421 1870 2460 inhers

397 2512 510 2559 pedes
527 2512 560 2548 A
602 2476 642 2512 13
669 2466 865 2512 plutarcus
882 2465 915 2501 A
1097 2476 1141 2511 14
1166 2467 1328 2504 mancha
1345 2467 1373 2505 C
1552 2477 1595 2515 19
1620 2468 1674 2506 rei
1691 2469 1868 2516 publicae

445 2614 477 2648 ⁴·
491 2612 519 2659 ‘5
548 2605 670 2660 inuita
687 2605 879 2641 Minerua:
905 2617 940 2642 v.
958 2605 1033 2643 Cic.
1053 2607 1096 2642 de
1120 2608 1185 2652 Off.
1204 2606 1230 2644 i.
1247 2606 1329 2662 31··§
1355 2618 1431 2646 110.
1565 2610 1588 2646 6
1613 2612 1867 2648 exercitatione

388 2651 510 2696 ficem
534 2652 714 2687 mladota:
742 2652 789 2708 cis.
817 2652 927 2710 Apul.
944 2655 987 2710 dfe
1013 2655 1140 2711 Doqm.
1166 2656 1259 2691 Plat.
1285 2667 1325 2691 11.
1355 2657 1397 2692 16
1421 2658 1674 2714 exercitatione
1697 2660 1867 2696 solidatos

396 2703 544 2790 ῗὶἶέἶῖἱω
570 2746 608 2782 ι».
634 2702 1261 2801 ιῖἰζέἒέἷὶ’ἕςέῗῖἒὲξᾷἲὲἐῖἵῒῑὸ
1277 2714 1431 2793 {53:222
1443 2703 1868 2799 {312229223525323

396 2789 499 2833 init.)
529 2804 573 2829 ex
603 2793 773 2830 varrone
804 2797 910 2832 cltut.
1103 2798 1146 2833 28
1171 2799 1319 2833 ser-unes
1346 2799 1684 2838 obsecundationes:
1713 2813 1746 2838 v.
1775 2801 1865 2839 eod.

397 2838 533 2876 lustin.
554 2851 588 2877 x.
607 2851 648 2887 3¹
671 2840 688 2889 §
709 2851 766 2887 34.

507 2911 549 2955 38
