1988 3250
224 239 300 279 621
317 236 348 278 d
691 232 956 283 'IOANNIS
996 236 1513 282 SARESBERIENSIS
1662 238 1773 296 [ΜΒ.
1787 249 1840 284 VI

362 357 562 401 omnium
609 361 795 416 captata
835 359 1060 410 sedulitas,
1100 358 1280 402 fabulae
1328 359 1577 415 sequuntur
1621 359 1840 411 conuiuia,

363 427 559 470 uenandi
571 428 918 485 multiplicisque
930 428 1135 471 luxuriae
1147 428 1309 471 leuitas
1321 427 1570 471 comitatur.
1610 428 1839 472 Incestum

360 496 544 553 pariunt
568 497 687 548 haec,
710 497 964 541 incendium
991 497 1307 540 desolationem
1325 497 1499 540 ciuium
1526 500 1572 540 et
1597 501 1838 555 perpetuae

360 565 622 609 hostilitatis
652 570 896 624 prorogant
925 581 1092 610 causas.
1154 566 1242 609 Hic
1269 566 1372 609 finis
1399 565 1581 609 feminei
1600 569 1646 610 et
1673 567 1837 610 effemi—

358 634 457 677 nati
503 636 630 693 regni
677 636 806 693 quod,
846 635 950 679 licet
996 635 1181 678 uirtutis
1227 635 1436 678 habuerit
1481 634 1836 689 fundamentum,
1855 653 1876 688 5

359 704 694 748 succedentibus
719 705 940 762 prosperis
966 705 1149 747 minime
1175 705 1325 761 potuit
1351 704 1552 747 inuenire
1572 719 1838 762 processum.

212 774 294 813 622
314 783 344 812 a
360 772 541 816 Leuiter
573 774 793 817 admissus
829 777 896 817 est
935 774 1024 831 qui,
1061 774 1265 830 quamuis
1300 789 1357 817 ex
1391 774 1573 831 pietatis
1608 774 1750 818 officio
1783 778 1837 819 ut

358 843 517 900 hospes
546 858 636 886 non
666 843 816 887 fuerat
843 843 1156 895 excludendus,
1182 843 1477 900 opportunius
1506 846 1657 887 tamen
1687 843 1838 896 fuerat

359 927 460 955 eum
480 915 533 955 ut
552 912 784 965 aduenam,
804 927 894 955 non
915 913 1043 970 quasi
1062 913 1253 956 iudicem
1274 913 1472 956 introire.

378 1036 484 1095 Cap.
508 1051 575 1096 23.
606 1038 859 1083 Leuitatem
879 1039 997 1082 sicut
1017 1038 1235 1096 loquendi
1254 1039 1326 1082 ita
1346 1043 1385 1082 et
1404 1037 1635 1083 audiendi
1654 1039 1814 1085 uitan·
1853 1053 1897 1078 10

532 1108 644 1152 dam
655 1126 675 1159 ;
705 1113 746 1152 et
765 1109 886 1165 quod
893 1108 1014 1165 finis
1032 1108 1290 1165 uoluptatis
1307 1108 1570 1165 penitentia
1589 1112 1660 1153 est.

417 1199 590 1250 Omnia,
630 1200 788 1256 inquit,
828 1199 900 1244 fac
940 1214 1040 1243 cum
1079 1200 1262 1243 consilio
1301 1203 1347 1243 et
1385 1203 1487 1257 post
1529 1199 1700 1244 factum
1743 1215 1835 1244 non

355 1268 587 1325 penitebis.
648 1269 897 1321 Praeterea,
927 1269 1043 1312 sicut
1073 1269 1319 1326 principem
1355 1269 1474 1312 leuia
1507 1269 1708 1327 proferre
1742 1285 1834 1314 non

357 1337 494 1388 decet,
514 1337 576 1380 sic
602 1351 682 1381 nec
710 1337 885 1381 facilem
913 1338 1092 1395 quidem
1119 1353 1213 1381 esse
1238 1338 1295 1381 ad
1315 1338 1434 1381 leuia
1459 1339 1690 1383 audienda.
1750 1339 1833 1383 Ait

356 1406 474 1449 enim
496 1406 750 1464 Sapientia:
782 1408 990 1465 Princeps
1006 1408 1082 1464 qui
1102 1408 1294 1451 libenter
1313 1408 1441 1451 audit
1459 1408 1598 1451 uerba
1613 1408 1830 1453 mendacii
1851 1420 1892 1456 15

354 1490 506 1519 omnes
545 1476 773 1520 ministros
811 1477 947 1520 habet
985 1477 1157 1534 impios.
1238 1476 1353 1521 Cum
1394 1476 1746 1522 fabulationibus
1785 1481 1832 1522 et

353 1545 572 1589 conuiuiis
600 1560 646 1588 se
670 1546 778 1589 totis
807 1546 980 1589 uiribus
1006 1546 1225 1589 immiscet
1245 1546 1408 1599 Venus,
1427 1547 1554 1590 cuius
1578 1547 1655 1604 qui
1685 1547 1831 1604 prima

355 1615 541 1658 missilia
560 1615 750 1658 libenter
768 1615 981 1666 admittit,
1002 1615 1110 1673 quin
1130 1615 1448 1673 posterioribus
1467 1616 1651 1674 grauius
1674 1617 1833 1661 uulne—

309 1688 338 1728 b
356 1688 480 1728 retur
499 1684 580 1727 uix
600 1684 763 1728 euadit.

471 1767 606 1811 Visus
635 1771 681 1811 et
709 1768 964 1825 alloquium,
994 1771 1223 1812 contactus
1253 1771 1298 1812 et
1326 1768 1486 1820 oscula,
1516 1768 1699 1821 factum,
1847 1786 1892 1811 πο

354 1852 470 1896 sicut
509 1866 555 1895 se
594 1851 864 1908 praecedunt
898 1852 1063 1903 ordine,
1098 1852 1164 1895 ita
1198 1855 1244 1895 et
1279 1867 1335 1895 ex
1368 1853 1630 1896 necessitate
1664 1853 1829 1898 doloris

354 1920 557 1964 inferunt
575 1923 765 1978 partum.
827 1921 1083 1978 Voluptatis
1109 1921 1326 1978 siquidem
1354 1921 1456 1964 finis
1480 1922 1728 1979 penitentia
1747 1926 1827 1967 est.

355 1989 404 2033 Si
435 1989 569 2033 michi
600 2004 689 2032 non
717 1989 870 2042 credis,
891 1990 964 2033 uel
991 1990 1249 2034 Demosteni
1270 1990 1409 2042 crede,
1431 1991 1507 2047 qui
1528 1991 1638 2035 satis
1658 1992 1827 2037 urbane

354 2112 375 2148 8
402 2110 628 2158 oportunius
644 2110 745 2147 ASM

399 2231 423 2267 9
447 2226 489 2257 ut
505 2223 699 2266 aduenam,
716 2232 789 2257 non
806 2220 913 2267 qua-si
930 2219 1105 2254 iudicem:
1131 2230 1164 2254 v.
1182 2216 1274 2255 Gen.
1292 2217 1368 2254 xix.
1388 2227 1424 2264 9.
1622 2228 1665 2255 12
1693 2220 1827 2257 Omnia

353 2271 446 2306 etc.:
473 2281 504 2305 v.
524 2268 629 2305 Eccli
647 2267 762 2304 xxxii.
783 2278 840 2312 24.
890 2266 962 2302 Pro
983 2268 1111 2302 Omnia
1120 2267 1188 2312 fac
1204 2278 1284 2301 cum
1301 2267 1449 2301 consilio
1466 2264 1583 2302 habet
1598 2265 1711 2313 Vulg.
1738 2269 1826 2305 Sine

353 2318 501 2353 coneilio
518 2318 769 2361 nihilfecia⁸3
796 2313 1012 2350 Ambrosius
1028 2315 1158 2349 tamen
1175 2315 1215 2348 in
1232 2314 1292 2348 Ps.
1306 2314 1567 2349 aexaeviE'narr.
1586 2313 1663 2360 §66
1678 2314 1825 2363 (Migne

356 2365 394 2400 P.
414 2366 457 2401 L.
475 2363 547 2400 xiv.
569 2365 673 2410 1001)
691 2363 743 2399 sic
762 2362 921 2399 eundem
940 2361 1064 2397 locum
1082 2361 1200 2397 citat:
1225 2362 1275 2396 Et
1293 2366 1332 2396 tu
1348 2373 1429 2396 cum
1445 2362 1593 2397 consilio
1609 2364 1732 2397 omnia
1743 2365 1824 2408 fac.

355 2420 395 2458 15
424 2413 599 2457 Princeps
615 2413 708 2448 etc:
736 2410 842 2446 Prov.
859 2408 959 2445 xxix.
983 2418 1035 2445 12.
1158 2418 1205 2444 20
1235 2409 1341 2444 Visus
1357 2410 1451 2445 etc.:
1478 2420 1510 2444 v.
1531 2407 1670 2445 Donat.
1691 2411 1823 2448 Comm.

351 2461 400 2494 ad
417 2460 494 2495 Ter.
511 2460 610 2494 Eun.
628 2460 672 2494 iv.
691 2468 723 2494 2.
747 2466 788 2494 12
811 2459 966 2504 quinque
991 2458 1108 2492 lineae
1126 2457 1306 2502 perfectae
1326 2461 1410 2491 eunt
1434 2458 1482 2491 acl
1498 2462 1677 2492 amorem:
1698 2460 1825 2503 prima

353 2509 463 2549 uinus,
491 2507 645 2542 secunda
670 2507 832 2553 alloquii,
857 2506 965 2539 tertia
988 2509 1116 2547 tactus,
1140 2509 1271 2547 quarta
1296 2505 1417 2546 osculi,
1445 2505 1574 2543 quinta
1598 2506 1733 2550 coitu⁸3
1771 2505 1822 2542 cf.

352 2555 465 2590 Schol.
486 2554 623 2589 Terent.
642 2553 699 2590 ed.
717 2551 851 2589 Schlee
869 2564 907 2598 p.
928 2552 1014 2593 1063
1040 2550 1222 2596 Porphyr.
1240 2551 1355 2587 Schol.
1375 2552 1414 2585 in
1438 2551 1527 2586 Hor.
1549 2552 1612 2586 Ocl.
1631 2550 1656 2586 i.
1680 2562 1732 2597 13.
1756 2562 1769 2589 1
1812 2565 1822 2596 ς

352 2600 443 2637 Inde
469 2600 653 2637 conflatus
676 2602 733 2638 est
755 2598 959 2636 versiculus
982 2597 1064 2642 iste,
1085 2609 1196 2644 quem
1220 2597 1261 2633 in
1286 2597 1419 2644 glossis
1444 2596 1611 2644 antiquis
1635 2598 1683 2635 ad
1709 2611 1774 2637 ver
1799 2611 1824 2638 a

352 2648 437 2694 Dig.
453 2647 571 2684 xlviii.
599 2657 630 2695 5.
654 2658 699 2693 23
724 2649 765 2683 in
791 2648 882 2693 ipsis
905 2648 1009 2682 rebus
1041 2647 1186 2681 Vener-is
1210 2644 1392 2690 legimus:
1425 2647 1530 2681 Vim
1554 2651 1586 2681 et
1610 2648 1663 2681 all
1707 2649 1821 2692 ulum,

351 2701 478 2740 tactus,
499 2701 581 2742 pose
608 2696 739 2738 oscula,
750 2696 896 2741 factum
926 2693 994 2739 (nic
1021 2693 1068 2729 ad
1091 2692 1175 2739 Dig.
1198 2692 1267 2729 loc.
1292 2692 1356 2729 cit.
1381 2692 1438 2730 ed.
1465 2692 1582 2729 Paris.
1607 2695 1695 2738 1676
1715 2722 1723 2731 .
1775 2694 1822 2732 In

350 2754 445 2780 naec.
465 2742 560 2779 xvii⁰
583 2741 804 2789 opuseulum
822 2741 871 2778 ab
889 2740 1050 2778 Hem-ico
1072 2740 1317 2776 Kommanno
1343 2740 1525 2786 scriptum
1549 2742 1605 2777 ent
1622 2743 1661 2778 et
1676 2752 1709 2777 a.
1731 2743 1822 2779 1610

349 2789 587 2827 ancofurti
605 2790 761 2833 editum,
779 2789 841 2826 cui
860 2788 995 2825 titulus
1013 2790 1071 2825 est
1088 2790 1206 2823 Linea
1223 2790 1368 2823 Amom's
1384 2789 1455 2823 sive
1475 2789 1764 2826 Commentarius
1778 2791 1822 2826 in

348 2840 559 2875 amiculum
574 2839 621 2883 91.
639 2842 647 2856 ⁸
665 2839 769 2873 Visus
792 2838 1005 2884 colloquium
1030 2837 1208 2872 convictus
1231 2837 1351 2872 oscula
1367 2837 1512 2881 sactum
1526 2835 1535 2851 '
1554 2838 1592 2872 in
1610 2837 1632 2873 l.
1652 2838 1751 2883 23ff.
1771 2838 1821 2874 ad

346 2888 389 2924 L.
407 2887 546 2923 Iuliam
562 2887 605 2922 de
621 2886 822 2923 adulteriis.

454 2955 501 3001 ⁶⁴
