<?xml version="1.0" encoding="UTF-8"?>
<!DOCTYPE html PUBLIC "-//W3C//DTD XHTML 1.0 Transitional//EN"
    "http://www.w3.org/TR/xhtml1/DTD/xhtml1-transitional.dtd">
<html xmlns="http://www.w3.org/1999/xhtml" xml:lang="en" lang="en">
 <head>
  <title>
</title>
<meta http-equiv="Content-Type" content="text/html;charset=utf-8" />
  <meta name='ocr-system' content='tesseract 3.04.00' />
  <meta name='ocr-capabilities' content='ocr_page ocr_carea ocr_par ocr_line ocrx_word'/>
</head>
<body>
  <div class='ocr_page' id='page_1' title='image "./policraticisived02john_0392.png"; bbox 0 0 1988 3250; ppageno 0'>
   <div class='ocr_carea' id='block_1_1' title="bbox 262 209 388 250">
    <p class='ocr_par' dir='ltr' id='par_1_1' title="bbox 262 209 388 250">
     <span class='ocr_line' id='line_1_1' title="bbox 262 209 388 250; baseline 0 0"><span class='ocrx_word' id='word_1_1' title='bbox 262 209 343 250; x_wconf 87' lang='lat'>797</span> <span class='ocrx_word' id='word_1_2' title='bbox 362 210 388 240; x_wconf 77' lang='lat'>0</span> 
     </span>
    </p>
   </div>
   <div class='ocr_carea' id='block_1_2' title="bbox 357 1004 388 1044">
    <p class='ocr_par' dir='ltr' id='par_1_2' title="bbox 357 1004 388 1044">
     <span class='ocr_line' id='line_1_2' title="bbox 357 1004 388 1044; baseline 0 0"><span class='ocrx_word' id='word_1_3' title='bbox 357 1004 388 1044; x_wconf 85' lang='lat' dir='ltr'>d</span> 
     </span>
    </p>
   </div>
   <div class='ocr_carea' id='block_1_3' title="bbox 257 1833 391 1885">
    <p class='ocr_par' dir='ltr' id='par_1_3' title="bbox 257 1833 391 1885">
     <span class='ocr_line' id='line_1_3' title="bbox 257 1833 391 1885; baseline -0.007 0"><span class='ocrx_word' id='word_1_4' title='bbox 257 1833 340 1885; x_wconf 85' lang='lat'>⁷98</span> <span class='ocrx_word' id='word_1_5' title='bbox 360 1844 391 1874; x_wconf 80' lang='lat' dir='ltr'>a</span> 
     </span>
    </p>
   </div>
   <div class='ocr_carea' id='block_1_4' title="bbox 732 193 1862 256">
    <p class='ocr_par' dir='ltr' id='par_1_4' title="bbox 732 193 1862 256">
     <span class='ocr_line' id='line_1_4' title="bbox 732 193 1862 256; baseline 0 -17"><span class='ocrx_word' id='word_1_6' title='bbox 732 194 992 240; x_wconf 83' lang='lat' dir='ltr'>IOANNIS</span> <span class='ocrx_word' id='word_1_7' title='bbox 1031 194 1545 240; x_wconf 85' lang='lat' dir='ltr'><strong>SARESBERIENSIS</strong></span> <span class='ocrx_word' id='word_1_8' title='bbox 1643 193 1753 256; x_wconf 77' lang='lat' dir='ltr'>[mn.</span> <span class='ocrx_word' id='word_1_9' title='bbox 1770 206 1862 240; x_wconf 84' lang='lat' dir='ltr'>vm</span> 
     </span>
    </p>
   </div>
   <div class='ocr_carea' id='block_1_5' title="bbox 518 316 1738 491">
    <p class='ocr_par' dir='ltr' id='par_1_5' title="bbox 518 316 1738 491">
     <span class='ocr_line' id='line_1_5' title="bbox 519 316 1639 373; baseline -0.001 -13"><span class='ocrx_word' id='word_1_10' title='bbox 519 318 688 371; x_wconf 84' lang='lat' dir='ltr'>Quinta</span> <span class='ocrx_word' id='word_1_11' title='bbox 718 331 850 373; x_wconf 88' lang='lat' dir='ltr'>pecus</span> <span class='ocrx_word' id='word_1_12' title='bbox 879 316 1053 368; x_wconf 88' lang='lat' dir='ltr'>strauit,</span> <span class='ocrx_word' id='word_1_13' title='bbox 1082 317 1274 360; x_wconf 88' lang='lat' dir='ltr'>uesicam</span> <span class='ocrx_word' id='word_1_14' title='bbox 1303 318 1432 360; x_wconf 87' lang='lat' dir='ltr'>sexta</span> <span class='ocrx_word' id='word_1_15' title='bbox 1459 316 1639 360; x_wconf 89' lang='lat' dir='ltr'>creauit.</span> 
     </span>
     <span class='ocr_line' id='line_1_6' title="bbox 519 374 1710 432; baseline -0.001 -13"><span class='ocrx_word' id='word_1_16' title='bbox 519 376 637 419; x_wconf 89' lang='lat' dir='ltr'>Pone</span> <span class='ocrx_word' id='word_1_17' title='bbox 666 375 787 419; x_wconf 92' lang='lat' dir='ltr'>subit</span> <span class='ocrx_word' id='word_1_18' title='bbox 815 375 997 432; x_wconf 85' lang='lat' dir='ltr'><strong>grando,</strong></span> <span class='ocrx_word' id='word_1_19' title='bbox 1025 377 1126 432; x_wconf 89' lang='lat' dir='ltr'>post</span> <span class='ocrx_word' id='word_1_20' title='bbox 1154 375 1316 418; x_wconf 89' lang='lat' dir='ltr'>brucus</span> <span class='ocrx_word' id='word_1_21' title='bbox 1345 374 1477 417; x_wconf 89' lang='lat' dir='ltr'>dente</span> <span class='ocrx_word' id='word_1_22' title='bbox 1506 374 1710 418; x_wconf 84' lang='lat' dir='ltr'>nefando.</span> 
     </span>
     <span class='ocr_line' id='line_1_7' title="bbox 518 432 1738 491; baseline -0.002 -13"><span class='ocrx_word' id='word_1_23' title='bbox 518 434 651 478; x_wconf 87' lang='lat' dir='ltr'>Nona</span> <span class='ocrx_word' id='word_1_24' title='bbox 679 433 793 491; x_wconf 86' lang='lat' dir='ltr'>tegit</span> <span class='ocrx_word' id='word_1_25' title='bbox 821 433 968 485; x_wconf 87' lang='lat' dir='ltr'>solem,</span> <span class='ocrx_word' id='word_1_26' title='bbox 996 433 1185 490; x_wconf 83' lang='lat' dir='ltr'><strong>primam</strong></span> <span class='ocrx_word' id='word_1_27' title='bbox 1214 434 1343 476; x_wconf 86' lang='lat' dir='ltr'>necat</span> <span class='ocrx_word' id='word_1_28' title='bbox 1371 432 1532 475; x_wconf 89' lang='lat' dir='ltr'>ultima</span> <span class='ocrx_word' id='word_1_29' title='bbox 1559 433 1738 490; x_wconf 86' lang='lat' dir='ltr'>prolem.</span> 
     </span>
    </p>
   </div>
   <div class='ocr_carea' id='block_1_6' title="bbox 403 512 1867 571">
    <p class='ocr_par' dir='ltr' id='par_1_6' title="bbox 403 512 1867 571">
     <span class='ocr_line' id='line_1_8' title="bbox 403 512 1867 571; baseline -0.003 -13"><span class='ocrx_word' id='word_1_30' title='bbox 403 514 498 559; x_wconf 89' lang='lat' dir='ltr'>Nec</span> <span class='ocrx_word' id='word_1_31' title='bbox 535 529 641 558; x_wconf 90' lang='lat' dir='ltr'>curo</span> <span class='ocrx_word' id='word_1_32' title='bbox 675 514 775 571; x_wconf 91' lang='lat' dir='ltr'>quis</span> <span class='ocrx_word' id='word_1_33' title='bbox 805 528 959 556; x_wconf 91' lang='lat' dir='ltr'>uersus</span> <span class='ocrx_word' id='word_1_34' title='bbox 989 513 1155 563; x_wconf 87' lang='lat' dir='ltr'>fecerit,</span> <span class='ocrx_word' id='word_1_35' title='bbox 1188 513 1271 556; x_wconf 92' lang='lat' dir='ltr'>hoc</span> <span class='ocrx_word' id='word_1_36' title='bbox 1305 512 1447 555; x_wconf 88' lang='lat' dir='ltr'>solum</span> <span class='ocrx_word' id='word_1_37' title='bbox 1481 512 1725 563; x_wconf 89' lang='lat' dir='ltr'>attendens,</span> <span class='ocrx_word' id='word_1_38' title='bbox 1761 512 1867 569; x_wconf 90' lang='lat' dir='ltr'>quia</span> 
     </span>
    </p>
   </div>
   <div class='ocr_carea' id='block_1_7' title="bbox 400 581 1904 642">
    <p class='ocr_par' dir='ltr' id='par_1_7' title="bbox 400 581 1904 642">
     <span class='ocr_line' id='line_1_9' title="bbox 400 581 1904 642; baseline -0.001 -16"><span class='ocrx_word' id='word_1_39' title='bbox 400 584 555 642; x_wconf 83' lang='lat' dir='ltr'>plagas</span> <span class='ocrx_word' id='word_1_40' title='bbox 576 583 728 641; x_wconf 89' lang='lat' dir='ltr'>Egipti</span> <span class='ocrx_word' id='word_1_41' title='bbox 744 582 827 626; x_wconf 89' lang='lat' dir='ltr'>sub</span> <span class='ocrx_word' id='word_1_42' title='bbox 843 583 1070 625; x_wconf 72' lang='lat' dir='ltr'>Pharaone</span> <span class='ocrx_word' id='word_1_43' title='bbox 1083 582 1191 625; x_wconf 90' lang='lat' dir='ltr'>satis</span> <span class='ocrx_word' id='word_1_44' title='bbox 1207 581 1510 638; x_wconf 84' lang='lat' dir='ltr'><strong>compendiose</strong></span> <span class='ocrx_word' id='word_1_45' title='bbox 1522 582 1864 638; x_wconf 86' lang='lat' dir='ltr'>comprehendit.</span> <span class='ocrx_word' id='word_1_46' title='bbox 1885 596 1904 630; x_wconf 84' lang='lat'><strong>5</strong></span> 
     </span>
    </p>
   </div>
   <div class='ocr_carea' id='block_1_8' title="bbox 401 650 1874 2166">
    <p class='ocr_par' dir='ltr' id='par_1_8' title="bbox 401 650 1874 2166">
     <span class='ocr_line' id='line_1_10' title="bbox 401 650 1868 708; baseline -0.001 -12"><span class='ocrx_word' id='word_1_47' title='bbox 401 653 458 696; x_wconf 93' lang='lat' dir='ltr'>In</span> <span class='ocrx_word' id='word_1_48' title='bbox 486 654 556 696; x_wconf 85' lang='lat' dir='ltr'>his</span> <span class='ocrx_word' id='word_1_49' title='bbox 582 656 732 696; x_wconf 88' lang='lat' dir='ltr'>tamen</span> <span class='ocrx_word' id='word_1_50' title='bbox 759 652 963 695; x_wconf 90' lang='lat' dir='ltr'>omnibus</span> <span class='ocrx_word' id='word_1_51' title='bbox 991 666 1080 694; x_wconf 93' lang='lat' dir='ltr'>non</span> <span class='ocrx_word' id='word_1_52' title='bbox 1107 654 1175 694; x_wconf 88' lang='lat' dir='ltr'>est</span> <span class='ocrx_word' id='word_1_53' title='bbox 1194 665 1376 694; x_wconf 89' lang='lat' dir='ltr'>auersus</span> <span class='ocrx_word' id='word_1_54' title='bbox 1397 650 1524 693; x_wconf 80' lang='lat' dir='ltr'>furor</span> <span class='ocrx_word' id='word_1_55' title='bbox 1543 651 1637 694; x_wconf 90' lang='lat' dir='ltr'>eius</span> <span class='ocrx_word' id='word_1_56' title='bbox 1657 666 1684 693; x_wconf 86' lang='lat' dir='ltr'>a</span> <span class='ocrx_word' id='word_1_57' title='bbox 1703 651 1868 708; x_wconf 90' lang='lat' dir='ltr'>populo</span> 
     </span>
     <span class='ocr_line' id='line_1_11' title="bbox 402 719 1869 779; baseline -0.003 -13"><span class='ocrx_word' id='word_1_58' title='bbox 402 723 499 774; x_wconf 84' lang='lat' dir='ltr'>Dei,</span> <span class='ocrx_word' id='word_1_59' title='bbox 518 722 595 766; x_wconf 91' lang='lat' dir='ltr'>sed</span> <span class='ocrx_word' id='word_1_60' title='bbox 622 722 919 779; x_wconf 69' lang='lat' dir='ltr'>egredientem</span> <span class='ocrx_word' id='word_1_61' title='bbox 945 734 1211 777; x_wconf 85' lang='lat' dir='ltr'>persequens</span> <span class='ocrx_word' id='word_1_62' title='bbox 1237 734 1338 762; x_wconf 92' lang='lat' dir='ltr'>cum</span> <span class='ocrx_word' id='word_1_63' title='bbox 1357 719 1560 762; x_wconf 86' lang='lat' dir='ltr'>curribus</span> <span class='ocrx_word' id='word_1_64' title='bbox 1579 723 1624 763; x_wconf 90' lang='lat' dir='ltr'>et</span> <span class='ocrx_word' id='word_1_65' title='bbox 1644 720 1869 777; x_wconf 84' lang='lat' dir='ltr'>equitibus</span> 
     </span>
     <span class='ocr_line' id='line_1_12' title="bbox 402 789 1869 847; baseline -0.002 -12"><span class='ocrx_word' id='word_1_66' title='bbox 402 792 495 836; x_wconf 88' lang='lat' dir='ltr'>suis</span> <span class='ocrx_word' id='word_1_67' title='bbox 514 792 562 834; x_wconf 91' lang='lat' dir='ltr'>in</span> <span class='ocrx_word' id='word_1_68' title='bbox 582 791 694 834; x_wconf 88' lang='lat' dir='ltr'>mari</span> <span class='ocrx_word' id='word_1_69' title='bbox 714 791 966 834; x_wconf 88' lang='lat' dir='ltr'>submersus</span> <span class='ocrx_word' id='word_1_70' title='bbox 987 792 1066 833; x_wconf 89' lang='lat' dir='ltr'>est.</span> <span class='ocrx_word' id='word_1_71' title='bbox 1107 789 1249 845; x_wconf 82' lang='lat' dir='ltr'>Aquis</span> <span class='ocrx_word' id='word_1_72' title='bbox 1269 803 1373 847; x_wconf 86' lang='lat' dir='ltr'>ergo</span> <span class='ocrx_word' id='word_1_73' title='bbox 1392 803 1473 846; x_wconf 93' lang='lat' dir='ltr'>pro</span> <span class='ocrx_word' id='word_1_74' title='bbox 1492 803 1620 832; x_wconf 90' lang='lat' dir='ltr'>muro</span> <span class='ocrx_word' id='word_1_75' title='bbox 1639 789 1696 832; x_wconf 85' lang='lat' dir='ltr'>ad</span> <span class='ocrx_word' id='word_1_76' title='bbox 1716 789 1869 847; x_wconf 85' lang='lat' dir='ltr'>populi</span> 
     </span>
     <span class='ocr_line' id='line_1_13' title="bbox 402 858 1870 916; baseline -0.001 -13"><span class='ocrx_word' id='word_1_77' title='bbox 402 860 703 904; x_wconf 81' lang='lat' dir='ltr'>defensionem</span> <span class='ocrx_word' id='word_1_78' title='bbox 731 863 776 903; x_wconf 91' lang='lat' dir='ltr'>et</span> <span class='ocrx_word' id='word_1_79' title='bbox 804 874 885 916; x_wconf 89' lang='lat' dir='ltr'>pro</span> <span class='ocrx_word' id='word_1_80' title='bbox 908 859 997 901; x_wconf 89' lang='lat' dir='ltr'>telo</span> <span class='ocrx_word' id='word_1_81' title='bbox 1024 858 1081 901; x_wconf 89' lang='lat' dir='ltr'>ad</span> <span class='ocrx_word' id='word_1_82' title='bbox 1110 858 1440 901; x_wconf 89' lang='lat' dir='ltr'>subuersionem</span> <span class='ocrx_word' id='word_1_83' title='bbox 1469 858 1637 901; x_wconf 78' lang='lat' dir='ltr'>tiranni</span> <span class='ocrx_word' id='word_1_84' title='bbox 1666 873 1773 902; x_wconf 89' lang='lat' dir='ltr'>usus</span> <span class='ocrx_word' id='word_1_85' title='bbox 1801 862 1870 902; x_wconf 86' lang='lat' dir='ltr'>est</span> 
     </span>
     <span class='ocr_line' id='line_1_14' title="bbox 403 926 1870 984; baseline 0 -12"><span class='ocrx_word' id='word_1_86' title='bbox 403 929 630 972; x_wconf 85' lang='lat' dir='ltr'>Dominus.</span> <span class='ocrx_word' id='word_1_87' title='bbox 691 928 974 971; x_wconf 85' lang='lat' dir='ltr'>Salmanasar</span> <span class='ocrx_word' id='word_1_88' title='bbox 1001 941 1174 984; x_wconf 91' lang='lat' dir='ltr'>quoque</span> <span class='ocrx_word' id='word_1_89' title='bbox 1200 929 1415 983; x_wconf 88' lang='lat' dir='ltr'>regnante</span> <span class='ocrx_word' id='word_1_90' title='bbox 1435 926 1623 970; x_wconf 86' lang='lat' dir='ltr'>Ezechia</span> <span class='ocrx_word' id='word_1_91' title='bbox 1641 927 1870 984; x_wconf 86' lang='lat' dir='ltr'>premebat</span> 
     </span>
     <span class='ocr_line' id='line_1_15' title="bbox 402 995 1871 1057; baseline 0 -16"><span class='ocrx_word' id='word_1_92' title='bbox 402 999 615 1057; x_wconf 92' lang='lat' dir='ltr'>populum</span> <span class='ocrx_word' id='word_1_93' title='bbox 656 997 848 1048; x_wconf 90' lang='lat' dir='ltr'>Domini,</span> <span class='ocrx_word' id='word_1_94' title='bbox 887 1010 1210 1052; x_wconf 87' lang='lat' dir='ltr'>conuersusque</span> <span class='ocrx_word' id='word_1_95' title='bbox 1254 1010 1334 1038; x_wconf 84' lang='lat' dir='ltr'>rex</span> <span class='ocrx_word' id='word_1_96' title='bbox 1373 995 1420 1038; x_wconf 90' lang='lat' dir='ltr'>in</span> <span class='ocrx_word' id='word_1_97' title='bbox 1468 1011 1618 1053; x_wconf 82' lang='lat' dir='ltr'>preces</span> <span class='ocrx_word' id='word_1_98' title='bbox 1657 997 1871 1042; x_wconf 81' lang='lat' dir='ltr'>aduersus</span> 
     </span>
     <span class='ocr_line' id='line_1_16' title="bbox 403 1065 1870 1123; baseline -0.001 -12"><span class='ocrx_word' id='word_1_99' title='bbox 403 1068 546 1111; x_wconf 83' lang='lat' dir='ltr'>minas</span> <span class='ocrx_word' id='word_1_100' title='bbox 565 1067 733 1111; x_wconf 76' lang='lat' dir='ltr'>tiranni</span> <span class='ocrx_word' id='word_1_101' title='bbox 753 1067 942 1123; x_wconf 88' lang='lat' dir='ltr'>clipeum</span> <span class='ocrx_word' id='word_1_102' title='bbox 962 1065 1140 1108; x_wconf 92' lang='lat' dir='ltr'>diuinae</span> <span class='ocrx_word' id='word_1_103' title='bbox 1160 1065 1446 1122; x_wconf 89' lang='lat' dir='ltr'>protectionis</span> <span class='ocrx_word' id='word_1_104' title='bbox 1466 1066 1685 1122; x_wconf 88' lang='lat' dir='ltr'>opposuit.</span> <span class='ocrx_word' id='word_1_105' title='bbox 1741 1067 1870 1110; x_wconf 91' lang='lat' dir='ltr'>Vnde</span> 
     </span>
     <span class='ocr_line' id='line_1_17' title="bbox 403 1134 1870 1195; baseline -0.001 -14"><span class='ocrx_word' id='word_1_106' title='bbox 403 1141 450 1181; x_wconf 87' lang='lat' dir='ltr'>et</span> <span class='ocrx_word' id='word_1_107' title='bbox 475 1153 575 1181; x_wconf 91' lang='lat' dir='ltr'>eum</span> <span class='ocrx_word' id='word_1_108' title='bbox 607 1152 687 1195; x_wconf 92' lang='lat' dir='ltr'>per</span> <span class='ocrx_word' id='word_1_109' title='bbox 712 1136 975 1194; x_wconf 86' lang='lat' dir='ltr'>prophetam</span> <span class='ocrx_word' id='word_1_110' title='bbox 1002 1134 1274 1178; x_wconf 84' lang='lat' dir='ltr'>confortauit</span> <span class='ocrx_word' id='word_1_111' title='bbox 1302 1134 1521 1178; x_wconf 84' lang='lat' dir='ltr'>Dominus</span> <span class='ocrx_word' id='word_1_112' title='bbox 1550 1135 1721 1179; x_wconf 89' lang='lat' dir='ltr'>dicens:</span> <span class='ocrx_word' id='word_1_113' title='bbox 1765 1136 1870 1180; x_wconf 88' lang='lat' dir='ltr'>Non</span> 
     </span>
     <span class='ocr_line' id='line_1_18' title="bbox 403 1204 1870 1265; baseline -0.001 -15"><span class='ocrx_word' id='word_1_114' title='bbox 403 1207 679 1265; x_wconf 88' lang='lat' dir='ltr'>ingredietur</span> <span class='ocrx_word' id='word_1_115' title='bbox 707 1206 861 1249; x_wconf 89' lang='lat' dir='ltr'>urbem</span> <span class='ocrx_word' id='word_1_116' title='bbox 889 1205 1004 1262; x_wconf 85' lang='lat' dir='ltr'>hanc</span> <span class='ocrx_word' id='word_1_117' title='bbox 1033 1219 1113 1247; x_wconf 91' lang='lat' dir='ltr'>nec</span> <span class='ocrx_word' id='word_1_118' title='bbox 1141 1204 1292 1247; x_wconf 89' lang='lat' dir='ltr'>mittet</span> <span class='ocrx_word' id='word_1_119' title='bbox 1331 1204 1379 1246; x_wconf 92' lang='lat' dir='ltr'>in</span> <span class='ocrx_word' id='word_1_120' title='bbox 1413 1219 1511 1248; x_wconf 89' lang='lat' dir='ltr'>eam</span> <span class='ocrx_word' id='word_1_121' title='bbox 1545 1205 1756 1263; x_wconf 85' lang='lat' dir='ltr'>sagittam</span> <span class='ocrx_word' id='word_1_122' title='bbox 1789 1221 1870 1250; x_wconf 89' lang='lat' dir='ltr'>nec</span> 
     </span>
     <span class='ocr_line' id='line_1_19' title="bbox 403 1273 1871 1333; baseline -0.001 -13"><span class='ocrx_word' id='word_1_123' title='bbox 403 1276 636 1333; x_wconf 87' lang='lat' dir='ltr'>occupabit</span> <span class='ocrx_word' id='word_1_124' title='bbox 663 1290 759 1318; x_wconf 90' lang='lat' dir='ltr'>eam</span> <span class='ocrx_word' id='word_1_125' title='bbox 786 1275 953 1332; x_wconf 90' lang='lat' dir='ltr'>clipeus</span> <span class='ocrx_word' id='word_1_126' title='bbox 979 1288 1058 1317; x_wconf 92' lang='lat' dir='ltr'>nec</span> <span class='ocrx_word' id='word_1_127' title='bbox 1088 1273 1380 1317; x_wconf 88' lang='lat' dir='ltr'>circumdabit</span> <span class='ocrx_word' id='word_1_128' title='bbox 1406 1288 1502 1317; x_wconf 89' lang='lat' dir='ltr'>eam</span> <span class='ocrx_word' id='word_1_129' title='bbox 1523 1274 1726 1318; x_wconf 91' lang='lat' dir='ltr'>munitio.</span> <span class='ocrx_word' id='word_1_130' title='bbox 1787 1274 1871 1318; x_wconf 88' lang='lat' dir='ltr'>Per</span> 
     </span>
     <span class='ocr_line' id='line_1_20' title="bbox 403 1342 1870 1402; baseline 0 -14"><span class='ocrx_word' id='word_1_131' title='bbox 403 1346 525 1389; x_wconf 91' lang='lat' dir='ltr'>uiam</span> <span class='ocrx_word' id='word_1_132' title='bbox 551 1360 640 1402; x_wconf 92' lang='lat' dir='ltr'>qua</span> <span class='ocrx_word' id='word_1_133' title='bbox 665 1344 792 1387; x_wconf 91' lang='lat' dir='ltr'>uenit</span> <span class='ocrx_word' id='word_1_134' title='bbox 811 1345 1072 1394; x_wconf 89' lang='lat' dir='ltr'>reuertetur‚</span> <span class='ocrx_word' id='word_1_135' title='bbox 1093 1345 1138 1386; x_wconf 90' lang='lat' dir='ltr'>et</span> <span class='ocrx_word' id='word_1_136' title='bbox 1158 1342 1387 1386; x_wconf 89' lang='lat' dir='ltr'>ciuitatem</span> <span class='ocrx_word' id='word_1_137' title='bbox 1407 1344 1521 1387; x_wconf 87' lang='lat' dir='ltr'>hanc</span> <span class='ocrx_word' id='word_1_138' title='bbox 1541 1359 1630 1387; x_wconf 92' lang='lat' dir='ltr'>non</span> <span class='ocrx_word' id='word_1_139' title='bbox 1651 1344 1870 1402; x_wconf 87' lang='lat' dir='ltr'>ingredie-</span> 
     </span>
     <span class='ocr_line' id='line_1_21' title="bbox 404 1412 1870 1469; baseline -0.001 -11"><span class='ocrx_word' id='word_1_140' title='bbox 404 1418 490 1466; x_wconf 85' lang='lat' dir='ltr'>tur,</span> <span class='ocrx_word' id='word_1_141' title='bbox 519 1414 628 1457; x_wconf 88' lang='lat' dir='ltr'>dicit</span> <span class='ocrx_word' id='word_1_142' title='bbox 658 1412 884 1456; x_wconf 88' lang='lat' dir='ltr'>Dominus.</span> <span class='ocrx_word' id='word_1_143' title='bbox 946 1412 1266 1469; x_wconf 87' lang='lat' dir='ltr'>Protegamque</span> <span class='ocrx_word' id='word_1_144' title='bbox 1294 1412 1450 1455; x_wconf 92' lang='lat' dir='ltr'>urbem</span> <span class='ocrx_word' id='word_1_145' title='bbox 1477 1413 1590 1456; x_wconf 87' lang='lat' dir='ltr'>hanc</span> <span class='ocrx_word' id='word_1_146' title='bbox 1618 1416 1663 1456; x_wconf 88' lang='lat' dir='ltr'>et</span> <span class='ocrx_word' id='word_1_147' title='bbox 1688 1413 1870 1457; x_wconf 88' lang='lat' dir='ltr'>saluabo</span> 
     </span>
     <span class='ocr_line' id='line_1_22' title="bbox 404 1481 1871 1541; baseline -0.001 -14"><span class='ocrx_word' id='word_1_148' title='bbox 404 1499 501 1527; x_wconf 88' lang='lat' dir='ltr'>eam</span> <span class='ocrx_word' id='word_1_149' title='bbox 528 1486 710 1541; x_wconf 88' lang='lat' dir='ltr'>propter</span> <span class='ocrx_word' id='word_1_150' title='bbox 729 1497 798 1525; x_wconf 92' lang='lat' dir='ltr'>me</span> <span class='ocrx_word' id='word_1_151' title='bbox 826 1485 872 1525; x_wconf 88' lang='lat' dir='ltr'>et</span> <span class='ocrx_word' id='word_1_152' title='bbox 893 1484 1076 1539; x_wconf 89' lang='lat' dir='ltr'>propter</span> <span class='ocrx_word' id='word_1_153' title='bbox 1100 1481 1249 1524; x_wconf 90' lang='lat' dir='ltr'>Dauid</span> <span class='ocrx_word' id='word_1_154' title='bbox 1269 1496 1447 1525; x_wconf 90' lang='lat' dir='ltr'>seruum</span> <span class='ocrx_word' id='word_1_155' title='bbox 1466 1497 1624 1526; x_wconf 90' lang='lat' dir='ltr'>meum.</span> <span class='ocrx_word' id='word_1_156' title='bbox 1685 1483 1871 1526; x_wconf 87' lang='lat' dir='ltr'>Factum</span> 
     </span>
     <span class='ocr_line' id='line_1_23' title="bbox 406 1550 1871 1610; baseline 0.001 -15"><span class='ocrx_word' id='word_1_157' title='bbox 406 1555 475 1595; x_wconf 83' lang='lat' dir='ltr'>est</span> <span class='ocrx_word' id='word_1_158' title='bbox 501 1567 605 1609; x_wconf 89' lang='lat' dir='ltr'>ergo</span> <span class='ocrx_word' id='word_1_159' title='bbox 632 1552 679 1594; x_wconf 93' lang='lat' dir='ltr'>in</span> <span class='ocrx_word' id='word_1_160' title='bbox 707 1554 834 1595; x_wconf 90' lang='lat' dir='ltr'>nocte</span> <span class='ocrx_word' id='word_1_161' title='bbox 860 1551 949 1594; x_wconf 89' lang='lat' dir='ltr'>illa.</span> <span class='ocrx_word' id='word_1_162' title='bbox 1010 1550 1147 1593; x_wconf 90' lang='lat' dir='ltr'>Venit</span> <span class='ocrx_word' id='word_1_163' title='bbox 1172 1550 1355 1608; x_wconf 87' lang='lat' dir='ltr'>angelus</span> <span class='ocrx_word' id='word_1_164' title='bbox 1383 1551 1561 1594; x_wconf 91' lang='lat' dir='ltr'>Domini</span> <span class='ocrx_word' id='word_1_165' title='bbox 1586 1555 1631 1595; x_wconf 92' lang='lat' dir='ltr'>et</span> <span class='ocrx_word' id='word_1_166' title='bbox 1654 1552 1871 1610; x_wconf 80' lang='lat' dir='ltr'>percussit</span> 
     </span>
     <span class='ocr_line' id='line_1_24' title="bbox 406 1620 1870 1678; baseline 0.001 -14"><span class='ocrx_word' id='word_1_167' title='bbox 406 1624 552 1665; x_wconf 89' lang='lat' dir='ltr'>castra</span> <span class='ocrx_word' id='word_1_168' title='bbox 581 1621 850 1664; x_wconf 88' lang='lat' dir='ltr'>Assiriorum</span> <span class='ocrx_word' id='word_1_169' title='bbox 879 1623 1057 1663; x_wconf 90' lang='lat' dir='ltr'>centum</span> <span class='ocrx_word' id='word_1_170' title='bbox 1086 1620 1313 1678; x_wconf 85' lang='lat' dir='ltr'>octoginta</span> <span class='ocrx_word' id='word_1_171' title='bbox 1343 1620 1536 1678; x_wconf 88' lang='lat' dir='ltr'>quinque</span> <span class='ocrx_word' id='word_1_172' title='bbox 1567 1621 1716 1675; x_wconf 86' lang='lat' dir='ltr'>milia3</span> <span class='ocrx_word' id='word_1_173' title='bbox 1749 1636 1870 1666; x_wconf 90' lang='lat' dir='ltr'>cum-</span> 
     </span>
     <span class='ocr_line' id='line_1_25' title="bbox 407 1690 1871 1748; baseline 0.001 -14"><span class='ocrx_word' id='word_1_174' title='bbox 407 1706 492 1748; x_wconf 89' lang='lat' dir='ltr'>que</span> <span class='ocrx_word' id='word_1_175' title='bbox 512 1691 705 1734; x_wconf 86' lang='lat' dir='ltr'>diluculo</span> <span class='ocrx_word' id='word_1_176' title='bbox 729 1691 1003 1742; x_wconf 86' lang='lat' dir='ltr'>surrexisset,</span> <span class='ocrx_word' id='word_1_177' title='bbox 1023 1690 1140 1733; x_wconf 89' lang='lat' dir='ltr'>uidit</span> <span class='ocrx_word' id='word_1_178' title='bbox 1159 1690 1307 1733; x_wconf 87' lang='lat' dir='ltr'>omnia</span> <span class='ocrx_word' id='word_1_179' title='bbox 1326 1705 1509 1747; x_wconf 87' lang='lat' dir='ltr'>corpora</span> <span class='ocrx_word' id='word_1_180' title='bbox 1528 1695 1804 1735; x_wconf 84' lang='lat' dir='ltr'>mortuorum</span> <span class='ocrx_word' id='word_1_181' title='bbox 1825 1695 1871 1735; x_wconf 86' lang='lat' dir='ltr'>et</span> 
     </span>
     <span class='ocr_line' id='line_1_26' title="bbox 407 1759 1872 1805; baseline 0.001 -1"><span class='ocrx_word' id='word_1_182' title='bbox 407 1761 612 1804; x_wconf 87' lang='lat' dir='ltr'>recedens</span> <span class='ocrx_word' id='word_1_183' title='bbox 628 1761 750 1803; x_wconf 91' lang='lat' dir='ltr'>abiit.</span> <span class='ocrx_word' id='word_1_184' title='bbox 796 1760 855 1803; x_wconf 91' lang='lat' dir='ltr'>Et</span> <span class='ocrx_word' id='word_1_185' title='bbox 874 1774 1077 1802; x_wconf 88' lang='lat' dir='ltr'>reuersus</span> <span class='ocrx_word' id='word_1_186' title='bbox 1097 1762 1165 1802; x_wconf 89' lang='lat' dir='ltr'>est</span> <span class='ocrx_word' id='word_1_187' title='bbox 1184 1759 1483 1803; x_wconf 84' lang='lat' dir='ltr'>Sennacherib</span> <span class='ocrx_word' id='word_1_188' title='bbox 1503 1775 1582 1804; x_wconf 87' lang='lat' dir='ltr'>rex</span> <span class='ocrx_word' id='word_1_189' title='bbox 1602 1760 1872 1805; x_wconf 88' lang='lat' dir='ltr'>Assiriorum</span> 
     </span>
     <span class='ocr_line' id='line_1_27' title="bbox 408 1828 1873 1887; baseline 0.001 -14"><span class='ocrx_word' id='word_1_190' title='bbox 408 1833 454 1873; x_wconf 90' lang='lat' dir='ltr'>et</span> <span class='ocrx_word' id='word_1_191' title='bbox 474 1830 638 1872; x_wconf 86' lang='lat' dir='ltr'>mansit</span> <span class='ocrx_word' id='word_1_192' title='bbox 658 1830 705 1871; x_wconf 94' lang='lat' dir='ltr'>in</span> <span class='ocrx_word' id='word_1_193' title='bbox 727 1829 903 1872; x_wconf 89' lang='lat' dir='ltr'>Niniue.</span> <span class='ocrx_word' id='word_1_194' title='bbox 948 1828 1149 1885; x_wconf 87' lang='lat' dir='ltr'>Cumque</span> <span class='ocrx_word' id='word_1_195' title='bbox 1169 1829 1374 1872; x_wconf 87' lang='lat' dir='ltr'>adoraret</span> <span class='ocrx_word' id='word_1_196' title='bbox 1394 1829 1441 1871; x_wconf 93' lang='lat' dir='ltr'>in</span> <span class='ocrx_word' id='word_1_197' title='bbox 1461 1830 1626 1887; x_wconf 91' lang='lat' dir='ltr'>templo</span> <span class='ocrx_word' id='word_1_198' title='bbox 1646 1830 1873 1875; x_wconf 87' lang='lat' dir='ltr'>Nesarach</span> 
     </span>
     <span class='ocr_line' id='line_1_28' title="bbox 408 1897 1874 1957; baseline 0 -14"><span class='ocrx_word' id='word_1_199' title='bbox 408 1899 552 1943; x_wconf 91' lang='lat' dir='ltr'>Deum</span> <span class='ocrx_word' id='word_1_200' title='bbox 581 1913 723 1950; x_wconf 90' lang='lat' dir='ltr'>suum,</span> <span class='ocrx_word' id='word_1_201' title='bbox 743 1898 1033 1941; x_wconf 84' lang='lat' dir='ltr'>Adramelech</span> <span class='ocrx_word' id='word_1_202' title='bbox 1060 1901 1106 1941; x_wconf 92' lang='lat' dir='ltr'>et</span> <span class='ocrx_word' id='word_1_203' title='bbox 1132 1897 1318 1941; x_wconf 83' lang='lat' dir='ltr'>Sarasar</span> <span class='ocrx_word' id='word_1_204' title='bbox 1343 1898 1424 1941; x_wconf 90' lang='lat' dir='ltr'>filii</span> <span class='ocrx_word' id='word_1_205' title='bbox 1445 1899 1539 1942; x_wconf 91' lang='lat' dir='ltr'>eius</span> <span class='ocrx_word' id='word_1_206' title='bbox 1564 1904 1874 1957; x_wconf 85' lang='lat' dir='ltr'>percusserunt</span> 
     </span>
     <span class='ocr_line' id='line_1_29' title="bbox 409 1967 1871 2026; baseline 0.001 -14"><span class='ocrx_word' id='word_1_207' title='bbox 409 1983 510 2012; x_wconf 86' lang='lat' dir='ltr'>eum</span> <span class='ocrx_word' id='word_1_208' title='bbox 545 1968 693 2026; x_wconf 88' lang='lat' dir='ltr'>gladio</span> <span class='ocrx_word' id='word_1_209' title='bbox 729 1967 1028 2025; x_wconf 81' lang='lat' dir='ltr'>fugeruntque</span> <span class='ocrx_word' id='word_1_210' title='bbox 1063 1967 1110 2009; x_wconf 91' lang='lat' dir='ltr'>in</span> <span class='ocrx_word' id='word_1_211' title='bbox 1145 1970 1310 2010; x_wconf 89' lang='lat' dir='ltr'>terram</span> <span class='ocrx_word' id='word_1_212' title='bbox 1345 1967 1680 2021; x_wconf 91' lang='lat' dir='ltr'>Armeniorum;</span> <span class='ocrx_word' id='word_1_213' title='bbox 1731 1973 1776 2013; x_wconf 91' lang='lat' dir='ltr'>et</span> <span class='ocrx_word' id='word_1_214' title='bbox 1804 1984 1871 2013; x_wconf 88' lang='lat' dir='ltr'>re-</span> 
     </span>
     <span class='ocr_line' id='line_1_30' title="bbox 410 2036 1874 2095; baseline 0.002 -15"><span class='ocrx_word' id='word_1_215' title='bbox 410 2037 569 2095; x_wconf 89' lang='lat' dir='ltr'>gnauit</span> <span class='ocrx_word' id='word_1_216' title='bbox 590 2037 813 2080; x_wconf 89' lang='lat' dir='ltr'>Eseradon</span> <span class='ocrx_word' id='word_1_217' title='bbox 837 2037 955 2079; x_wconf 77' lang='lat' dir='ltr'>filius</span> <span class='ocrx_word' id='word_1_218' title='bbox 980 2037 1074 2079; x_wconf 88' lang='lat' dir='ltr'>eius</span> <span class='ocrx_word' id='word_1_219' title='bbox 1097 2051 1178 2094; x_wconf 89' lang='lat' dir='ltr'>pro</span> <span class='ocrx_word' id='word_1_220' title='bbox 1199 2051 1260 2080; x_wconf 86' lang='lat' dir='ltr'>eo.</span> <span class='ocrx_word' id='word_1_221' title='bbox 1322 2036 1415 2080; x_wconf 89' lang='lat' dir='ltr'>Nec</span> <span class='ocrx_word' id='word_1_222' title='bbox 1439 2040 1617 2081; x_wconf 88' lang='lat' dir='ltr'>moueat</span> <span class='ocrx_word' id='word_1_223' title='bbox 1646 2038 1684 2082; x_wconf 89' lang='lat' dir='ltr'>si</span> <span class='ocrx_word' id='word_1_224' title='bbox 1710 2039 1798 2083; x_wconf 88' lang='lat' dir='ltr'>alio</span> <span class='ocrx_word' id='word_1_225' title='bbox 1827 2042 1874 2083; x_wconf 86' lang='lat' dir='ltr'>et</span> 
     </span>
     <span class='ocr_line' id='line_1_31' title="bbox 410 2105 1874 2166; baseline 0.001 -16"><span class='ocrx_word' id='word_1_226' title='bbox 410 2107 498 2150; x_wconf 88' lang='lat' dir='ltr'>alio</span> <span class='ocrx_word' id='word_1_227' title='bbox 524 2107 700 2150; x_wconf 89' lang='lat' dir='ltr'>nomine</span> <span class='ocrx_word' id='word_1_228' title='bbox 727 2109 958 2149; x_wconf 89' lang='lat' dir='ltr'>censeatur</span> <span class='ocrx_word' id='word_1_229' title='bbox 981 2105 1027 2148; x_wconf 92' lang='lat' dir='ltr'>in</span> <span class='ocrx_word' id='word_1_230' title='bbox 1055 2106 1243 2149; x_wconf 91' lang='lat' dir='ltr'>diuersis</span> <span class='ocrx_word' id='word_1_231' title='bbox 1269 2106 1477 2158; x_wconf 87' lang='lat' dir='ltr'>historiis,</span> <span class='ocrx_word' id='word_1_232' title='bbox 1498 2107 1603 2164; x_wconf 89' lang='lat' dir='ltr'>quia</span> <span class='ocrx_word' id='word_1_233' title='bbox 1629 2122 1710 2166; x_wconf 87' lang='lat' dir='ltr'>pro</span> <span class='ocrx_word' id='word_1_234' title='bbox 1736 2108 1874 2152; x_wconf 83' lang='lat' dir='ltr'>tradi·</span> 
     </span>
    </p>
   </div>
   <div class='ocr_carea' id='block_1_9' title="bbox 409 2225 1871 2273">
    <p class='ocr_par' dir='ltr' id='par_1_9' title="bbox 409 2225 1871 2273">
     <span class='ocr_line' id='line_1_32' title="bbox 409 2225 1871 2273; baseline 0.003 -10"><span class='ocrx_word' id='word_1_235' title='bbox 409 2236 431 2263; x_wconf 86' lang='lat'><em>2</em></span> <span class='ocrx_word' id='word_1_236' title='bbox 457 2226 661 2273; x_wconf 84' lang='lat' dir='ltr'>nephando</span> <span class='ocrx_word' id='word_1_237' title='bbox 673 2225 711 2261; x_wconf 82' lang='lat' dir='ltr'><strong>M</strong></span> <span class='ocrx_word' id='word_1_238' title='bbox 810 2235 828 2273; x_wconf 98' lang='grc'><strong>5</strong></span> <span class='ocrx_word' id='word_1_239' title='bbox 846 2226 977 2273; x_wconf 84' lang='lat' dir='ltr'>egypti</span> <span class='ocrx_word' id='word_1_240' title='bbox 995 2226 1034 2262; x_wconf 88' lang='lat' dir='ltr'>M</span> <span class='ocrx_word' id='word_1_241' title='bbox 1134 2236 1177 2263; x_wconf 84' lang='lat'>10</span> <span class='ocrx_word' id='word_1_242' title='bbox 1193 2225 1450 2263; x_wconf 75' lang='lat' dir='ltr'>Salmanassar</span> <span class='ocrx_word' id='word_1_243' title='bbox 1466 2226 1498 2262; x_wconf 84' lang='lat' dir='ltr'>A</span> <span class='ocrx_word' id='word_1_244' title='bbox 1593 2238 1639 2264; x_wconf 91' lang='lat'>20</span> <span class='ocrx_word' id='word_1_245' title='bbox 1655 2241 1676 2265; x_wconf 89' lang='lat' dir='ltr'>v</span> <span class='ocrx_word' id='word_1_246' title='bbox 1693 2227 1718 2265; x_wconf 90' lang='lat' dir='ltr'>S</span> <span class='ocrx_word' id='word_1_247' title='bbox 1827 2240 1871 2267; x_wconf 87' lang='lat'>22</span> 
     </span>
    </p>
   </div>
   <div class='ocr_carea' id='block_1_10' title="bbox 409 2273 1873 2347">
    <p class='ocr_par' dir='ltr' id='par_1_10' title="bbox 409 2273 1873 2347">
     <span class='ocr_line' id='line_1_33' title="bbox 409 2273 1873 2346; baseline 0.003 -35"><span class='ocrx_word' id='word_1_248' title='bbox 409 2274 630 2311; x_wconf 68' lang='lat' dir='ltr'>senacherib</span> <span class='ocrx_word' id='word_1_249' title='bbox 648 2273 720 2346; x_wconf 58' lang='grc' dir='ltr'>ΑιΜ</span> <span class='ocrx_word' id='word_1_250' title='bbox 800 2321 807 2346; x_wconf 56' lang='lat'><strong>¹</strong></span> <span class='ocrx_word' id='word_1_251' title='bbox 850 2283 892 2320; x_wconf 83' lang='lat'>25</span> <span class='ocrx_word' id='word_1_252' title='bbox 920 2273 1200 2321; x_wconf 84' lang='lat' dir='ltr'>Armeniorum]</span> <span class='ocrx_word' id='word_1_253' title='bbox 1219 2273 1469 2311; x_wconf 79' lang='lat' dir='ltr'>armeniorum</span> <span class='ocrx_word' id='word_1_254' title='bbox 1487 2273 1511 2311; x_wconf 87' lang='lat' dir='ltr'>S</span> <span class='ocrx_word' id='word_1_255' title='bbox 1531 2287 1642 2322; x_wconf 72' lang='lat' dir='ltr'>mary.</span> <span class='ocrx_word' id='word_1_256' title='bbox 1659 2276 1721 2313; x_wconf 82' lang='lat' dir='ltr'>M:</span> <span class='ocrx_word' id='word_1_257' title='bbox 1746 2276 1873 2314; x_wconf 67' lang='lat' dir='ltr'>ansiri-</span> 
     </span>
     <span class='ocr_line' id='line_1_34' title="bbox 642 2328 892 2347; baseline -0.004 0"><span class='ocrx_word' id='word_1_258' title='bbox 642 2330 675 2347; x_wconf 64' lang='grc' dir='ltr'>Ιίε</span> <span class='ocrx_word' id='word_1_259' title='bbox 698 2328 797 2347; x_wconf 53' lang='lat' dir='ltr'>tmen</span> <span class='ocrx_word' id='word_1_260' title='bbox 810 2328 892 2347; x_wconf 75' lang='grc' dir='ltr'><strong>ΟΠΙΙΠ</strong></span> 
     </span>
    </p>
   </div>
   <div class='ocr_carea' id='block_1_11' title="bbox 409 2354 935 2392">
    <p class='ocr_par' dir='ltr' id='par_1_11' title="bbox 409 2354 935 2392">
     <span class='ocr_line' id='line_1_35' title="bbox 409 2354 935 2392; baseline -0.004 0"><span class='ocrx_word' id='word_1_261' title='bbox 409 2367 515 2392; x_wconf 85' lang='lat' dir='ltr'>orum</span> <span class='ocrx_word' id='word_1_262' title='bbox 533 2354 621 2391; x_wconf 84' lang='lat' dir='ltr'>GBS</span> <span class='ocrx_word' id='word_1_263' title='bbox 637 2368 644 2391; x_wconf 72' lang='grc' dir='ltr'>ε</span> <span class='ocrx_word' id='word_1_264' title='bbox 670 2354 885 2391; x_wconf 70' lang='lat' dir='ltr'>assiriorum</span> <span class='ocrx_word' id='word_1_265' title='bbox 903 2355 935 2390; x_wconf 88' lang='lat' dir='ltr'>A</span> 
     </span>
    </p>
   </div>
   <div class='ocr_carea' id='block_1_12' title="bbox 410 2452 1875 2644">
    <p class='ocr_par' dir='ltr' id='par_1_12' title="bbox 410 2452 1875 2644">
     <span class='ocr_line' id='line_1_36' title="bbox 410 2452 1875 2499; baseline 0.003 -10"><span class='ocrx_word' id='word_1_266' title='bbox 410 2453 466 2489; x_wconf 81' lang='lat' dir='ltr'>vir</span> <span class='ocrx_word' id='word_1_267' title='bbox 489 2453 633 2494; x_wconf 67' lang='lat' dir='ltr'>doctus.</span> <span class='ocrx_word' id='word_1_268' title='bbox 652 2452 764 2490; x_wconf 82' lang='lat' dir='ltr'>Patro</span> <span class='ocrx_word' id='word_1_269' title='bbox 782 2452 923 2489; x_wconf 86' lang='lat' dir='ltr'>Pictori</span> <span class='ocrx_word' id='word_1_270' title='bbox 948 2452 992 2493; x_wconf 77' lang='lat' dir='ltr'>(si</span> <span class='ocrx_word' id='word_1_271' title='bbox 1015 2452 1167 2499; x_wconf 85' lang='lat' dir='ltr'>quidem</span> <span class='ocrx_word' id='word_1_272' title='bbox 1190 2465 1223 2490; x_wconf 88' lang='lat' dir='ltr'>a.</span> <span class='ocrx_word' id='word_1_273' title='bbox 1249 2463 1350 2498; x_wconf 76' lang='lat'><em>1200,</em></span> <span class='ocrx_word' id='word_1_274' title='bbox 1376 2456 1420 2491; x_wconf 91' lang='lat' dir='ltr'>ut</span> <span class='ocrx_word' id='word_1_275' title='bbox 1441 2453 1584 2496; x_wconf 83' lang='lat' dir='ltr'>dicunt.</span> <span class='ocrx_word' id='word_1_276' title='bbox 1607 2454 1747 2499; x_wconf 78' lang='lat' dir='ltr'>floruit)</span> <span class='ocrx_word' id='word_1_277' title='bbox 1772 2458 1875 2494; x_wconf 75' lang='lat' dir='ltr'>recto</span> 
     </span>
     <span class='ocr_line' id='line_1_37' title="bbox 411 2499 1874 2549; baseline 0.003 -13"><span class='ocrx_word' id='word_1_278' title='bbox 411 2499 568 2536; x_wconf 82' lang='lat' dir='ltr'>attribui</span> <span class='ocrx_word' id='word_1_279' title='bbox 598 2500 754 2547; x_wconf 70' lang='lat' dir='ltr'>possint.</span> <span class='ocrx_word' id='word_1_280' title='bbox 810 2500 924 2547; x_wconf 86' lang='lat' dir='ltr'>uippe</span> <span class='ocrx_word' id='word_1_281' title='bbox 958 2500 1023 2547; x_wconf 90' lang='lat' dir='ltr'>qui</span> <span class='ocrx_word' id='word_1_282' title='bbox 1058 2500 1190 2537; x_wconf 88' lang='lat' dir='ltr'>Ioanni</span> <span class='ocrx_word' id='word_1_283' title='bbox 1224 2503 1355 2538; x_wconf 82' lang='lat' dir='ltr'>nostro</span> <span class='ocrx_word' id='word_1_284' title='bbox 1386 2514 1419 2538; x_wconf 85' lang='lat' dir='ltr'>a.</span> <span class='ocrx_word' id='word_1_285' title='bbox 1451 2511 1540 2549; x_wconf 84' lang='lat'>1153</span> <span class='ocrx_word' id='word_1_286' title='bbox 1569 2502 1645 2539; x_wconf 89' lang='lat' dir='ltr'>iam</span> <span class='ocrx_word' id='word_1_287' title='bbox 1674 2503 1752 2540; x_wconf 71' lang='lat' dir='ltr'>sint</span> <span class='ocrx_word' id='word_1_288' title='bbox 1779 2503 1874 2542; x_wconf 85' lang='lat' dir='ltr'>noti.</span> 
     </span>
     <span class='ocr_line' id='line_1_38' title="bbox 412 2547 1875 2598; baseline 0.003 -15"><span class='ocrx_word' id='word_1_289' title='bbox 412 2547 567 2584; x_wconf 85' lang='lat' dir='ltr'>Praeter</span> <span class='ocrx_word' id='word_1_290' title='bbox 582 2547 729 2584; x_wconf 74' lang='lat' dir='ltr'>codices</span> <span class='ocrx_word' id='word_1_291' title='bbox 748 2547 785 2582; x_wconf 84' lang='lat' dir='ltr'>M</span> <span class='ocrx_word' id='word_1_292' title='bbox 817 2547 851 2583; x_wconf 87' lang='lat' dir='ltr'>S.</span> <span class='ocrx_word' id='word_1_293' title='bbox 870 2559 961 2594; x_wconf 74' lang='lat' dir='ltr'>quon</span> <span class='ocrx_word' id='word_1_294' title='bbox 978 2551 1174 2585; x_wconf 83' lang='lat' dir='ltr'>enumerat</span> <span class='ocrx_word' id='word_1_295' title='bbox 1194 2548 1381 2591; x_wconf 63' lang='lat' dir='ltr'>Hauream</span> <span class='ocrx_word' id='word_1_296' title='bbox 1398 2549 1495 2586; x_wconf 78' lang='lat' dir='ltr'>alius</span> <span class='ocrx_word' id='word_1_297' title='bbox 1512 2561 1607 2587; x_wconf 70' lang='lat' dir='ltr'>saec.</span> <span class='ocrx_word' id='word_1_298' title='bbox 1626 2549 1694 2586; x_wconf 85' lang='lat' dir='ltr'>xiii</span> <span class='ocrx_word' id='word_1_299' title='bbox 1711 2550 1875 2598; x_wconf 75' lang='lat' dir='ltr'>scriptu·</span> 
     </span>
     <span class='ocr_line' id='line_1_39' title="bbox 412 2595 1874 2644; baseline 0.003 -14"><span class='ocrx_word' id='word_1_300' title='bbox 412 2606 526 2642; x_wconf 76' lang='lat' dir='ltr'>pene·</span> <span class='ocrx_word' id='word_1_301' title='bbox 559 2606 618 2632; x_wconf 81' lang='lat' dir='ltr'>me</span> <span class='ocrx_word' id='word_1_302' title='bbox 644 2598 701 2631; x_wconf 76' lang='lat' dir='ltr'>eat</span> <span class='ocrx_word' id='word_1_303' title='bbox 727 2595 790 2641; x_wconf 88' lang='lat' dir='ltr'>qui</span> <span class='ocrx_word' id='word_1_304' title='bbox 825 2595 973 2632; x_wconf 74' lang='lat' dir='ltr'>eosdem</span> <span class='ocrx_word' id='word_1_305' title='bbox 1003 2607 1128 2632; x_wconf 76' lang='lat' dir='ltr'>versus</span> <span class='ocrx_word' id='word_1_306' title='bbox 1160 2596 1332 2633; x_wconf 87' lang='lat' dir='ltr'>continet</span> <span class='ocrx_word' id='word_1_307' title='bbox 1359 2599 1398 2634; x_wconf 87' lang='lat' dir='ltr'>et</span> <span class='ocrx_word' id='word_1_308' title='bbox 1431 2598 1478 2634; x_wconf 84' lang='lat' dir='ltr'>de</span> <span class='ocrx_word' id='word_1_309' title='bbox 1511 2608 1585 2644; x_wconf 90' lang='lat' dir='ltr'>quo</span> <span class='ocrx_word' id='word_1_310' title='bbox 1618 2598 1806 2635; x_wconf 85' lang='lat' dir='ltr'>nonnulla</span> <span class='ocrx_word' id='word_1_311' title='bbox 1833 2598 1874 2636; x_wconf 85' lang='lat' dir='ltr'>in</span> 
     </span>
    </p>
   </div>
   <div class='ocr_carea' id='block_1_13' title="bbox 412 2641 1875 2788">
    <p class='ocr_par' dir='ltr' id='par_1_13' title="bbox 412 2641 1875 2788">
     <span class='ocr_line' id='line_1_40' title="bbox 412 2641 1875 2729; baseline 0.003 -50"><span class='ocrx_word' id='word_1_312' title='bbox 412 2641 621 2689; x_wconf 81' lang='lat' dir='ltr'>appendice</span> <span class='ocrx_word' id='word_1_313' title='bbox 638 2642 829 2680; x_wconf 75' lang='lat' dir='ltr'>subiunxi.</span> <span class='ocrx_word' id='word_1_314' title='bbox 953 2643 976 2679; x_wconf 91' lang='lat'><strong>6</strong></span> <span class='ocrx_word' id='word_1_315' title='bbox 1000 2644 1048 2679; x_wconf 81' lang='lat' dir='ltr'>In</span> <span class='ocrx_word' id='word_1_316' title='bbox 1065 2644 1123 2678; x_wconf 72' lang='lat' dir='ltr'>his</span> <span class='ocrx_word' id='word_1_317' title='bbox 1139 2646 1209 2680; x_wconf 85' lang='lat' dir='ltr'>etc.</span> <span class='ocrx_word' id='word_1_318' title='bbox 1227 2657 1235 2679; x_wconf 74' lang='grc' dir='ltr'><strong>ε</strong></span> <span class='ocrx_word' id='word_1_319' title='bbox 1260 2644 1329 2680; x_wconf 82' lang='lat' dir='ltr'>Isa.</span> <span class='ocrx_word' id='word_1_320' title='bbox 1346 2643 1395 2681; x_wconf 83' lang='lat' dir='ltr'>ix.</span> <span class='ocrx_word' id='word_1_321' title='bbox 1417 2655 1469 2681; x_wconf 84' lang='lat'>12.</span> <span class='ocrx_word' id='word_1_322' title='bbox 1590 2654 1621 2729; x_wconf 59' lang='grc' dir='ltr'>ἐ</span> <span class='ocrx_word' id='word_1_323' title='bbox 1644 2648 1875 2691; x_wconf 63' lang='lat' dir='ltr'>candianum</span> 
     </span>
     <span class='ocr_line' id='line_1_41' title="bbox 412 2689 1870 2745; baseline 0.003 -18"><span class='ocrx_word' id='word_1_324' title='bbox 412 2692 504 2727; x_wconf 61' lang='lat' dir='ltr'>eta:</span> <span class='ocrx_word' id='word_1_325' title='bbox 530 2702 561 2725; x_wconf 87' lang='lat' dir='ltr'>v.</span> <span class='ocrx_word' id='word_1_326' title='bbox 581 2689 697 2726; x_wconf 82' lang='lat' dir='ltr'>Exod.</span> <span class='ocrx_word' id='word_1_327' title='bbox 717 2690 787 2725; x_wconf 85' lang='lat' dir='ltr'>xiv.</span> <span class='ocrx_word' id='word_1_328' title='bbox 803 2692 858 2727; x_wconf 88' lang='grc'>28.</span> <span class='ocrx_word' id='word_1_329' title='bbox 1030 2692 1051 2728; x_wconf 93' lang='grc'><strong>8</strong></span> <span class='ocrx_word' id='word_1_330' title='bbox 1082 2693 1196 2745; x_wconf 45' lang='lat' dir='ltr'>Aigaia</span> <span class='ocrx_word' id='word_1_331' title='bbox 1212 2703 1292 2737; x_wconf 69' lang='lat' dir='ltr'>eryo</span> <span class='ocrx_word' id='word_1_332' title='bbox 1305 2704 1373 2738; x_wconf 82' lang='lat' dir='ltr'>pro</span> <span class='ocrx_word' id='word_1_333' title='bbox 1391 2703 1513 2729; x_wconf 78' lang='lat' dir='ltr'>muro:</span> <span class='ocrx_word' id='word_1_334' title='bbox 1539 2704 1572 2729; x_wconf 86' lang='lat' dir='ltr'>v.</span> <span class='ocrx_word' id='word_1_335' title='bbox 1625 2692 1707 2730; x_wconf 85' lang='lat' dir='ltr'>xod.</span> <span class='ocrx_word' id='word_1_336' title='bbox 1725 2692 1796 2731; x_wconf 85' lang='lat' dir='ltr'>xiv.</span> <span class='ocrx_word' id='word_1_337' title='bbox 1815 2703 1870 2741; x_wconf 90' lang='lat'>29.</span> 
     </span>
     <span class='ocr_line' id='line_1_42' title="bbox 415 2736 1873 2788; baseline 0.003 -14"><span class='ocrx_word' id='word_1_338' title='bbox 415 2747 460 2774; x_wconf 84' lang='lat'>10</span> <span class='ocrx_word' id='word_1_339' title='bbox 474 2738 715 2774; x_wconf 67' lang='lat' dir='ltr'>salmanasar</span> <span class='ocrx_word' id='word_1_340' title='bbox 729 2740 822 2775; x_wconf 88' lang='lat' dir='ltr'>etc.:</span> <span class='ocrx_word' id='word_1_341' title='bbox 848 2749 879 2774; x_wconf 83' lang='lat' dir='ltr'>v.</span> <span class='ocrx_word' id='word_1_342' title='bbox 899 2748 920 2782; x_wconf 99' lang='grc'><strong>4</strong></span> <span class='ocrx_word' id='word_1_343' title='bbox 938 2736 1030 2786; x_wconf 82' lang='lat' dir='ltr'>Reg.</span> <span class='ocrx_word' id='word_1_344' title='bbox 1051 2750 1150 2774; x_wconf 84' lang='lat' dir='ltr'>xvm.</span> <span class='ocrx_word' id='word_1_345' title='bbox 1173 2750 1304 2785; x_wconf 72' lang='lat' dir='ltr'>9seqq.</span> <span class='ocrx_word' id='word_1_346' title='bbox 1451 2750 1487 2776; x_wconf 82' lang='lat'>11</span> <span class='ocrx_word' id='word_1_347' title='bbox 1508 2752 1766 2788; x_wconf 67' lang='lat' dir='ltr'>conuersusque</span> <span class='ocrx_word' id='word_1_348' title='bbox 1782 2742 1873 2779; x_wconf 83' lang='lat' dir='ltr'>etc.:</span> 
     </span>
    </p>
   </div>
   <div class='ocr_carea' id='block_1_14' title="bbox 411 2784 1874 2880">
    <p class='ocr_par' dir='ltr' id='par_1_14' title="bbox 411 2784 1874 2880">
     <span class='ocr_line' id='line_1_43' title="bbox 411 2784 1874 2870; baseline 0.004 -50"><span class='ocrx_word' id='word_1_349' title='bbox 411 2796 443 2820; x_wconf 79' lang='lat' dir='ltr'>v.</span> <span class='ocrx_word' id='word_1_350' title='bbox 463 2795 485 2829; x_wconf 93' lang='grc'><strong>4</strong></span> <span class='ocrx_word' id='word_1_351' title='bbox 503 2784 590 2830; x_wconf 79' lang='lat' dir='ltr'>Reg.</span> <span class='ocrx_word' id='word_1_352' title='bbox 611 2784 683 2820; x_wconf 84' lang='lat' dir='ltr'>xix.</span> <span class='ocrx_word' id='word_1_353' title='bbox 707 2795 863 2870; x_wconf 44' lang='lat' dir='ltr'>inoffi</span> <span class='ocrx_word' id='word_1_354' title='bbox 946 2831 953 2840; x_wconf 39' lang='lat'>⁸</span> <span class='ocrx_word' id='word_1_355' title='bbox 989 2796 1000 2822; x_wconf 86' lang='grc' dir='ltr'><strong>ι</strong></span> <span class='ocrx_word' id='word_1_356' title='bbox 1009 2796 1029 2832; x_wconf 86' lang='grc'><strong><em>3</em></strong></span> <span class='ocrx_word' id='word_1_357' title='bbox 1052 2787 1282 2832; x_wconf 77' lang='lat' dir='ltr'>prophetam:</span> <span class='ocrx_word' id='word_1_358' title='bbox 1309 2798 1360 2824; x_wconf 71' lang='lat' dir='ltr'>sc.</span> <span class='ocrx_word' id='word_1_359' title='bbox 1380 2786 1526 2824; x_wconf 68' lang='lat' dir='ltr'>lausum.</span> <span class='ocrx_word' id='word_1_360' title='bbox 1649 2798 1703 2834; x_wconf 85' lang='lat'>13,</span> <span class='ocrx_word' id='word_1_361' title='bbox 1725 2798 1767 2834; x_wconf 88' lang='lat'>14</span> <span class='ocrx_word' id='word_1_362' title='bbox 1790 2789 1874 2826; x_wconf 71' lang='lat' dir='ltr'>Non</span> 
     </span>
     <span class='ocr_line' id='line_1_44' title="bbox 412 2834 1169 2880; baseline 0.001 -12"><span class='ocrx_word' id='word_1_363' title='bbox 412 2834 635 2877; x_wconf 70' lang='lat' dir='ltr'>inqndietur</span> <span class='ocrx_word' id='word_1_364' title='bbox 650 2834 744 2870; x_wconf 86' lang='lat' dir='ltr'>etc.:</span> <span class='ocrx_word' id='word_1_365' title='bbox 771 2843 792 2878; x_wconf 96' lang='grc'><strong>4</strong></span> <span class='ocrx_word' id='word_1_366' title='bbox 865 2843 901 2879; x_wconf 77' lang='lat' dir='ltr'>g,</span> <span class='ocrx_word' id='word_1_367' title='bbox 918 2844 992 2870; x_wconf 77' lang='lat' dir='ltr'>xix.</span> <span class='ocrx_word' id='word_1_368' title='bbox 1010 2843 1054 2880; x_wconf 84' lang='lat'>32</span> <span class='ocrx_word' id='word_1_369' title='bbox 1068 2845 1169 2880; x_wconf 70' lang='lat' dir='ltr'>seqq.</span> 
     </span>
    </p>
   </div>
   <div class='ocr_carea' id='block_1_15' title="bbox 523 2904 588 2946">
    <p class='ocr_par' dir='ltr' id='par_1_15' title="bbox 523 2904 588 2946">
     <span class='ocr_line' id='line_1_45' title="bbox 523 2904 588 2946; baseline -0.015 -9"><span class='ocrx_word' id='word_1_370' title='bbox 523 2904 588 2946; x_wconf 79' lang='lat'>380</span> 
     </span>
    </p>
   </div>
   <div class='ocr_carea' id='block_1_16' title="bbox 1890 943 1930 967">
    <p class='ocr_par' dir='ltr' id='par_1_16' title="bbox 1890 943 1930 967">
     <span class='ocr_line' id='line_1_46' title="bbox 1890 943 1930 967; baseline 0 0"><span class='ocrx_word' id='word_1_371' title='bbox 1890 943 1930 967; x_wconf 78' lang='lat'>¹0</span> 
     </span>
    </p>
   </div>
   <div class='ocr_carea' id='block_1_17' title="bbox 1891 1291 1930 1325">
    <p class='ocr_par' dir='ltr' id='par_1_17' title="bbox 1891 1291 1930 1325">
     <span class='ocr_line' id='line_1_47' title="bbox 1891 1291 1930 1325; baseline 0 0"><span class='ocrx_word' id='word_1_372' title='bbox 1891 1291 1930 1325; x_wconf 87' lang='lat'>15</span> 
     </span>
    </p>
   </div>
   <div class='ocr_carea' id='block_1_18' title="bbox 1891 1639 1933 1663">
    <p class='ocr_par' dir='ltr' id='par_1_18' title="bbox 1891 1639 1933 1663">
     <span class='ocr_line' id='line_1_48' title="bbox 1891 1639 1933 1663; baseline 0 0"><span class='ocrx_word' id='word_1_373' title='bbox 1891 1639 1933 1663; x_wconf 82' lang='lat'>20</span> 
     </span>
    </p>
   </div>
   <div class='ocr_carea' id='block_1_19' title="bbox 1893 1989 1934 2024">
    <p class='ocr_par' dir='ltr' id='par_1_19' title="bbox 1893 1989 1934 2024">
     <span class='ocr_line' id='line_1_49' title="bbox 1893 1989 1934 2024; baseline 0 0"><span class='ocrx_word' id='word_1_374' title='bbox 1893 1989 1934 2024; x_wconf 79' lang='lat'>²5</span> 
     </span>
    </p>
   </div>
  </div>
 </body>
</html>
