1988 3250
192 267 290 301 cAr.
304 255 385 316 xx]
706 255 1107 302 POLICRATICV
1109 256 1142 301 S
1668 253 1755 297 688
1775 264 1806 294 a

249 375 397 419 Idem:
439 375 526 419 Sed
565 389 706 433 neque
737 375 978 432 quemlibet
1010 375 1276 419 uenerabilis
1308 375 1465 418 domus
1493 374 1654 432 guber-

193 447 404 496 natorem,
434 447 514 488 aut
552 445 685 488 aliam
725 459 1046 501 quamcumque
1084 444 1424 487 sollicitudinem
1455 444 1654 486 ecclesia—

191 514 347 557 sticam
382 517 598 572 agentem,
632 514 737 556 dare
768 514 938 570 aliquid
970 514 1036 556 illi
1069 528 1098 556 a
1128 527 1215 570 quo
1246 513 1545 562 constituitur,
1575 516 1655 555 aut

191 583 272 628 ulli
301 598 511 641 personae
540 583 670 627 liceat
694 597 774 640 pro
803 583 1037 626 commissa
1063 583 1148 626 sibi
1175 582 1506 640 gubernatione.
1567 581 1655 634 Qui

153 667 173 703 3
193 667 299 697 uero
337 653 416 696 dat
453 656 534 696 aut
582 652 743 709 accipit
782 655 861 696 aut
899 653 1117 696 mediator
1153 653 1218 704 fit,
1256 652 1372 695 clero
1411 651 1656 694 nudabitur

192 723 380 780 acceptis
411 722 697 766 uendicandis
731 722 975 765 uenerabili
1008 722 1114 766 loco.
1174 722 1222 765 Si
1257 724 1406 765 autem
1447 721 1656 764 secularis

190 792 251 836 sit
282 792 358 850 qui
388 792 548 850 accipit
575 794 656 834 aut
684 791 903 835 mediator
933 794 1011 842 est,
1041 791 1158 849 quod
1188 791 1342 835 datum
1372 794 1440 834 est
1468 790 1653 847 duplum

191 861 332 906 eidem
361 861 602 905 uenerabili
632 861 726 905 loco
755 861 812 904 ab
842 861 937 918 ipso
966 861 1242 918 praebeatur.
1672 858 1701 896 b

250 931 400 977 Idem:
430 931 672 981 Sancimus,
701 945 800 974 cum
836 945 946 987 opus
979 930 1118 974 fuerit
1152 931 1403 988 episcopum
1438 930 1655 978 ordinare,

134 1011 177 1038 ιο
194 1000 371 1044 clericos
402 1014 505 1043 mox
545 1000 592 1042 in
623 999 768 1043 tribus
799 999 976 1043 decreta
1010 999 1154 1043 facere
1189 1000 1387 1057 personis
1417 998 1655 1056 propositis

191 1069 478 1113 sacrosanctis
498 1069 752 1126 Euangeliis
772 1069 967 1113 dicentes
987 1070 1034 1112 in
1055 1069 1163 1127 ipsis
1183 1069 1368 1113 decretis
1388 1068 1493 1125 quia
1513 1081 1655 1124 neque

191 1141 372 1197 propter
393 1138 586 1195 aliquam
613 1138 894 1181 donationem
924 1140 1004 1181 aut
1033 1139 1365 1196 promissionem
1396 1141 1476 1181 aut
1504 1136 1654 1179 amici-

191 1207 302 1251 tiam
339 1207 420 1250 hos
458 1208 696 1264 elegerunt,
735 1207 811 1250 sed
850 1210 896 1251 et
934 1208 1120 1252 scientes
1160 1222 1234 1251 eos
1273 1211 1417 1251 rectae
1463 1206 1566 1249 fidei
1610 1210 1656 1248 et

193 1275 402 1320 honestae
428 1276 550 1320 uitae
576 1291 669 1320 esse
695 1280 741 1320 et
768 1277 941 1320 litteras
969 1292 1095 1320 nosse
1120 1281 1165 1321 et
1185 1278 1291 1335 quia
1310 1291 1451 1334 neque
1470 1289 1655 1318 uxorem

134 1355 176 1391 ¹5
193 1360 334 1403 neque
364 1346 650 1390 concubinam
677 1360 819 1403 neque
847 1346 961 1389 filios
990 1346 1157 1390 habent
1186 1361 1328 1404 neque
1361 1347 1440 1389 hos
1469 1343 1656 1388 curiales

191 1418 272 1458 aut
300 1415 503 1459 officiales
532 1430 636 1459 esse.

251 1483 398 1528 Idem:
430 1484 518 1528 Sed
546 1499 689 1542 neque
718 1484 927 1528 curialem
958 1488 1038 1528 aut
1065 1484 1296 1529 officialem*
1322 1485 1528 1529 clericum
1558 1483 1656 1527 fieri

193 1553 490 1611 permittimus
502 1568 512 1607 3
543 1554 658 1598 unde
678 1569 734 1598 ex
762 1555 843 1598 hoc
869 1554 1113 1598 uenerabili
1139 1555 1255 1599 clero
1276 1555 1440 1598 iniuria
1458 1555 1549 1604 fiat,
1567 1554 1656 1596 nisi

195 1621 311 1667 forte
335 1624 622 1668 monasticam
647 1625 788 1667 uitam
815 1624 976 1681 aliquis
1000 1639 1150 1667 eorum
1178 1639 1268 1667 non
1291 1625 1440 1667 minus
1460 1627 1655 1681 quinque

136 1703 180 1731 ⁸0
196 1694 242 1736 et
279 1692 442 1750 uiginti
482 1693 610 1737 annis
649 1693 912 1751 impleuerit.
976 1693 1104 1737 Tales
1144 1694 1260 1737 enim
1300 1694 1503 1737 ordinari·
1531 1707 1654 1750 prae-

194 1761 381 1820 cipimus
411 1765 571 1820 quarta
601 1763 804 1820 propriae
839 1763 1116 1806 substantiae
1145 1763 1235 1806 sibi
1260 1766 1445 1814 retenta,
1475 1762 1656 1819 reliquis
1674 1767 1700 1799 0

194 1830 396 1888 partibus
421 1831 568 1875 curiae
597 1835 643 1875 et
671 1833 776 1876 fisco
805 1832 1106 1883 uendicandis,
1134 1833 1172 1876 si
1203 1833 1250 1875 in
1279 1832 1396 1876 clero
1425 1831 1657 1877 constituti

195 1900 407 1943 monacho
435 1900 744 1945 condecentem
773 1901 917 1944 uitam
947 1902 1245 1959 impleuerint.

252 1967 397 2012 Idem:
438 1970 508 2013 Ab
542 1970 755 2028 episcopis
786 1970 882 2014 Deo
912 1971 1176 2015 amabilibus
1210 1971 1450 2015 secundum
1482 1970 1659 2013 diuinas

138 2050 179 2085 ²⁵
197 2037 370 2096 regulas
401 2038 626 2096 religiosos
654 2039 833 2084 clericos
867 2055 967 2084 cum
998 2041 1141 2084 multa
1170 2041 1267 2084 fieri
1298 2040 1584 2097 inquisitione
1614 2043 1660 2083 et

198 2105 302 2150 boni
323 2107 565 2152 testimonii
591 2109 712 2153 uiros
740 2110 936 2153 ordinari
961 2110 1192 2160 sancimus,
1214 2110 1387 2153 litteras
1407 2109 1659 2153 omnimodo

197 2176 391 2228 scientes,
411 2177 618 2230 eruditos,
638 2179 713 2222 sed
733 2179 878 2222 nullos
898 2180 1040 2237 magis
1067 2180 1116 2222 in
1141 2180 1277 2223 sacris
1303 2179 1660 2222 ordinationibus

196 2244 420 2302 diligimus
447 2261 579 2303 quam
607 2262 707 2291 cum
736 2249 941 2292 castitate
971 2249 1175 2292 uiuentes
1204 2251 1284 2292 aut
1313 2263 1413 2292 cum
1444 2247 1659 2291 uxoribus

198 2327 288 2356 non
307 2315 619 2360 cohabitantes.

200 2435 222 2472 3
246 2425 330 2472 aut]
350 2428 393 2464 ut
408 2426 448 2464 M
577 2440 600 2475 4
625 2429 711 2477 ulli]
730 2428 826 2467 nulli
844 2430 884 2466 M
1016 2441 1044 2477 9
1064 2430 1283 2469 Sanccimus
1299 2431 1361 2468 CA
1373 2442 1393 2467 :·
1408 2430 1616 2468 sanctimus
1634 2430 1658 2468 S

201 2474 505 2557 {gnggffilnffiliis
521 2474 588 2512 BA
715 2487 768 2524 19,
785 2488 832 2514 20
854 2490 937 2514 xxv.
956 2477 1118 2515 CBASM
1245 2480 1291 2516 26
1315 2479 1525 2515 sanccimus
1543 2477 1659 2514 CBA:

252 2615 267 2642 1
295 2607 364 2642 Sed
373 2619 484 2662 nequg
491 2611 676 2662 quemlibet
687 2611 778 2648 ott-..2
801 2622 834 2647 v.
842 2612 976 2648 Nwell.
987 2610 1113 2648 cxxiii.
1126 2622 1157 2647 c.
1166 2612 1220 2648 16.
1317 2621 1340 2657 9
1364 2613 1557 2648 Sam-imus
1568 2613 1658 2647 etc.:

201 2664 234 2688 v.
244 2653 377 2690 Novell.
387 2666 513 2691 cxxul.
524 2667 556 2693 c.
566 2666 581 2692 1
595 2656 682 2694 init.
780 2667 821 2702 17
847 2660 916 2694 Sed
928 2671 1038 2706 neque
1049 2660 1223 2695 curialem
1235 2660 1326 2695 eta:
1342 2671 1376 2695 v.
1388 2661 1524 2695 Novell.
1532 2658 1660 2695 cxxiii.

202 2710 234 2736 c.
249 2708 302 2746 15.
378 2711 430 2747 19,
445 2711 491 2737 20
506 2704 568 2748 qui
671 2709 704 2740 et
715 2707 865 2750 uiyt’nti:
881 2708 1084 2753 quindecim
1096 2705 1278 2742 Authent.
1362 2717 1403 2742 21
1423 2712 1555 2753 quarta
1568 2708 1658 2742 eta:

201 2746 405 2784 Auctorem
422 2760 526 2784 suum
545 2761 607 2786 ma
622 2762 642 2787 6
658 2751 848 2789 intellexit
864 2752 1044 2795 Ioannes;
1070 2753 1135 2798 qui
1152 2754 1345 2798 legitimam
1360 2759 1506 2807 partem
1529 2753 1659 2790 curiae

202 2794 241 2851 et
257 2793 345 2830 fisco
361 2795 524 2849 dandam
541 2807 618 2834 esse
635 2798 844 2846 praecipit;
871 2811 985 2845 quam
1010 2802 1158 2847 partem
1182 2799 1224 2836 in
1252 2802 1334 2836 Cod.
1360 2812 1384 2838 1.
1415 2811 1447 2845 3.
1476 2810 1531 2846 53,
1558 2803 1596 2836 et
1620 2800 1661 2835 in

202 2841 334 2877 howell.
351 2853 397 2878 v1.
416 2854 448 2878 c.
467 2853 482 2879 1
505 2841 522 2889 ἓ
546 2851 561 2879 1
580 2847 754 2890 quartam
772 2858 849 2883 esse
866 2846 1039 2893 legimus.
1230 2857 1275 2892 ²4
1300 2849 1358 2884 Ab
1374 2850 1549 2894 episcopis
1563 2849 1636 2883 etc.
1652 2859 1661 2882 ι

203 2898 238 2924 v.
256 2889 387 2925 Novell.
405 2889 442 2926 vi
461 2889 693 2936 (=Authent.
706 2892 791 2930 coll.
808 2893 833 2930 i.
852 2893 914 2930 tit.
933 2894 970 2938 6)
989 2906 1042 2932 cc.
1059 2905 1095 2940 4,
1113 2903 1145 2941 5.

257 2959 338 2978 wan
353 2959 374 2978 n
889 2955 916 2982 B
941 2942 970 2982 b
1487 2949 1551 2992 185
