1988 3250
256 174 335 225 785
354 183 384 214 a
729 170 991 215 IOANNIS
1030 169 1545 214 SARESBERIENSIS
1624 169 1758 226 ’[ΗΒ.
1773 179 1866 212 vm

397 294 480 336 hoc
510 293 651 351 ipsius
679 292 886 336 omnibus
914 295 1071 336 notum
1100 293 1179 342 est,
1211 290 1317 348 quia
1345 290 1456 334 scire
1484 289 1673 348 praelati
1702 289 1867 333 debent

398 361 528 419 quod,
548 377 649 406 cum
669 362 756 420 ipsi
776 361 1054 418 delinquunt,
1073 362 1144 404 tot
1162 360 1382 403 mortibus
1402 359 1527 418 digni
1547 362 1654 403 sunt
1672 362 1783 416 quot
1807 358 1867 401 ad

398 431 600 474 subditos
619 431 880 489 perditionis
900 430 1103 488 exempla
1121 429 1446 472 transmittunt.

399 573 505 632 Cap.
531 576 596 618 18.
656 574 895 618 Ministros
913 573 998 617 Dei
1024 587 1107 616 esse
1133 572 1346 616 tirannos
1356 586 1374 622 ;
1409 575 1448 615 et
1477 570 1592 628 quid
1614 571 1867 615 tirannus:

517 648 556 688 et
579 644 633 688 de
651 643 855 688 moribus
881 643 968 687 Gai
991 641 1224 698 Galiyulae
1242 646 1282 684 et
1302 641 1500 685 Neronis
1519 641 1692 697 nepotis
1710 641 1809 684 eius
1828 644 1868 685 et
1887 655 1907 694 5

515 714 641 757 επεν,
658 713 910 770 utriusque.

459 816 688 859 Ministros
718 815 802 858 Dei
837 818 987 859 tamen
1017 814 1219 857 tirannos
1248 827 1341 856 esse
1373 827 1463 856 non
1495 813 1678 871 abnego,
1709 812 1787 870 qui
1820 811 1870 855 in

354 887 383 925 b
401 889 590 942 utroque
617 885 825 942 primatu,
852 884 1018 927 scilicet
1044 883 1295 926 animarum
1316 886 1362 925 et
1380 897 1625 939 corporum,
1645 882 1763 925 iusto
1789 895 1870 925 suo

401 954 564 998 iudicio
591 969 684 998 esse
711 953 857 996 uoluit
876 968 956 1010 per
975 967 1084 1010 quos
1111 952 1379 1009 punirentur
1397 951 1504 994 mali
1530 954 1575 995 et
1601 950 1870 1008 corrigeren-

400 1028 477 1068 tur
505 1027 552 1068 et
581 1027 891 1067 exercerentur
919 1022 1037 1065 boni.
1098 1021 1215 1064 Nam
1237 1025 1282 1065 et
1310 1024 1491 1079 peccata
1517 1020 1671 1079 populi
1698 1019 1871 1064 faciunt
1891 1035 1933 1060 ιο

399 1107 587 1151 regnare
639 1092 889 1150 ypocritam
943 1094 999 1142 et,
1039 1091 1155 1134 sicut
1208 1091 1381 1148 Regum
1431 1093 1625 1134 testatur
1672 1088 1871 1141 historia,

401 1162 598 1205 defectus
626 1161 903 1204 sacerdotum
933 1160 980 1202 in
1007 1159 1170 1217 populo
1195 1159 1278 1202 Dei
1306 1160 1507 1203 tirannos
1536 1159 1729 1202 induxit.
1802 1157 1871 1202 Si-

402 1232 578 1289 quidem
601 1231 732 1288 primi
753 1234 902 1287 patres
922 1234 968 1273 et
987 1229 1264 1287 patriarchae
1278 1229 1461 1272 uiuendi
1481 1229 1636 1272 ducem
1657 1228 1871 1286 optimam

401 1306 609 1346 naturam
649 1302 788 1346 secuti
828 1305 945 1344 sunt.
1018 1301 1333 1345 Successerunt
1371 1300 1504 1344 duces
1543 1316 1571 1343 a
1610 1300 1765 1357 Moyse
1803 1313 1872 1343 se·

403 1375 588 1429 quentes
620 1371 774 1429 legem,
809 1374 854 1414 et
892 1371 1059 1414 iudices
1094 1371 1170 1428 qui
1207 1371 1317 1429 legis
1351 1370 1618 1414 auctoritate
1657 1368 1871 1427 regebant
1891 1384 1933 1418 ¹5

403 1441 641 1499 populum3
672 1444 717 1484 et
733 1440 906 1483 eosdem
929 1439 1066 1483 fuisse
1086 1440 1274 1498 legimus
1294 1440 1552 1483 sacerdotes.
1606 1439 1803 1482 Tandem
1823 1437 1872 1481 in

403 1510 555 1553 furore
582 1509 762 1552 Domini
790 1509 884 1551 dati
915 1512 1021 1552 sunt
1048 1524 1183 1567 reges,
1206 1508 1282 1551 alii
1310 1508 1489 1566 quidem
1519 1507 1636 1559 boni,
1658 1507 1736 1551 alii
1765 1521 1873 1550 uero

403 1579 521 1622 mali.
582 1579 800 1622 Senuerat
834 1578 952 1621 enim
985 1578 1164 1621 Samuel
1199 1581 1256 1631 et,
1288 1593 1388 1621 cum
1423 1577 1506 1621 filii
1537 1577 1631 1620 eius
1659 1591 1749 1620 non
1779 1591 1874 1619 am·

402 1647 610 1692 bularent
639 1648 686 1690 in
717 1648 803 1690 uiis
833 1649 925 1690 suis
955 1647 1030 1690 sed
1061 1647 1298 1690 auaritiam
1324 1650 1370 1690 et
1398 1642 1705 1690 immunditias
1734 1648 1872 1689 secta·

404 1722 571 1768 rentur,
600 1717 802 1775 populus,
832 1717 907 1774 qui
940 1717 1128 1760 fortasse
1158 1719 1204 1759 et
1233 1716 1327 1774 ipse
1354 1718 1577 1760 meruerat
1606 1718 1659 1758 ut
1688 1714 1728 1758 ei
1759 1713 1873 1758 tales
1894 1728 1937 1753 πο

363 1801 388 1831 c
404 1789 656 1846 praeessent
695 1786 954 1837 sacerdotes,
994 1801 1021 1829 a
1069 1785 1175 1837 Deo,
1224 1801 1355 1843 quem
1403 1787 1739 1843 contempserat,
1788 1782 1874 1827 sibi

405 1872 553 1915 regem
588 1856 787 1899 extorsit.
848 1855 1026 1899 Electus
1060 1858 1128 1899 est
1162 1870 1267 1913 ergo
1299 1854 1420 1906 Saul,
1447 1855 1565 1913 regis
1596 1857 1746 1897 tamen
1778 1853 1875 1896 iure

404 1926 643 1984 praedicto,
663 1925 709 1967 id
730 1928 798 1968 est
818 1925 893 1982 qui
915 1925 1029 1967 filios
1050 1939 1201 1967 eorum
1230 1924 1406 1967 tolleret
1425 1927 1478 1967 ut
1499 1924 1665 1967 faceret
1684 1922 1875 1980 aurigas,

404 2000 451 2039 et
471 1995 585 2038 filias
605 1998 657 2038 ut
680 1994 894 2052 panificae
922 1994 1080 2037 fierent
1109 1996 1155 2037 et
1183 1993 1385 2046 focariae,
1407 1996 1452 2036 et
1471 2008 1602 2051 agros
1622 1995 1668 2036 et
1694 1991 1876 2050 praedia

405 2068 459 2108 ut
479 2079 530 2108 ea
550 2079 630 2122 pro
659 2064 787 2106 libito
813 2063 1101 2106 distribueret
1124 2063 1264 2106 seruis
1284 2063 1388 2114 suis,
1408 2063 1708 2120 populumque
1728 2063 1875 2105 totum
1894 2076 1936 2111 τε

406 2133 638 2177 seruitutis
670 2136 889 2191 premeret
924 2133 1039 2190 iugo.
1110 2132 1237 2176 Idem
1273 2137 1423 2175 tamen
1462 2132 1655 2176 christus
1694 2130 1875 2175 Domini

406 2203 553 2247 dictus
596 2206 675 2255 est,
719 2205 765 2245 et
809 2202 1078 2246 tirannidem
1123 2217 1331 2245 exercens
1371 2202 1542 2260 regium
1592 2216 1682 2245 non
1726 2200 1878 2245 amisit
1943 2258 1945 2261 Α

404 2338 428 2364 2
453 2326 654 2372 deliquunt
671 2325 697 2361 S
838 2333 859 2369 7
886 2325 1067 2370 tyrannos
1083 2322 1122 2357 M
1268 2332 1307 2360 11
1335 2322 1376 2359 hi
1405 2321 1563 2360 ocritam
1582 2322 1613 2359 A
1707 2320 1879 2368 hystoria

408 2374 446 2410 M
549 2383 591 2420 19
614 2371 885 2409 inmunditiam
902 2371 935 2407 A
1040 2371 1086 2407 26
1111 2369 1265 2407 Domini
1283 2382 1351 2408 om.
1507 2381 1552 2416 27
1577 2368 1818 2417 tyrannidem
1836 2368 1876 2406 M

461 2492 473 2519 1
504 2484 594 2518 scire
613 2484 708 2518 ete.:
734 2479 846 2527 Greg.
867 2479 916 2516 M.
935 2480 1016 2535 Περ.
1043 2480 1181 2515 Pastor.
1209 2478 1265 2514 iii.
1289 2489 1311 2524 ⁴
1336 2477 1483 2524 (Migne
1510 2479 1551 2514 P.
1574 2479 1617 2519 L,
1641 2476 1771 2514 ixxvii.
1791 2476 1878 2525 54);

408 2542 521 2576 quem
545 2529 668 2565 locum
690 2528 787 2565 citat
806 2526 968 2575 epistola
985 2526 1052 2563 illa
1068 2525 1217 2563 Nicolai
1242 2526 1257 2562 1
1283 2537 1404 2573 papae
1427 2526 1475 2562 ad
1499 2524 1721 2564 Lethon-ium
1747 2535 1876 2572 regom

407 2589 520 2624 quam
548 2576 716 2613 referunt
740 2575 940 2612 Anselmu·
966 2573 1141 2611 Lucensis
1168 2574 1256 2610 coll.
1285 2576 1422 2610 Canon.
1449 2572 1514 2611 xii.
1541 2574 1587 2619 36
1609 2574 1649 2610 et
1673 2571 1879 2610 Gratianus

409 2625 546 2661 Decret.
577 2624 623 2660 11.
650 2623 701 2661 xi.
754 2651 761 2659 .
788 2635 819 2659 c.
846 2633 867 2669 3
885 2621 1033 2669 (Migns
1060 2623 1099 2657 Ρ.
1118 2623 1159 2657 L.
1179 2620 1278 2656 cxix.
1301 2630 1400 2668 1150.
1419 2620 1534 2658 cxlix.
1564 2629 1642 2667 531,
1669 2621 1773 2667 Οοφ.
1798 2621 1878 2657 Iar.

412 2675 549 2708 Canon.
563 2672 620 2708 cd.
635 2634 782 2708 Frifflib.
797 2670 820 2707 i.
832 2671 902 2716 643
923 2696 931 2705 .
1048 2679 1089 2705 10
1109 2674 1255 2714 peccata
1272 2670 1343 2705 etc.
1362 2681 1370 2704 :
1395 2680 1426 2705 v.
1445 2668 1509 2706 Iob
1528 2666 1651 2704 xxxiv.
1669 2678 1726 2714 30.
1836 2676 1877 2713 13

408 2721 562 2756 uiuendo·
578 2721 701 2754 ducem
718 2722 815 2755 eta:
842 2727 873 2753 v.
921 2716 967 2754 ic.
984 2717 1027 2752 de
1042 2718 1188 2752 Avm'm'e.
1211 2725 1228 2762 5
1250 2715 1268 2762 ξ
1292 2727 1346 2760 19.
1554 2716 1606 2758 16,
1630 2723 1670 2760 17
1697 2716 1878 2760 iustorum

407 2772 505 2804 θεας
538 2778 569 2803 v.
595 2765 656 2802 Οι.
685 2765 765 2802 xiii.
798 2775 850 2802 11.
1027 2766 1069 2801 18
1099 2766 1273 2800 Smuemt
1298 2766 1391 2801 otest:
1419 2775 1451 2800 v.
1483 2772 1498 2801 1
1527 2761 1618 2810 ch.
1643 2761 1720 2800 viii.
1744 2771 1877 2809 lneqq.

408 2816 455 2852 26
480 2815 579 2850 Idem
596 2816 691 2851 etc.:
721 2825 751 2850 ν.
773 2823 786 2851 1
810 2812 899 2860 ch.
918 2811 985 2849 xii.
1003 2821 1024 2859 3
1042 2813 1081 2848 et
1097 2810 1204 2849 alibi.

519 2886 583 2928 ³⁸⁸
