1988 3250
165 215 268 250 cAP.
283 203 386 266 xxx]
685 205 1124 252 POLICRATICVS
1646 219 1722 263 791
1741 210 1770 249 b

167 322 317 366 Dauid
348 323 428 367 uix
459 323 548 367 duo
582 324 810 381 potuerint
846 324 1053 378 inueniri,
1085 326 1186 382 quis
1221 327 1306 369 sibi
1339 327 1387 369 in
1421 342 1552 371 carne
1587 330 1633 371 et

161 393 378 450 sanguine
398 393 654 450 propagatis
681 393 1027 450 perpetuitatem
1048 408 1141 437 esse
1161 396 1376 440 confidit?
1438 396 1508 447 Et,
1528 397 1634 454 quia

163 461 401 505 Ecclesiam
441 462 524 505 Dei
565 462 700 505 immo
742 465 788 505 et
827 465 971 505 totum
1013 463 1249 520 imperium
1289 464 1504 508 lacerauit
1544 466 1633 508 Do·

161 531 386 581 mitianus,
407 531 559 574 eodem
581 530 629 572 in
649 545 695 574 se
716 530 799 573 Dei
820 545 926 574 usus
946 531 1111 575 iudicio
1133 535 1180 575 et
1199 532 1293 589 ipse
1309 532 1528 576 laceratus
1544 538 1634 576 est3

120 616 142 657 5
161 599 286 644 cuius
312 599 501 643 cadauer
526 599 729 657 populari
756 600 988 658 sandapila
1017 615 1096 658 per
1126 601 1400 658 uispilliones
1427 606 1630 659 exporta-
1650 612 1675 642 c

161 671 259 712 tum
285 672 420 726 atque
448 669 863 727 ignominiosissime
889 670 1111 727 sepultum
1143 674 1220 714 est.
1281 670 1515 714 Successor
1538 672 1633 714 eius

163 738 316 782 Nerua
342 739 491 782 omnia
512 741 613 782 acta
642 739 737 782 eius
767 740 995 783 reuocauit
1023 740 1070 782 in
1101 740 1279 782 irritum
1305 744 1363 792 et,
1391 740 1634 797 asscriptus

162 807 438 865 principibus
484 823 572 851 non
618 808 820 860 tirannis,
862 809 1016 852 morbo
1064 809 1292 852 confectus
1341 809 1459 852 diem
1510 809 1633 859 obiit,

162 877 353 920 Traiano
392 877 605 935 adoptato
654 878 701 920 in
746 893 944 936 regnum.
1024 879 1111 932 Qui
1161 882 1290 922 tanta
1332 879 1633 922 moderatione

102 962 145 992 ιο
163 947 372 990 successit
391 950 454 998 ut,
475 947 590 991 sicut
609 949 841 1005 Augustus
869 947 1161 1000 felicissimus,
1181 949 1247 992 ita
1268 952 1313 992 et
1340 950 1424 992 iste
1446 949 1633 1006 impera-

162 1022 236 1060 tor
273 1017 468 1074 optimus
507 1017 755 1060 diutissime
795 1018 976 1061 habitus
1016 1019 1087 1070 sit,
1127 1022 1184 1070 et,
1222 1022 1275 1062 ut
1315 1018 1480 1069 ferunt,
1515 1018 1634 1076 apud

164 1085 410 1129 Seleuciam
440 1086 593 1130 urbem
624 1085 822 1130 Isauriae
851 1087 1071 1144 profluuio
1101 1089 1272 1131 uentris
1301 1089 1527 1132 extinctus
1555 1092 1634 1131 est.

165 1155 218 1198 Ei
231 1155 441 1199 successit
454 1155 612 1199 Helius
625 1156 861 1209 Adrianus,
873 1160 1001 1214 pater
1016 1159 1200 1215 patriae,
1212 1158 1288 1216 qui
1305 1173 1396 1201 rem
1411 1158 1633 1216 publicam

163 1225 418 1268 iustissimis
452 1224 624 1283 legibus
663 1225 890 1269 ordinauit
922 1230 968 1270 et
1002 1227 1163 1270 Iudeos
1201 1227 1414 1271 scelerum
1453 1242 1633 1270 suorum

106 1314 145 1348 ¹5
166 1294 499 1352 perturbatione
519 1294 779 1352 exagitatos,
800 1299 852 1339 ut
871 1296 918 1338 in
941 1296 1207 1340 Palestinam
1229 1296 1461 1346 irruerent,
1475 1296 1636 1339 ultima

166 1363 297 1407 caede
324 1363 586 1421 perdomuit,
606 1364 814 1422 ultusque
843 1369 912 1409 est
939 1365 1228 1421 Christianos,
1249 1381 1360 1424 quos
1387 1366 1452 1409 illi
1480 1381 1634 1409 excru-

164 1432 356 1484 ciabant,
375 1433 686 1490 praecepitque
707 1449 762 1477 ne
791 1435 862 1478 cui
891 1435 1029 1479 Iudeo
1053 1436 1307 1479 introeundi
1332 1436 1634 1479 Ierosolimam

167 1506 282 1546 esset
311 1502 501 1553 licentia,
529 1502 797 1547 Christianis
827 1508 1005 1548 tantum
1034 1506 1219 1548 ciuitate
1248 1506 1472 1562 permissa,
1500 1520 1632 1563 quam
1651 1512 1679 1552 d

165 1571 213 1614 in
242 1571 460 1629 optimum
489 1574 657 1615 statum
687 1587 914 1616 murorum
939 1574 1230 1618 instructione
1260 1574 1487 1632 reparauit
1510 1589 1634 1632 prae-

105 1659 150 1686 πο
166 1640 370 1698 cepitque
410 1641 559 1684 uocari
600 1641 777 1685 Heliam
818 1643 873 1686 de
919 1644 1203 1701 praenomine
1242 1659 1333 1688 suo.
1412 1644 1637 1687 Antonius

165 1713 458 1768 cognomento
480 1710 584 1754 Pius
604 1712 844 1769 tranquille
864 1716 910 1756 et
929 1717 1080 1757 sancte
1099 1714 1370 1771 gubernauit
1389 1714 1637 1771 imperium,

167 1779 401 1824 succedens
420 1779 620 1823 Adriano
638 1795 738 1824 cum
760 1782 910 1825 liberis
936 1783 1040 1835 suis,
1062 1787 1108 1827 et
1137 1784 1296 1826 merito
1323 1784 1424 1841 pius
1443 1787 1489 1826 et
1509 1786 1638 1840 pater

166 1849 339 1907 patriae
370 1850 625 1893 nominatus
656 1855 734 1901 est,
767 1855 813 1895 et
841 1852 1142 1897 intercedente
1173 1852 1349 1896 Iustino
1374 1853 1636 1910 philosopho

167 1933 214 1962 se
254 1918 522 1962 Christianis
570 1919 812 1978 benignum
863 1922 1079 1966 exhibuit.
1153 1923 1330 1966 Marcus
1379 1922 1637 1965 Antoninus

109 2004 150 2040 ²5
166 1987 310 2031 Verus
339 2001 559 2031 successor
589 1988 655 2031 Pii
686 2004 786 2032 cum
827 1990 1010 2034 Aurelio
1040 1991 1236 2036 Comodo
1265 1991 1405 2034 fratre
1444 1991 1638 2048 suscepit

168 2055 412 2114 imperium.
489 2057 698 2101 Aurelius
746 2062 897 2102 autem
946 2074 1051 2103 casu
1100 2060 1255 2111 morbi,
1299 2075 1428 2118 quem
1480 2060 1637 2104 Graeci

167 2125 444 2183 apoplexiam
484 2130 659 2177 uocant,
698 2128 937 2172 suffocatus
975 2129 1180 2183 interiit3
1239 2144 1377 2187 eoque
1426 2130 1638 2174 defuncto

170 2192 311 2236 frater
330 2194 448 2238 solus
468 2195 531 2238 rei
552 2196 756 2253 publicae
776 2198 986 2254 praefuit,
1007 2199 1079 2241 uir
1102 2214 1233 2256 quem
1261 2199 1473 2242 admirari
1503 2215 1637 2256 quam

170 2261 363 2314 laudare,
395 2263 431 2307 si
475 2263 689 2323 Eutropio
729 2267 936 2319 creditur,
968 2267 1144 2311 facilius
1184 2272 1261 2312 est.
1340 2269 1382 2311 A
1421 2269 1638 2327 principio

174 2394 193 2432 5
219 2386 504 2442 populari-Suet.
525 2390 647 2427 Oroa:
671 2390 866 2438 popularis
881 2391 1046 2429 CBASM
1192 2403 1234 2430 12
1259 2394 1409 2441 ysaurie
1426 2395 1460 2431 A
1594 2396 1637 2433 18

171 2443 353 2480 permissa
369 2437 524 2472 ciuitate
542 2435 567 2473 S

221 2558 239 2595 5
266 2551 372 2586 cuiue
386 2554 544 2588 cadauer
558 2555 654 2590 etc.:
679 2553 782 2591 Oros.
799 2554 861 2591 vii.
877 2565 921 2591 10
938 2554 956 2602 ξ
973 2565 1005 2601 7.
1259 2566 1280 2602 7
1306 2561 1429 2594 omnia
1447 2563 1526 2594 acta
1543 2560 1637 2596 etc.:

171 2596 307 2633 saltem
319 2599 440 2644 primo
457 2601 566 2636 edicto
581 2612 646 2637 suo
661 2607 804 2638 cunctos
820 2605 942 2638 exules
957 2609 1130 2647 revocant,
1150 2606 1194 2640 ut
1210 2604 1327 2642 refert
1343 2605 1495 2642 Orosius
1512 2606 1573 2643 vii.
1597 2617 1611 2643 1
1622 2617 1636 2644 1

212 2654 245 2680 2.
423 2657 468 2682 10
490 2651 542 2690 ut,
557 2649 650 2683 εἰοιιε
665 2651 852 2694 Augustus
868 2653 962 2687 etc.:
989 2663 1020 2686 v.
1039 2650 1196 2698 Eutrop.
1216 2651 1292 2688 viii.
1311 2662 1330 2699 5
1351 2652 1368 2699 §
1389 2663 1433 2699 3;
1460 2653 1508 2689 cf.
1527 2665 1641 2700 supra

171 2702 203 2727 v.
218 2690 338 2738 8(559
352 2692 407 2737 Α).
487 2739 510 2748 ..
539 2703 578 2731 11
604 2697 783 2741 mser-unt
799 2699 890 2733 etc.:
915 2699 1018 2734 Oros.
1037 2698 1098 2734 vii.
1123 2709 1162 2735 12
1182 2699 1200 2745 ξ
1221 2702 1257 2735 8.
1381 2710 1422 2746 13
1447 2703 1642 2737 Adrianus

172 2739 264 2774 etc.:
290 2750 322 2774 v.
341 2738 442 2776 Oros.
461 2751 524 2777 vn.
546 2751 599 2786 13.
781 2754 828 2780 20
850 2746 1056 2781 Antonius:
1081 2745 1105 2781 i.
1121 2758 1152 2782 e.
1170 2748 1390 2782 Antoninus.
1457 2750 1642 2784 Antonius

172 2787 267 2822 etc.:
291 2797 325 2821 v.
342 2785 445 2824 Oros.
462 2786 524 2824 vii.
545 2798 598 2833 14.
754 2799 801 2835 24
827 2792 975 2827 Marcus
991 2795 1204 2828 Antoninus
1220 2795 1315 2830 etc.:
1341 2806 1373 2830 v.
1395 2793 1495 2831 Oros.
1514 2795 1574 2831 vii.
1599 2804 1639 2846 15

173 2831 217 2880 ξς
240 2842 268 2875 1.
287 2842 320 2878 3,
338 2843 376 2878 4.
522 2836 567 2872 28
591 2838 656 2872 uir
668 2847 771 2883 quem
787 2839 886 2874 etc.:
910 2850 945 2875 v.
963 2838 1120 2888 Eutrop.
1136 2839 1216 2876 viii.
1239 2851 1277 2878 ιι
1300 2840 1318 2888 ξ
1341 2851 1370 2878 1.

239 2903 321 2923 wan
335 2903 356 2925 u
846 2904 871 2942 3
900 2906 928 2932 Β
1463 2899 1530 2944 3⁶9
