1988 3250
140 182 244 223 mr.
259 180 382 237 ΠΗ]
656 179 1098 224 POLICRATICVS
1631 181 1709 221 612
1727 175 1756 220 d

142 297 349 351 Parnaso,
360 299 584 356 processit,
597 299 823 356 ipsiusque
838 298 1058 356 Apollinis
1078 301 1292 355 appetens
1311 299 1464 356 spolia,
1476 299 1613 343 scuri-

142 367 247 411 liter
261 368 430 411 iocatus
445 368 533 411 ait:
555 368 814 425 Locupletes
829 367 934 410 deos
948 367 1104 424 largiri
1119 368 1373 411 hominibus
1388 372 1590 425 oportere
1605 383 1614 421 3

141 436 272 488 hunc,
292 437 486 494 inquam,
498 436 685 479 tradunt
701 435 755 478 de
775 435 934 478 maiori
950 435 1197 486 Britannia,
1213 450 1326 492 quae
1341 437 1399 478 ab
1415 437 1613 480 aduentu
1630 434 1707 482 613
1727 444 1759 476 a.

142 504 371 549 Saxonum
405 505 454 547 in
493 504 685 547 insulam
723 507 912 547 uocatur
942 503 1118 561 Anglia,
1154 504 1403 547 oriundum.
1478 505 1612 561 Apud

0 576 23 643 Q,
102 587 123 626 5
141 575 336 632 Trogum
378 573 636 631 Pompeium
675 573 724 616 in
761 573 972 616 uicesimo
1007 573 1228 630 reperitur
1263 573 1380 630 quod
1417 573 1613 617 Senones

0 637 18 670 ⁵²
140 643 258 688 Galli
270 644 590 688 commilitones
606 642 785 695 Brenni,
798 657 898 686 cum
911 643 958 684 in
972 642 1152 685 Italiam
1167 643 1405 693 uenissent,
1418 643 1614 686 Thuscos

139 727 169 756 a
187 714 280 757 suis
299 712 477 756 sedibus
498 711 778 768 expulerunt,
798 711 846 753 in
867 725 919 754 ea
938 711 1233 754 condiderunt
1253 709 1391 754 ‘urbes
1412 712 1613 768 egregias

140 782 441 826 Mediolanum
482 780 669 825 Comum
710 780 912 823 Brixiam
951 780 1173 823 Veronam
1212 780 1484 838 Vergamum
1516 781 1613 823 Tri-

140 850 325 894 dentum
350 854 485 908 atque
513 849 808 893 Vincentiam.
866 848 985 892 Nam
1016 849 1134 906 quod
1163 849 1319 892 urbem
1349 849 1613 892 Senensium

11 950 23 975 -,.
82 936 126 965 ιο
140 921 319 964 senibus
339 920 431 963 suis
452 922 498 963 et
518 919 850 962 ualitudinariis
877 919 1245 976 armentariisque
1269 919 1613 969 construxerint,

140 1003 231 1033 non
259 989 391 1032 modo
419 988 529 1032 fides
559 988 771 1031 historiae
802 988 878 1031 sed
907 987 1091 1032 celebris
1122 988 1307 1031 traditio
1338 991 1429 1040 est3
1475 1003 1531 1032 ex
1562 1003 1613 1031 eo

139 1058 319 1116 quidem
339 1057 531 1101 ualidior
551 1057 669 1114 quod
699 1056 915 1100 Senenses
936 1060 982 1100 et
1010 1056 1283 1100 liniamentis
1312 1057 1612 1100 membrorum

140 1130 187 1171 et
215 1130 451 1171 uenustate
481 1126 612 1170 faciei
643 1129 689 1170 et
718 1126 876 1170 coloris
904 1126 1053 1184 gratia
1079 1126 1276 1169 moribus
1303 1141 1478 1184 quoque
1505 1126 1614 1184 ipsis

140 1197 199 1240 ad
235 1197 386 1240 Gallos
425 1199 470 1240 et
505 1196 723 1246 Britones,
757 1210 785 1238 a
825 1196 986 1253 quibus
1024 1195 1241 1254 originem
1280 1199 1614 1247 contraxerunt,

81 1283 124 1320 η
140 1266 354 1310 uidentur
390 1266 607 1316 accedere,
649 1265 753 1308 licet
793 1279 866 1308 eos
905 1268 1119 1315 uetustas,
1159 1265 1279 1308 orbis
1318 1265 1462 1323 plaga,
1499 1266 1613 1309 situs

140 1335 343 1393 regionis,
363 1335 594 1379 conuictus
613 1334 917 1385 finitimorum,
932 1334 1093 1391 quibus
1112 1334 1329 1392 sanguine
1351 1337 1396 1377 et
1415 1335 1614 1378 moribus

139 1405 218 1449 diu
248 1405 460 1463 permixti
490 1407 608 1455 sunt,
638 1418 694 1447 ex
725 1418 889 1461 magna
918 1407 1045 1461 parte
1080 1404 1336 1447 mutauerit.
1397 1403 1610 1447 Nondum
1628 1410 1659 1448 b

139 1476 290 1518 tamen
317 1473 506 1518 colorem
534 1472 766 1524 Gallicum,
786 1472 1021 1519 candorem
1045 1473 1223 1524 scilicet,
1244 1473 1352 1516 haec
1378 1474 1528 1516 omnia
1554 1474 1612 1517 ad

140 1593 158 1621 1
185 1583 376 1632 apollonis
392 1583 438 1620 Βι
585 1593 614 1628 1,
634 1593 655 1619 2
681 1580 890 1636 scurriliter
903 1580 1011 1618 ΒΑΜ
1155 1592 1178 1626 4
1202 1581 1375 1628 uocatur]
1389 1583 1616 1666 ffpeuatur

139 1629 204 1668 M:
229 1631 423 1679 apellatur
439 1630 464 1668 S
622 1639 661 1714 {a
671 1632 888 1678 repperitur
904 1629 977 1665 AM
1146 1631 1170 1666 6
1186 1630 1339 1666 tuschos
1355 1629 1387 1666 A
1590 1633 1612 1668 8

140 1677 316 1725 Comum]
334 1691 492 1716 cornum
510 1677 620 1715 C’BA
809 1688 854 1714 10
877 1689 950 1723 que
967 1690 1035 1714 om.
1054 1676 1087 1712 A
1234 1687 1274 1731 15
1303 1680 1474 1715 uetustas
1491 1690 1554 1716 eos
1571 1678 1612 1714 M

135 1732 216 1774 poet
233 1738 295 1764 eos
312 1729 395 1763 add.
412 1726 594 1774 temporis
610 1726 650 1762 M
708 1730 793 1772 post
807 1727 979 1762 uetustas
995 1726 1078 1761 add.
1097 1726 1283 1772 tempons
1302 1725 1327 1762 S

185 1829 207 1874 3
231 1821 276 1856 de
290 1820 424 1856 maiori
438 1819 640 1855 Britannia
655 1829 663 1854 :
691 1816 850 1854 v.Ga.1fr.
864 1816 1073 1854 Monumet.
1089 1817 1186 1852 Hice.
1199 1818 1284 1862 Req.
1298 1818 1392 1852 Brit.
1404 1816 1459 1854 iii.
1475 1819 1496 1854 8
1507 1829 1609 1864 seqq.

137 1878 206 1914 qui
222 1867 379 1904 Romam
396 1867 529 1903 narrat
546 1868 698 1912 captam
715 1876 792 1902 esse
810 1876 834 1901 a
850 1864 984 1901 Belino
1001 1867 1040 1902 et
1057 1864 1174 1901 fratre
1191 1864 1272 1901 eius
1296 1864 1472 1911 Brennio,
1492 1865 1615 1902 Brito-

138 1925 231 1999 {²1:¹3
244 1911 1614 2007 &3¹1⁰ssssssssss32⁰{teffissiffiffiffifflffl3353?'azmfflff

138 2008 237 2046 xxiv.
256 2018 287 2056 5,
306 2009 330 2046 6
346 2010 582 2045 memoratos.
717 2009 740 2044 6
765 2009 903 2043 cumin
920 2009 1070 2043 Italiam
1087 2009 1160 2043 etc.
1178 2019 1186 2044 :
1214 2019 1246 2042 v.
1267 2006 1400 2044 Iustin.
1419 2020 1478 2044 xx.
1500 2018 1518 2055 5
1541 2008 1558 2055 §
1579 2010 1612 2045 8.

138 2057 161 2094 8
183 2058 218 2093 V
273 2067 417 2093 amum:
436 2057 471 2092 B
532 2067 652 2092 omum
669 2054 804 2091 Iustin.
901 2064 924 2100 9
939 2056 1062 2090 urbem
1078 2056 1291 2090 Senensium
1304 2057 1378 2092 etc.
1394 2068 1401 2091 :
1419 2055 1467 2091 cf.
1479 2055 1612 2092 Ioann.

138 2103 249 2142 Seres
276 2131 285 2141 .
297 2105 369 2150 Ep.
380 2113 449 2150 234
468 2105 480 2148 (
526 2102 618 2150 igne
632 2104 671 2138 P.
688 2104 731 2138 L.
747 2101 866 2139 cxcix.
887 2103 955 2138 262
966 2114 1090 2148 seqq.;
1117 2101 1328 2139 Robertson
1345 2104 1538 2138 Materiale
1544 2106 1616 2149 sor

137 2153 196 2188 the
204 2153 353 2198 History
364 2152 408 2197 of
420 2152 574 2187 Thomas
585 2151 715 2186 Becket
731 2149 780 2187 vi.
793 2160 863 2196 239
874 2150 991 2195 seqq.)
1010 2149 1080 2186 sub
1098 2148 1252 2186 nomine
1272 2149 1423 2186 Godrici
1441 2151 1489 2186 ad
1503 2150 1614 2188 Bald-

137 2198 281 2236 winum
296 2197 605 2235 archidiaconum
622 2197 910 2242 Norwicensem,
926 2209 1039 2243 quem
1057 2196 1281 2233 Godwinum
1305 2200 1428 2242 vocat,
1446 2197 1610 2241 missam,

137 2246 205 2283 ubi
220 2245 347 2294 agitur
361 2246 408 2282 de
424 2247 510 2282 urbe
530 2247 675 2288 Senum,
692 2257 801 2292 quam
819 2246 1003 2281 Brenniue
1018 2247 1096 2281 dua:
1111 2246 1294 2281 Senonum
1310 2247 1360 2281 ad
1378 2247 1547 2282 locandos
1563 2248 1615 2282 ibi

136 2295 427 2331 ualetudinaria
453 2305 536 2329 suos
562 2294 695 2339 leyitur
721 2295 974 2330 construxisse.
1023 2293 1129 2329 Haec
1155 2292 1202 2329 de
1235 2292 1357 2329 Senae
1389 2294 1457 2329 aut
1511 2293 1612 2330 otius

138 2340 281 2379 Saenae
298 2340 456 2396 origine,
475 2352 574 2386 quae
590 2351 667 2376 non
684 2339 937 2376 dubitandum
963 2342 1020 2377 est
1043 2339 1137 2386 quin
1162 2340 1263 2386 apud
1288 2340 1406 2377 Italos
1431 2340 1470 2376 di
1498 2340 1611 2377 icerit

136 2386 283 2433 Noster,
307 2400 451 2436 primus
473 2387 575 2424 inter
598 2386 801 2434 scriptores
818 2387 883 2433 qui
907 2387 1020 2424 hodie
1038 2389 1191 2424 exstant
1214 2387 1295 2434 ipse
1312 2387 1518 2425 memoriae
1539 2391 1613 2424 tra-

137 2435 258 2479 didit;
281 2448 314 2472 v.
338 2435 377 2472 L.
402 2434 568 2481 Douglas
584 2436 743 2481 Hister-y>
760 2437 806 2481 of
820 2437 931 2471 Siena
955 2447 992 2482 p.
1012 2445 1032 2480 3
1046 2446 1149 2481 seqq.
1207 2434 1379 2472 Alteram
1406 2434 1544 2472 Senam
1569 2436 1611 2472 in

138 2482 268 2521 littore
283 2482 476 2519 Adriatico
493 2483 619 2526 sitam,
637 2493 734 2528 quae
756 2482 970 2528 antiquitus
986 2484 1080 2518 Sena
1102 2483 1255 2527 Gallica,
1272 2482 1387 2519 hodie
1404 2484 1610 2529 Siniyaqlia

138 2533 308 2576 uocatur,
325 2542 348 2567 a
364 2529 483 2566 Gallis
500 2529 711 2567 Senonibus
727 2529 928 2566 fundatam
942 2542 1019 2567 esse
1037 2532 1208 2566 constat:
1234 2542 1266 2566 ν.
1286 2532 1380 2566 Dict.
1395 2532 1441 2576 os
1452 2532 1513 2567 Gr.
1533 2533 1610 2567 and

137 2578 240 2616 Rom.
261 2580 384 2625 Geoqr.
402 2590 430 2614 s.
442 2589 476 2614 v.
577 2579 619 2614 18
644 2579 794 2614 colorem
814 2578 996 2614 Gallicum
1012 2579 1107 2614 etc.:
1133 2590 1165 2615 v.
1184 2576 1271 2613 Isid.
1292 2579 1388 2623 Θήρ.
1406 2577 1488 2614 ix.2
1505 2578 1522 2625 ξ
1542 2589 1609 2622 104

139 2625 287 2672 (Migne
302 2627 344 2662 P.
356 2627 399 2662 L.
416 2623 548 2660 lxxxii.
565 2623 650 2670 338)
671 2626 774 2661 Galli
789 2637 812 2661 a
828 2627 981 2661 candore
997 2627 1158 2671 corporis
1172 2627 1378 2672 nuncupati
1391 2630 1499 2668 sunm
1516 2627 1609 2672 γάλα

138 2674 235 2708 enim
265 2674 397 2709 Graece
429 2674 486 2708 lac
513 2674 652 2708 dicitur
676 2673 716 2709 et
745 2671 828 2719 §68
860 2674 1012 2708 Galatae
1039 2673 1142 2708 Galli
1165 2684 1237 2708 esse
1260 2678 1461 2709 noscuntur
1481 2674 1545 2720 qui
1569 2675 1610 2708 in

139 2721 322 2756 auxilium
344 2733 368 2756 a
391 2731 470 2765 reae
494 2721 691 2765 Bithyniae
711 2721 858 2763 euocati,
875 2732 1026 2765 reynum
1045 2732 1126 2755 cum
1145 2731 1183 2755 eo
1200 2726 1315 2765 parta
1339 2722 1494 2755 uictoria
1517 2722 1611 2755 diui-

138 2772 274 2812 serunt,
291 2769 407 2814 sicque
426 2768 555 2803 deinde
577 2768 725 2803 Graecis
740 2768 888 2803 admisti
902 2769 1069 2813 primum
1088 2768 1325 2813 Galloyraeci,
1343 2779 1444 2803 nunc
1459 2778 1504 2803 ex
1518 2769 1612 2803 anti-

138 2825 207 2862 quo
226 2815 412 2852 Gallorum
427 2816 572 2851 nomine
591 2815 745 2850 Galatae
759 2819 1033 2860 nuncupantur.

1453 2894 1498 2928 45
