1988 3250
267 240 358 279 602
376 239 407 279 b

381 789 406 820 C

373 1726 403 1766 d

756 239 1018 284 IOANNIS
1058 238 1574 283 SARESBERIENSIS
1722 236 1831 300 [12113.
1847 249 1899 282 vt

485 362 650 406 Fidelis
669 377 813 406 sermo
833 365 878 407 et
897 362 1019 406 omni
1040 360 1292 418 acceptione
1313 360 1488 418 dignus,
1504 361 1580 418 qui
1600 360 1754 405 deceat
1772 373 1900 418 prae-

424 432 655 475 ambulum
681 433 864 490 gratiae,
894 446 1154 489 praeconem
1185 430 1402 481 ueritatis,
1432 430 1613 474 Domini
1643 443 1899 488 praecurso-

423 515 529 543 rem.
589 501 634 543 N
636 505 792 546 ouerat
826 503 944 546 enim
976 515 1159 543 manum
1191 498 1431 542 militarem
1462 503 1715 557 promptam
1745 499 1803 542 ad
1832 498 1899 540 in·-

422 569 574 622 iurias,
593 571 763 629 rapinis
784 574 1006 614 assuetam
1027 573 1073 613 et
1094 570 1166 613 cui
1186 583 1431 626 numquam
1451 572 1531 613 aut
1551 584 1653 613 raro
1673 568 1901 612 sufficiunt

421 653 504 682 sua
539 641 648 697 quin
678 644 862 698 appetat
891 640 1047 683 aliena.
1108 638 1405 683 Concussione
1434 653 1540 695 ergo
1568 638 1795 696 prohibita
1823 651 1900 680 ex·
1921 648 1940 682 5

423 709 557 752 clusit
596 709 795 761 iniurias,
835 710 1015 767 rapinas
1054 708 1376 751 exterminauit
1414 708 1594 751 exclusa
1631 706 1898 764 calumpnia.

424 778 678 822 Auaritiam
713 794 887 836 quoque
919 778 1184 835 dampnauit
1213 777 1321 820 dum
1351 777 1575 835 praecepit
1603 790 1898 833 unumquem-

423 862 510 904 que
549 852 808 892 contentum
848 863 941 892 esse
981 847 1216 905 stipendiis
1255 847 1358 890 suis.
1418 847 1546 890 Sicut
1579 847 1697 890 enim
1729 846 1900 889 dictum

423 921 502 968 est,
523 918 711 961 militem
733 933 860 976 egere
884 933 974 961 non
992 918 1110 974 licet,
1137 917 1221 968 cui,
1241 917 1350 960 dum
1376 916 1556 969 militat,
1575 916 1763 959 militiae
1791 929 1899 958 suae

421 991 708 1044 praestantur
727 989 950 1045 stipendia
969 991 1027 1038 et,
1046 1003 1148 1031 cum
1174 987 1386 1030 emeritus
1412 989 1491 1038 est,
1510 986 1693 1043 praedia
1718 985 1791 1028 uel
1818 984 1898 1028 ali-
1920 999 1961 1023 10

421 1060 585 1108 menta,
605 1058 751 1115 quoad
772 1058 1009 1101 necessitas
1029 1057 1183 1115 exigit,
1203 1056 1258 1100 de
1277 1056 1454 1114 publico
1473 1055 1779 1114 prouidentur.

421 1198 530 1256 Cap.
556 1213 622 1243 11.
654 1199 783 1254 Quod
808 1200 977 1243 ‘milites
1005 1199 1176 1244 durius
1202 1198 1462 1256 castiya‘ndi
1485 1203 1607 1251 sunt,
1626 1199 1669 1244 si
1695 1199 1898 1244 militm

695 1269 783 1326 leye
803 1274 1056 1326 contempta
1069 1268 1342 1326 priuileyiis
1359 1268 1634 1315 abutuntur.

481 1371 531 1416 Si
571 1387 678 1416 uero
717 1379 873 1417 contra
920 1373 1266 1431 prohibitionem
1317 1373 1531 1418 Iohannis
1579 1376 1625 1418 et
1673 1374 1897 1432 legitimas

422 1442 671 1486 sanctiones
692 1443 739 1485 in
760 1443 885 1486 furta
905 1443 1121 1486 dilabitur
1142 1447 1187 1487 et
1215 1443 1406 1500 rapinas,
1426 1443 1582 1487 durius
1610 1444 1897 1502 castigandus
1919 1456 1957 1491 ¹5

421 1515 491 1555 est
518 1516 571 1556 ut
601 1513 677 1570 qui
705 1527 877 1569 semper
901 1512 1070 1555 ferrum
1098 1513 1298 1570 duraque
1328 1513 1568 1566 tractauit3
1608 1516 1654 1556 et
1682 1513 1748 1556 ita
1777 1513 1897 1557 cohi-

420 1581 567 1625 benda
601 1585 669 1625 est
703 1581 890 1624 audacia
924 1582 1018 1625 eius
1048 1584 1101 1625 ut
1131 1583 1178 1624 in
1211 1582 1355 1639 seipso
1384 1582 1526 1626 discat
1557 1585 1727 1640 quanta
1755 1582 1897 1625 anim-

421 1651 682 1694 aduersione
713 1651 901 1694 feriendi
937 1651 1028 1694 sint
1060 1652 1136 1708 qui
1167 1651 1309 1709 legem
1340 1652 1608 1709 impugnant
1637 1667 1771 1709 quam
1800 1666 1895 1695 sus-

421 1725 629 1778 ceperant
656 1720 991 1763 defendendam.
1055 1721 1182 1764 Sicut
1211 1721 1328 1764 enim
1356 1721 1510 1764 multis
1536 1721 1896 1765 immunitatibus

421 1794 467 1832 et
488 1790 852 1832 eminentioribus
871 1790 1119 1847 priuilegiis
1139 1791 1301 1833 militia
1320 1791 1499 1848 gaudet,
1511 1790 1578 1834 ita
1598 1790 1895 1834 acerbioribus
1915 1803 1959 1827 ²0

420 1859 546 1915 penis
566 1858 796 1901 subdenda
826 1862 904 1909 est,
925 1859 962 1901 si
991 1873 1072 1901 sua
1102 1859 1370 1902 demeruisse
1399 1859 1636 1918 priuilegia
1661 1859 1896 1903 conuinca-

420 1932 509 1971 tur-
571 1928 665 1971 Nec
695 1927 742 1969 in
775 1942 827 1970 ea
857 1927 941 1970 sibi
976 1932 1104 1984 parte
1139 1929 1320 1985 prodest
1354 1929 1608 1987 ignorantia
1643 1928 1766 1980 iuris,
1795 1943 1897 1973 cum

420 1998 504 2040 etsi
541 1998 640 2040 iura
670 1997 848 2054 publica
880 1998 1179 2054 permittatur,
1215 2013 1346 2041 suum
1386 2002 1537 2042 tamen
1576 1998 1767 2042 officium
1806 2013 1897 2042 non

420 2066 552 2110 liceat
572 2067 786 2124 ignorare.
848 2066 972 2109 Licet
992 2067 1109 2109 enim
1131 2068 1333 2111 sacerdos
1358 2068 1405 2110 in
1426 2067 1705 2111 ordinatione
1729 2068 1897 2112 ordinis

420 2136 489 2180 sui
519 2136 825 2179 difficultatem
857 2135 1043 2193 ignoret,
1074 2151 1124 2178 eo
1155 2136 1251 2193 ipso
1281 2137 1399 2194 quod
1424 2138 1518 2180 sine
1549 2137 1897 2181 contradictione
1918 2151 1957 2186 ²5

420 2220 605 2249 oneroso
645 2205 840 2248 succedit
873 2205 1023 2255 officio,
1059 2206 1252 2263 suscepti
1288 2207 1522 2250 sacerdotii
1554 2222 1689 2251 onera
1723 2208 1898 2266 cogitur

420 2276 652 2319 sustinere.
726 2274 774 2317 Si
822 2289 928 2317 uero
978 2275 1166 2331 negligit
1215 2279 1296 2318 aut
1335 2276 1620 2333 malignatur,
1659 2276 1898 2335 corripitur

421 2345 627 2402 grauius3
670 2358 721 2387 eo
756 2344 872 2400 quod
905 2344 1061 2387 maiori
1094 2359 1210 2402 pena
1239 2345 1365 2402 digni
1395 2349 1502 2389 sunt
1538 2346 1570 2388 ii
1606 2347 1767 2403 quibus
1795 2361 1897 2391 cum

421 2413 613 2456 multum
635 2413 849 2456 debeatur
879 2414 1057 2457 honoris
1084 2417 1164 2457 aut
1193 2414 1364 2458 occulto
1394 2418 1473 2458 aut
1502 2414 1741 2459 manifesto
1770 2416 1896 2460 inue-

422 2483 611 2526 niuntur
630 2482 677 2525 in
697 2483 893 2526 crimine.
943 2483 1089 2527 Aliter
1108 2487 1258 2526 tamen
1278 2484 1476 2535 crimina,
1497 2484 1628 2527 aliter
1647 2484 1898 2542 puniuntur
1916 2501 1959 2535 30

269 2556 356 2604 603
376 2564 405 2594 a
423 2566 637 2602 excessus,
650 2552 858 2608 quoniam
880 2552 957 2595 illa
978 2553 1236 2610 plerumque
1257 2567 1416 2610 penam
1437 2553 1639 2611 irrogant
1653 2554 1896 2612 sanguinis,

421 2663 445 2698 6
469 2661 552 2697 calu
585 2661 649 2697 niu.
665 2660 696 2696 A
834 2671 874 2705 ¹⁴
901 2660 1110 2708 legittimae
1127 2660 1229 2697 BSM
1367 2662 1408 2699 16
1433 2662 1658 2700 tractauerit
1678 2662 1717 2698 M
1851 2665 1895 2703 18

422 2712 512 2745 nunt
531 2710 558 2744 Α
746 2709 791 2744 28
817 2708 872 2743 hii
894 2709 932 2744 M

475 2813 486 2838 ι
517 2803 655 2838 Fidelis
671 2803 743 2838 etc.
758 2813 767 2838 :
780 2775 931 2838 —1—7Pim.
945 2800 969 2837 i.
989 2809 1039 2848 ις.
1140 2811 1181 2846 ¹4
1208 2802 1406 2838 Iohannis:
1427 2813 1476 2839 sc.
1493 2801 1714 2850 Baptistaeg
1734 2815 1764 2840 v.
1781 2815 1897 2851 supra

421 2861 453 2905 c.
475 2860 528 2887 ιο.
649 2859 770 2933 πῦιη
795 2851 860 2904 etqi
877 2852 961 2884 iura
974 2850 1122 2895 publica
1135 2851 1373 2895 per-mittatur
1388 2853 1577 2896 synorare:
1604 2863 1637 2887 v.
1653 2851 1743 2888 eod.
1758 2852 1892 2890 Iuntin.

420 2909 445 2934 ι.
468 2898 578 2941 ιΒ.ι;
606 2898 652 2933 cf.
708 2909 758 2944 ig.
777 2907 878 2933 xxix.
895 2906 924 2933 1.
941 2907 970 2934 1.

534 2961 577 2997 26
