<?xml version="1.0" encoding="UTF-8"?>
<!DOCTYPE html PUBLIC "-//W3C//DTD XHTML 1.0 Transitional//EN"
    "http://www.w3.org/TR/xhtml1/DTD/xhtml1-transitional.dtd">
<html xmlns="http://www.w3.org/1999/xhtml" xml:lang="en" lang="en">
 <head>
  <title>
</title>
<meta http-equiv="Content-Type" content="text/html;charset=utf-8" />
  <meta name='ocr-system' content='tesseract 3.04.00' />
  <meta name='ocr-capabilities' content='ocr_page ocr_carea ocr_par ocr_line ocrx_word'/>
</head>
<body>
  <div class='ocr_page' id='page_1' title='image "./policraticisived02john_0015.png"; bbox 0 0 1988 3250; ppageno 0'>
   <div class='ocr_carea' id='block_1_1' title="bbox 169 197 1789 259">
    <p class='ocr_par' dir='ltr' id='par_1_1' title="bbox 169 197 1789 259">
     <span class='ocr_line' id='line_1_1' title="bbox 169 197 1789 259; baseline -0.002 -16"><span class='ocrx_word' id='word_1_1' title='bbox 169 209 270 243; x_wconf 77' lang='grc' dir='ltr'><strong>οΔΡ.</strong></span> <span class='ocrx_word' id='word_1_2' title='bbox 293 197 334 259; x_wconf 92' lang='lat'><strong>1]</strong></span> <span class='ocrx_word' id='word_1_3' title='bbox 683 198 1123 245; x_wconf 83' lang='lat' dir='ltr'><strong>POLICRATICVS</strong></span> <span class='ocrx_word' id='word_1_4' title='bbox 1654 202 1741 254; x_wconf 80' lang='lat'><strong>589</strong></span> <span class='ocrx_word' id='word_1_5' title='bbox 1760 202 1789 240; x_wconf 87' lang='lat' dir='ltr'>b</span> 
     </span>
    </p>
   </div>
   <div class='ocr_carea' id='block_1_2' title="bbox 32 317 1680 1838">
    <p class='ocr_par' dir='ltr' id='par_1_2' title="bbox 32 317 1680 1838">
     <span class='ocr_line' id='line_1_2' title="bbox 166 317 1637 378; baseline 0.002 -17"><span class='ocrx_word' id='word_1_6' title='bbox 166 317 285 361; x_wconf 87' lang='lat' dir='ltr'><strong>Vsus</strong></span> <span class='ocrx_word' id='word_1_7' title='bbox 319 331 493 375; x_wconf 90' lang='lat' dir='ltr'><strong>quoque</strong></span> <span class='ocrx_word' id='word_1_8' title='bbox 526 331 740 360; x_wconf 90' lang='lat' dir='ltr'><strong>manuum</strong></span> <span class='ocrx_word' id='word_1_9' title='bbox 774 317 933 374; x_wconf 86' lang='lat' dir='ltr'><strong>capitis</strong></span> <span class='ocrx_word' id='word_1_10' title='bbox 967 317 1038 360; x_wconf 89' lang='lat' dir='ltr'><strong>sui</strong></span> <span class='ocrx_word' id='word_1_11' title='bbox 1076 320 1354 375; x_wconf 76' lang='lat' dir='ltr'><strong>protestatur</strong></span> <span class='ocrx_word' id='word_1_12' title='bbox 1385 319 1637 378; x_wconf 80' lang='lat' dir='ltr'><strong>imaginem,</strong></span> 
     </span>
     <span class='ocr_line' id='line_1_3' title="bbox 165 386 1680 447; baseline 0.001 -16"><span class='ocrx_word' id='word_1_13' title='bbox 165 387 283 445; x_wconf 85' lang='lat' dir='ltr'><strong>quia,</strong></span> <span class='ocrx_word' id='word_1_14' title='bbox 303 390 356 431; x_wconf 91' lang='lat' dir='ltr'><strong>ut</strong></span> <span class='ocrx_word' id='word_1_15' title='bbox 381 387 447 430; x_wconf 91' lang='lat' dir='ltr'><strong>ait</strong></span> <span class='ocrx_word' id='word_1_16' title='bbox 467 386 709 444; x_wconf 86' lang='lat' dir='ltr'><strong>Sapientia,</strong></span> <span class='ocrx_word' id='word_1_17' title='bbox 730 401 811 430; x_wconf 90' lang='lat' dir='ltr'><strong>rex</strong></span> <span class='ocrx_word' id='word_1_18' title='bbox 835 387 1016 444; x_wconf 90' lang='lat' dir='ltr'><strong>iniquus</strong></span> <span class='ocrx_word' id='word_1_19' title='bbox 1045 402 1197 430; x_wconf 87' lang='lat' dir='ltr'><strong>omnes</strong></span> <span class='ocrx_word' id='word_1_20' title='bbox 1224 388 1451 432; x_wconf 91' lang='lat' dir='ltr'><strong>ministros</strong></span> <span class='ocrx_word' id='word_1_21' title='bbox 1478 390 1636 447; x_wconf 89' lang='lat' dir='ltr'><strong>impios</strong></span> <span class='ocrx_word' id='word_1_22' title='bbox 1654 403 1680 433; x_wconf 88' lang='lat' dir='ltr'><strong>c</strong></span> 
     </span>
     <span class='ocr_line' id='line_1_4' title="bbox 148 455 1637 513; baseline 0.001 -13"><span class='ocrx_word' id='word_1_23' title='bbox 148 457 317 510; x_wconf 74' lang='lat' dir='ltr'><strong>‘habet3</strong></span> <span class='ocrx_word' id='word_1_24' title='bbox 337 459 383 500; x_wconf 90' lang='lat' dir='ltr'><strong>et</strong></span> <span class='ocrx_word' id='word_1_25' title='bbox 402 455 546 513; x_wconf 87' lang='lat' dir='ltr'><strong>qualis</strong></span> <span class='ocrx_word' id='word_1_26' title='bbox 561 458 706 498; x_wconf 90' lang='lat' dir='ltr'><strong>rector</strong></span> <span class='ocrx_word' id='word_1_27' title='bbox 725 458 793 498; x_wconf 83' lang='lat' dir='ltr'><strong>est</strong></span> <span class='ocrx_word' id='word_1_28' title='bbox 806 455 1016 506; x_wconf 81' lang='lat' dir='ltr'><strong>ciuitatis,</strong></span> <span class='ocrx_word' id='word_1_29' title='bbox 1029 456 1141 499; x_wconf 83' lang='lat' dir='ltr'><strong>tales</strong></span> <span class='ocrx_word' id='word_1_30' title='bbox 1153 460 1261 500; x_wconf 90' lang='lat' dir='ltr'><strong>sunt</strong></span> <span class='ocrx_word' id='word_1_31' title='bbox 1273 460 1319 500; x_wconf 90' lang='lat' dir='ltr'><strong>et</strong></span> <span class='ocrx_word' id='word_1_32' title='bbox 1334 457 1637 502; x_wconf 74' lang='lat' dir='ltr'><strong>inhabitantes</strong></span> 
     </span>
     <span class='ocr_line' id='line_1_5' title="bbox 164 524 1636 585; baseline 0.002 -16"><span class='ocrx_word' id='word_1_33' title='bbox 164 526 212 569; x_wconf 91' lang='lat' dir='ltr'><strong>in</strong></span> <span class='ocrx_word' id='word_1_34' title='bbox 232 541 295 570; x_wconf 87' lang='lat' dir='ltr'><strong>ea.</strong></span> <span class='ocrx_word' id='word_1_35' title='bbox 355 525 555 583; x_wconf 83' lang='lat' dir='ltr'><strong>Oportet,</strong></span> <span class='ocrx_word' id='word_1_36' title='bbox 575 524 724 582; x_wconf 90' lang='lat' dir='ltr'><strong>inquit</strong></span> <span class='ocrx_word' id='word_1_37' title='bbox 744 524 932 575; x_wconf 88' lang='lat' dir='ltr'><strong>Perides,</strong></span> <span class='ocrx_word' id='word_1_38' title='bbox 944 525 1157 583; x_wconf 80' lang='lat' dir='ltr'><strong>collegam</strong></span> <span class='ocrx_word' id='word_1_39' title='bbox 1179 525 1411 570; x_wconf 86' lang='lat' dir='ltr'><strong>Soffoclem</strong></span> <span class='ocrx_word' id='word_1_40' title='bbox 1432 542 1636 585; x_wconf 86' lang='lat' dir='ltr'><strong>arguens,</strong></span> 
     </span>
     <span class='ocr_line' id='line_1_6' title="bbox 32 594 1634 653; baseline 0.002 -14"><span class='ocrx_word' id='word_1_41' title='bbox 32 630 34 632; x_wconf 23' lang='lat' dir='ltr'>v</span> <span class='ocrx_word' id='word_1_42' title='bbox 104 613 144 648; x_wconf 60' lang='lat'><em>5</em></span> <span class='ocrx_word' id='word_1_43' title='bbox 163 599 412 653; x_wconf 81' lang='lat' dir='ltr'><strong>praetorem</strong></span> <span class='ocrx_word' id='word_1_44' title='bbox 431 609 522 638; x_wconf 92' lang='lat' dir='ltr'><strong>non</strong></span> <span class='ocrx_word' id='word_1_45' title='bbox 542 594 672 638; x_wconf 92' lang='lat' dir='ltr'><strong>modo</strong></span> <span class='ocrx_word' id='word_1_46' title='bbox 692 609 851 638; x_wconf 87' lang='lat' dir='ltr'><strong>manus</strong></span> <span class='ocrx_word' id='word_1_47' title='bbox 873 594 951 638; x_wconf 64' lang='lat' dir='ltr'><strong>md</strong></span> <span class='ocrx_word' id='word_1_48' title='bbox 981 595 1130 638; x_wconf 89' lang='lat' dir='ltr'><strong>oculos</strong></span> <span class='ocrx_word' id='word_1_49' title='bbox 1157 595 1319 638; x_wconf 89' lang='lat' dir='ltr'><strong>habere</strong></span> <span class='ocrx_word' id='word_1_50' title='bbox 1343 596 1634 642; x_wconf 81' lang='lat' dir='ltr'><strong>continentes.</strong></span> 
     </span>
     <span class='ocr_line' id='line_1_7' title="bbox 163 664 1637 722; baseline 0.001 -13"><span class='ocrx_word' id='word_1_51' title='bbox 163 665 245 709; x_wconf 87' lang='lat' dir='ltr'><strong>Est</strong></span> <span class='ocrx_word' id='word_1_52' title='bbox 263 668 413 709; x_wconf 88' lang='lat' dir='ltr'><strong>autem</strong></span> <span class='ocrx_word' id='word_1_53' title='bbox 433 664 781 722; x_wconf 86' lang='lat' dir='ltr'><strong>praesidentium</strong></span> <span class='ocrx_word' id='word_1_54' title='bbox 801 665 1076 708; x_wconf 85' lang='lat' dir='ltr'><strong>continentia</strong></span> <span class='ocrx_word' id='word_1_55' title='bbox 1095 664 1173 708; x_wconf 87' lang='lat' dir='ltr'><strong>illa</strong></span> <span class='ocrx_word' id='word_1_56' title='bbox 1192 665 1440 715; x_wconf 87' lang='lat' dir='ltr'><strong>laudabilis,</strong></span> <span class='ocrx_word' id='word_1_57' title='bbox 1456 680 1557 709; x_wconf 89' lang='lat' dir='ltr'><strong>cum</strong></span> <span class='ocrx_word' id='word_1_58' title='bbox 1577 667 1637 710; x_wconf 90' lang='lat' dir='ltr'><strong>ab</strong></span> 
     </span>
     <span class='ocr_line' id='line_1_8' title="bbox 161 733 1635 780; baseline 0.001 -2"><span class='ocrx_word' id='word_1_59' title='bbox 161 735 466 778; x_wconf 77' lang='lat' dir='ltr'><strong>exactionibus</strong></span> <span class='ocrx_word' id='word_1_60' title='bbox 495 736 541 777; x_wconf 90' lang='lat' dir='ltr'><strong>et</strong></span> <span class='ocrx_word' id='word_1_61' title='bbox 569 733 746 777; x_wconf 87' lang='lat' dir='ltr'><strong>iniuriis</strong></span> <span class='ocrx_word' id='word_1_62' title='bbox 775 734 1006 778; x_wconf 87' lang='lat' dir='ltr'><strong>continent</strong></span> <span class='ocrx_word' id='word_1_63' title='bbox 1036 749 1194 778; x_wconf 83' lang='lat' dir='ltr'><strong>manus</strong></span> <span class='ocrx_word' id='word_1_64' title='bbox 1223 749 1327 778; x_wconf 86' lang='lat' dir='ltr'><strong>suas</strong></span> <span class='ocrx_word' id='word_1_65' title='bbox 1353 738 1400 778; x_wconf 88' lang='lat' dir='ltr'><strong>et</strong></span> <span class='ocrx_word' id='word_1_66' title='bbox 1425 736 1635 780; x_wconf 87' lang='lat' dir='ltr'><strong>cohibent</strong></span> 
     </span>
     <span class='ocr_line' id='line_1_9' title="bbox 159 803 337 848; baseline -0.006 0"><span class='ocrx_word' id='word_1_67' title='bbox 159 803 337 848; x_wconf 85' lang='lat' dir='ltr'><strong>alienas.</strong></span> 
     </span>
     <span class='ocr_line' id='line_1_10' title="bbox 217 874 1635 932; baseline 0.001 -14"><span class='ocrx_word' id='word_1_68' title='bbox 217 874 378 918; x_wconf 84' lang='lat' dir='ltr'><strong>Manus</strong></span> <span class='ocrx_word' id='word_1_69' title='bbox 412 877 563 919; x_wconf 85' lang='lat' dir='ltr'><strong>tamen</strong></span> <span class='ocrx_word' id='word_1_70' title='bbox 602 875 835 932; x_wconf 88' lang='lat' dir='ltr'><strong>utriusque</strong></span> <span class='ocrx_word' id='word_1_71' title='bbox 873 875 1073 926; x_wconf 86' lang='lat' dir='ltr'><strong>militiae,</strong></span> <span class='ocrx_word' id='word_1_72' title='bbox 1106 878 1305 918; x_wconf 82' lang='lat' dir='ltr'><strong>armatae</strong></span> <span class='ocrx_word' id='word_1_73' title='bbox 1345 875 1553 920; x_wconf 89' lang='lat' dir='ltr'><strong>uidelicet</strong></span> <span class='ocrx_word' id='word_1_74' title='bbox 1587 880 1635 920; x_wconf 90' lang='lat' dir='ltr'><strong>et</strong></span> 
     </span>
     <span class='ocr_line' id='line_1_11' title="bbox 99 943 1632 1002; baseline 0.002 -16"><span class='ocrx_word' id='word_1_75' title='bbox 99 957 144 986; x_wconf 80' lang='grc' dir='ltr'><strong>ιο</strong></span> <span class='ocrx_word' id='word_1_76' title='bbox 158 943 352 996; x_wconf 84' lang='lat' dir='ltr'><strong>inermis,</strong></span> <span class='ocrx_word' id='word_1_77' title='bbox 383 959 542 988; x_wconf 86' lang='lat' dir='ltr'><strong>manus</strong></span> <span class='ocrx_word' id='word_1_78' title='bbox 572 944 786 1002; x_wconf 88' lang='lat' dir='ltr'><strong>principis</strong></span> <span class='ocrx_word' id='word_1_79' title='bbox 817 948 908 996; x_wconf 85' lang='lat' dir='ltr'><strong>est;</strong></span> <span class='ocrx_word' id='word_1_80' title='bbox 950 947 996 988; x_wconf 90' lang='lat' dir='ltr'><strong>et</strong></span> <span class='ocrx_word' id='word_1_81' title='bbox 1026 945 1114 988; x_wconf 89' lang='lat' dir='ltr'><strong>nisi</strong></span> <span class='ocrx_word' id='word_1_82' title='bbox 1148 948 1385 1002; x_wconf 87' lang='lat' dir='ltr'><strong>utramque</strong></span> <span class='ocrx_word' id='word_1_83' title='bbox 1416 946 1632 997; x_wconf 85' lang='lat' dir='ltr'><strong>cohibeat,</strong></span> 
     </span>
     <span class='ocr_line' id='line_1_12' title="bbox 157 1013 1632 1072; baseline 0.001 -16"><span class='ocrx_word' id='word_1_84' title='bbox 157 1027 317 1071; x_wconf 83' lang='lat' dir='ltr'><strong>pamm</strong></span> <span class='ocrx_word' id='word_1_85' title='bbox 345 1013 576 1058; x_wconf 90' lang='lat' dir='ltr'><strong>continens</strong></span> <span class='ocrx_word' id='word_1_86' title='bbox 606 1016 686 1058; x_wconf 88' lang='lat' dir='ltr'><strong>est.</strong></span> <span class='ocrx_word' id='word_1_87' title='bbox 747 1013 807 1057; x_wconf 88' lang='lat' dir='ltr'><strong>Et</strong></span> <span class='ocrx_word' id='word_1_88' title='bbox 836 1013 1014 1071; x_wconf 91' lang='lat' dir='ltr'><strong>quidem</strong></span> <span class='ocrx_word' id='word_1_89' title='bbox 1044 1014 1187 1058; x_wconf 84' lang='lat' dir='ltr'><strong>artius</strong></span> <span class='ocrx_word' id='word_1_90' title='bbox 1218 1018 1287 1058; x_wconf 85' lang='lat' dir='ltr'><strong>est</strong></span> <span class='ocrx_word' id='word_1_91' title='bbox 1317 1014 1632 1072; x_wconf 80' lang='lat' dir='ltr'><strong>compescenda</strong></span> 
     </span>
     <span class='ocr_line' id='line_1_13' title="bbox 156 1082 1630 1142; baseline 0.001 -16"><span class='ocrx_word' id='word_1_92' title='bbox 156 1082 350 1134; x_wconf 88' lang='lat' dir='ltr'><strong>inermis,</strong></span> <span class='ocrx_word' id='word_1_93' title='bbox 384 1097 436 1126; x_wconf 89' lang='lat' dir='ltr'><strong>eo</strong></span> <span class='ocrx_word' id='word_1_94' title='bbox 467 1083 586 1140; x_wconf 91' lang='lat' dir='ltr'><strong>quod</strong></span> <span class='ocrx_word' id='word_1_95' title='bbox 619 1098 720 1127; x_wconf 89' lang='lat' dir='ltr'><strong>cum</strong></span> <span class='ocrx_word' id='word_1_96' title='bbox 752 1083 914 1126; x_wconf 83' lang='lat' dir='ltr'><strong>armati</strong></span> <span class='ocrx_word' id='word_1_97' title='bbox 948 1084 1280 1142; x_wconf 81' lang='lat' dir='ltr'><strong>praecipiantur</strong></span> <span class='ocrx_word' id='word_1_98' title='bbox 1313 1084 1537 1128; x_wconf 88' lang='lat' dir='ltr'><strong>abstinere</strong></span> <span class='ocrx_word' id='word_1_99' title='bbox 1571 1084 1630 1128; x_wconf 84' lang='lat' dir='ltr'><strong>ab</strong></span> 
     </span>
     <span class='ocr_line' id='line_1_14' title="bbox 156 1152 1628 1210; baseline 0.001 -14"><span class='ocrx_word' id='word_1_100' title='bbox 156 1152 462 1196; x_wconf 80' lang='lat' dir='ltr'><strong>exactionibus</strong></span> <span class='ocrx_word' id='word_1_101' title='bbox 482 1155 528 1196; x_wconf 89' lang='lat' dir='ltr'><strong>et</strong></span> <span class='ocrx_word' id='word_1_102' title='bbox 549 1152 728 1210; x_wconf 83' lang='lat' dir='ltr'><strong>rapinis,</strong></span> <span class='ocrx_word' id='word_1_103' title='bbox 749 1152 931 1196; x_wconf 85' lang='lat' dir='ltr'><strong>inermis</strong></span> <span class='ocrx_word' id='word_1_104' title='bbox 955 1153 1090 1196; x_wconf 90' lang='lat' dir='ltr'><strong>etiam</strong></span> <span class='ocrx_word' id='word_1_105' title='bbox 1112 1168 1140 1196; x_wconf 94' lang='lat' dir='ltr'><strong>a</strong></span> <span class='ocrx_word' id='word_1_106' title='bbox 1159 1154 1417 1197; x_wconf 89' lang='lat' dir='ltr'><strong>muneribus</strong></span> <span class='ocrx_word' id='word_1_107' title='bbox 1440 1157 1628 1198; x_wconf 86' lang='lat' dir='ltr'><strong>arcetur.</strong></span> 
     </span>
     <span class='ocr_line' id='line_1_15' title="bbox 156 1221 1674 1281; baseline 0.002 -16"><span class='ocrx_word' id='word_1_108' title='bbox 156 1221 206 1266; x_wconf 90' lang='lat' dir='ltr'><strong>Si</strong></span> <span class='ocrx_word' id='word_1_109' title='bbox 241 1223 392 1265; x_wconf 86' lang='lat' dir='ltr'><strong>tamen</strong></span> <span class='ocrx_word' id='word_1_110' title='bbox 423 1236 538 1280; x_wconf 89' lang='lat' dir='ltr'><strong>pena</strong></span> <span class='ocrx_word' id='word_1_111' title='bbox 572 1222 705 1266; x_wconf 83' lang='lat' dir='ltr'><strong>alicui</strong></span> <span class='ocrx_word' id='word_1_112' title='bbox 740 1222 966 1280; x_wconf 85' lang='lat' dir='ltr'><strong>irrogatur</strong></span> <span class='ocrx_word' id='word_1_113' title='bbox 1000 1223 1212 1280; x_wconf 86' lang='lat' dir='ltr'><strong>legitima,</strong></span> <span class='ocrx_word' id='word_1_114' title='bbox 1243 1223 1281 1266; x_wconf 91' lang='lat' dir='ltr'><strong>si</strong></span> <span class='ocrx_word' id='word_1_115' title='bbox 1317 1224 1517 1281; x_wconf 81' lang='lat' dir='ltr'><strong>exigitur</strong></span> <span class='ocrx_word' id='word_1_116' title='bbox 1547 1227 1627 1268; x_wconf 85' lang='lat' dir='ltr'><strong>aut</strong></span> <span class='ocrx_word' id='word_1_117' title='bbox 1644 1228 1674 1269; x_wconf 88' lang='lat' dir='ltr'><strong>d</strong></span> 
     </span>
     <span class='ocr_line' id='line_1_16' title="bbox 82 1291 1627 1351; baseline 0.005 -21"><span class='ocrx_word' id='word_1_118' title='bbox 82 1303 139 1340; x_wconf 62' lang='grc' dir='ltr'><strong>,ιε</strong></span> <span class='ocrx_word' id='word_1_119' title='bbox 155 1291 372 1350; x_wconf 80' lang='lat' dir='ltr'><strong>accipitur</strong></span> <span class='ocrx_word' id='word_1_120' title='bbox 390 1291 508 1349; x_wconf 91' lang='lat' dir='ltr'><strong>quod</strong></span> <span class='ocrx_word' id='word_1_121' title='bbox 528 1292 624 1335; x_wconf 89' lang='lat' dir='ltr'><strong>iure</strong></span> <span class='ocrx_word' id='word_1_122' title='bbox 643 1294 866 1335; x_wconf 89' lang='lat' dir='ltr'><strong>statutum</strong></span> <span class='ocrx_word' id='word_1_123' title='bbox 886 1298 954 1335; x_wconf 83' lang='lat' dir='ltr'><strong>est</strong></span> <span class='ocrx_word' id='word_1_124' title='bbox 973 1292 1045 1336; x_wconf 92' lang='lat' dir='ltr'><strong>uel</strong></span> <span class='ocrx_word' id='word_1_125' title='bbox 1065 1307 1330 1343; x_wconf 84' lang='lat' dir='ltr'><strong>concessum,</strong></span> <span class='ocrx_word' id='word_1_126' title='bbox 1345 1308 1627 1351; x_wconf 79' lang='lat' dir='ltr'><strong>nequaquam</strong></span> 
     </span>
     <span class='ocr_line' id='line_1_17' title="bbox 153 1361 1625 1420; baseline 0.001 -16"><span class='ocrx_word' id='word_1_127' title='bbox 153 1361 342 1419; x_wconf 91' lang='lat' dir='ltr'><strong>punitur</strong></span> <span class='ocrx_word' id='word_1_128' title='bbox 369 1364 450 1404; x_wconf 86' lang='lat' dir='ltr'><strong>aut</strong></span> <span class='ocrx_word' id='word_1_129' title='bbox 478 1361 829 1419; x_wconf 88' lang='lat' dir='ltr'><strong>reprehenditur.</strong></span> <span class='ocrx_word' id='word_1_130' title='bbox 901 1361 998 1406; x_wconf 91' lang='lat' dir='ltr'><strong>Hoc</strong></span> <span class='ocrx_word' id='word_1_131' title='bbox 1032 1362 1150 1406; x_wconf 88' lang='lat' dir='ltr'><strong>enim</strong></span> <span class='ocrx_word' id='word_1_132' title='bbox 1185 1362 1396 1420; x_wconf 90' lang='lat' dir='ltr'><strong>quicquid</strong></span> <span class='ocrx_word' id='word_1_133' title='bbox 1426 1363 1498 1414; x_wconf 84' lang='lat' dir='ltr'><strong>sit,</strong></span> <span class='ocrx_word' id='word_1_134' title='bbox 1522 1378 1625 1406; x_wconf 85' lang='lat' dir='ltr'><strong>exa·</strong></span> 
     </span>
     <span class='ocr_line' id='line_1_18' title="bbox 151 1430 1624 1489; baseline 0.001 -14"><span class='ocrx_word' id='word_1_135' title='bbox 151 1430 312 1475; x_wconf 89' lang='lat' dir='ltr'><strong>ctionis</strong></span> <span class='ocrx_word' id='word_1_136' title='bbox 330 1445 491 1474; x_wconf 86' lang='lat' dir='ltr'><strong>nomen</strong></span> <span class='ocrx_word' id='word_1_137' title='bbox 510 1445 600 1474; x_wconf 90' lang='lat' dir='ltr'><strong>non</strong></span> <span class='ocrx_word' id='word_1_138' title='bbox 621 1431 800 1488; x_wconf 85' lang='lat' dir='ltr'><strong>recipit;</strong></span> <span class='ocrx_word' id='word_1_139' title='bbox 829 1446 972 1489; x_wconf 88' lang='lat' dir='ltr'><strong>neque</strong></span> <span class='ocrx_word' id='word_1_140' title='bbox 991 1432 1111 1476; x_wconf 84' lang='lat' dir='ltr'><strong>cadit</strong></span> <span class='ocrx_word' id='word_1_141' title='bbox 1131 1432 1179 1475; x_wconf 88' lang='lat' dir='ltr'><strong>in</strong></span> <span class='ocrx_word' id='word_1_142' title='bbox 1194 1432 1390 1476; x_wconf 86' lang='lat' dir='ltr'><strong>muneris</strong></span> <span class='ocrx_word' id='word_1_143' title='bbox 1406 1433 1624 1476; x_wconf 84' lang='lat' dir='ltr'><strong>rationem</strong></span> 
     </span>
     <span class='ocr_line' id='line_1_19' title="bbox 151 1499 1030 1558; baseline 0.001 -14"><span class='ocrx_word' id='word_1_144' title='bbox 151 1500 270 1558; x_wconf 91' lang='lat' dir='ltr'><strong>quod</strong></span> <span class='ocrx_word' id='word_1_145' title='bbox 289 1499 495 1544; x_wconf 81' lang='lat' dir='ltr'><strong>officiales</strong></span> <span class='ocrx_word' id='word_1_146' title='bbox 512 1500 708 1558; x_wconf 86' lang='lat' dir='ltr'><strong>accipere</strong></span> <span class='ocrx_word' id='word_1_147' title='bbox 727 1501 1030 1558; x_wconf 89' lang='lat' dir='ltr'><strong>prohibentur.</strong></span> 
     </span>
     <span class='ocr_line' id='line_1_20' title="bbox 211 1569 1622 1629; baseline 0.002 -17"><span class='ocrx_word' id='word_1_148' title='bbox 211 1569 329 1624; x_wconf 82' lang='lat' dir='ltr'><strong>Quia</strong></span> <span class='ocrx_word' id='word_1_149' title='bbox 354 1584 461 1613; x_wconf 86' lang='lat' dir='ltr'><strong>uero</strong></span> <span class='ocrx_word' id='word_1_150' title='bbox 489 1569 742 1613; x_wconf 81' lang='lat' dir='ltr'><strong>officialium</strong></span> <span class='ocrx_word' id='word_1_151' title='bbox 772 1570 952 1614; x_wconf 86' lang='lat' dir='ltr'><strong>licentia</strong></span> <span class='ocrx_word' id='word_1_152' title='bbox 980 1571 1122 1614; x_wconf 90' lang='lat' dir='ltr'><strong>maior</strong></span> <span class='ocrx_word' id='word_1_153' title='bbox 1149 1575 1228 1622; x_wconf 88' lang='lat' dir='ltr'><strong>est,</strong></span> <span class='ocrx_word' id='word_1_154' title='bbox 1248 1571 1355 1614; x_wconf 89' lang='lat' dir='ltr'><strong>dum</strong></span> <span class='ocrx_word' id='word_1_155' title='bbox 1382 1571 1467 1614; x_wconf 86' lang='lat' dir='ltr'><strong>sub</strong></span> <span class='ocrx_word' id='word_1_156' title='bbox 1496 1586 1622 1629; x_wconf 82' lang='lat' dir='ltr'><strong>prae·</strong></span> 
     </span>
     <span class='ocr_line' id='line_1_21' title="bbox 87 1639 1622 1698; baseline 0.001 -15"><span class='ocrx_word' id='word_1_157' title='bbox 87 1651 137 1680; x_wconf 59' lang='grc' dir='ltr'><strong>ὀ</strong></span> <span class='ocrx_word' id='word_1_158' title='bbox 151 1641 283 1683; x_wconf 86' lang='lat' dir='ltr'><strong>textu</strong></span> <span class='ocrx_word' id='word_1_159' title='bbox 297 1639 427 1683; x_wconf 88' lang='lat' dir='ltr'><strong>officii</strong></span> <span class='ocrx_word' id='word_1_160' title='bbox 439 1639 628 1697; x_wconf 86' lang='lat' dir='ltr'><strong>spoliare</strong></span> <span class='ocrx_word' id='word_1_161' title='bbox 641 1643 827 1697; x_wconf 85' lang='lat' dir='ltr'><strong>possunt</strong></span> <span class='ocrx_word' id='word_1_162' title='bbox 838 1644 919 1684; x_wconf 90' lang='lat' dir='ltr'><strong>aut</strong></span> <span class='ocrx_word' id='word_1_163' title='bbox 933 1655 1097 1684; x_wconf 83' lang='lat' dir='ltr'><strong>nexare</strong></span> <span class='ocrx_word' id='word_1_164' title='bbox 1112 1641 1323 1698; x_wconf 84' lang='lat' dir='ltr'><strong>priuatos,</strong></span> <span class='ocrx_word' id='word_1_165' title='bbox 1335 1641 1454 1698; x_wconf 91' lang='lat' dir='ltr'><strong>quod</strong></span> <span class='ocrx_word' id='word_1_166' title='bbox 1466 1644 1622 1685; x_wconf 86' lang='lat' dir='ltr'><strong>contra</strong></span> 
     </span>
     <span class='ocr_line' id='line_1_22' title="bbox 150 1708 1621 1768; baseline 0.001 -16"><span class='ocrx_word' id='word_1_167' title='bbox 150 1708 342 1753; x_wconf 88' lang='lat' dir='ltr'><strong>officium</strong></span> <span class='ocrx_word' id='word_1_168' title='bbox 357 1712 648 1767; x_wconf 90' lang='lat' dir='ltr'><strong>praesumunt</strong></span> <span class='ocrx_word' id='word_1_169' title='bbox 662 1724 777 1767; x_wconf 86' lang='lat' dir='ltr'><strong>pena</strong></span> <span class='ocrx_word' id='word_1_170' title='bbox 790 1709 1039 1754; x_wconf 86' lang='lat' dir='ltr'><strong>feriendum</strong></span> <span class='ocrx_word' id='word_1_171' title='bbox 1056 1714 1124 1754; x_wconf 89' lang='lat' dir='ltr'><strong>est</strong></span> <span class='ocrx_word' id='word_1_172' title='bbox 1138 1710 1348 1768; x_wconf 83' lang='lat' dir='ltr'><strong>grauiori.</strong></span> <span class='ocrx_word' id='word_1_173' title='bbox 1406 1711 1487 1754; x_wconf 87' lang='lat' dir='ltr'><strong>Ait</strong></span> <span class='ocrx_word' id='word_1_174' title='bbox 1502 1712 1621 1755; x_wconf 85' lang='lat' dir='ltr'><strong>enim</strong></span> 
     </span>
     <span class='ocr_line' id='line_1_23' title="bbox 149 1777 1620 1838; baseline 0.003 -17"><span class='ocrx_word' id='word_1_175' title='bbox 149 1777 306 1822; x_wconf 82' lang='lat' dir='ltr'><strong>beatus</strong></span> <span class='ocrx_word' id='word_1_176' title='bbox 326 1778 594 1822; x_wconf 82' lang='lat' dir='ltr'><strong>Laurentius</strong></span> <span class='ocrx_word' id='word_1_177' title='bbox 614 1779 956 1824; x_wconf 85' lang='lat' dir='ltr'><strong>Mediolanensis</strong></span> <span class='ocrx_word' id='word_1_178' title='bbox 975 1781 1226 1838; x_wconf 83' lang='lat' dir='ltr'><strong>episcopus:</strong></span> <span class='ocrx_word' id='word_1_179' title='bbox 1257 1780 1377 1834; x_wconf 87' lang='lat' dir='ltr'><strong>Quid</strong></span> <span class='ocrx_word' id='word_1_180' title='bbox 1392 1784 1461 1824; x_wconf 91' lang='lat' dir='ltr'><strong>est</strong></span> <span class='ocrx_word' id='word_1_181' title='bbox 1475 1781 1620 1838; x_wconf 91' lang='lat' dir='ltr'><strong>publi·</strong></span> 
     </span>
    </p>
   </div>
   <div class='ocr_carea' id='block_1_3' title="bbox 145 1894 1621 2135">
    <p class='ocr_par' dir='ltr' id='par_1_3' title="bbox 149 1894 1621 1990">
     <span class='ocr_line' id='line_1_24' title="bbox 150 1894 1621 1950; baseline -0.001 -17"><span class='ocrx_word' id='word_1_182' title='bbox 150 1904 167 1933; x_wconf 85' lang='lat'>1</span> <span class='ocrx_word' id='word_1_183' title='bbox 193 1894 414 1950; x_wconf 70' lang='lat' dir='ltr'><strong>ymaginem</strong></span> <span class='ocrx_word' id='word_1_184' title='bbox 431 1894 472 1931; x_wconf 80' lang='lat' dir='ltr'><strong>M</strong></span> <span class='ocrx_word' id='word_1_185' title='bbox 610 1905 655 1932; x_wconf 87' lang='lat'><strong>10</strong></span> <span class='ocrx_word' id='word_1_186' title='bbox 679 1898 737 1932; x_wconf 81' lang='lat' dir='ltr'><strong>est</strong></span> <span class='ocrx_word' id='word_1_187' title='bbox 754 1894 943 1943; x_wconf 83' lang='lat' dir='ltr'><strong>principis</strong></span> <span class='ocrx_word' id='word_1_188' title='bbox 960 1895 999 1932; x_wconf 78' lang='lat' dir='ltr'>M</span> <span class='ocrx_word' id='word_1_189' title='bbox 1134 1905 1176 1933; x_wconf 90' lang='lat'><strong>11</strong></span> <span class='ocrx_word' id='word_1_190' title='bbox 1203 1895 1481 1943; x_wconf 76' lang='lat' dir='ltr'><strong>compescenda</strong></span> <span class='ocrx_word' id='word_1_191' title='bbox 1497 1898 1555 1934; x_wconf 81' lang='lat' dir='ltr'><strong>est</strong></span> <span class='ocrx_word' id='word_1_192' title='bbox 1571 1895 1621 1932; x_wconf 79' lang='lat' dir='ltr'><strong>A·</strong></span> 
     </span>
     <span class='ocr_line' id='line_1_25' title="bbox 149 1941 529 1990; baseline -0.003 -10"><span class='ocrx_word' id='word_1_193' title='bbox 149 1951 194 1989; x_wconf 85' lang='lat'><strong>14</strong></span> <span class='ocrx_word' id='word_1_194' title='bbox 217 1942 412 1990; x_wconf 70' lang='lat' dir='ltr'><strong>legatum</strong></span> <span class='ocrx_word' id='word_1_195' title='bbox 429 1941 529 1979; x_wconf 83' lang='lat' dir='ltr'><strong>BSM</strong></span> 
     </span>
    </p>

    <p class='ocr_par' dir='ltr' id='par_1_4' title="bbox 145 2038 1616 2135">
     <span class='ocr_line' id='line_1_26' title="bbox 194 2038 1616 2089; baseline 0.001 -12"><span class='ocrx_word' id='word_1_196' title='bbox 194 2051 215 2077; x_wconf 85' lang='lat'>2</span> <span class='ocrx_word' id='word_1_197' title='bbox 241 2052 308 2077; x_wconf 72' lang='lat' dir='ltr'><strong>rex</strong></span> <span class='ocrx_word' id='word_1_198' title='bbox 322 2042 470 2088; x_wconf 67' lang='lat' dir='ltr'><strong>iniquus</strong></span> <span class='ocrx_word' id='word_1_199' title='bbox 486 2042 558 2077; x_wconf 86' lang='lat' dir='ltr'><strong>etc.</strong></span> <span class='ocrx_word' id='word_1_200' title='bbox 574 2052 583 2076; x_wconf 88' lang='lat'><strong>:</strong></span> <span class='ocrx_word' id='word_1_201' title='bbox 607 2052 640 2076; x_wconf 86' lang='lat' dir='ltr'><strong>v.</strong></span> <span class='ocrx_word' id='word_1_202' title='bbox 659 2038 766 2076; x_wconf 86' lang='lat' dir='ltr'><strong>Prov.</strong></span> <span class='ocrx_word' id='word_1_203' title='bbox 783 2039 886 2077; x_wconf 85' lang='lat' dir='ltr'><strong>xxix.</strong></span> <span class='ocrx_word' id='word_1_204' title='bbox 907 2050 963 2077; x_wconf 88' lang='lat'><strong>12.</strong></span> <span class='ocrx_word' id='word_1_205' title='bbox 1076 2051 1097 2087; x_wconf 87' lang='lat'>3</span> <span class='ocrx_word' id='word_1_206' title='bbox 1120 2042 1242 2089; x_wconf 72' lang='lat' dir='ltr'><strong>qualis</strong></span> <span class='ocrx_word' id='word_1_207' title='bbox 1256 2047 1372 2078; x_wconf 73' lang='lat' dir='ltr'><strong>rector</strong></span> <span class='ocrx_word' id='word_1_208' title='bbox 1387 2044 1486 2078; x_wconf 84' lang='lat' dir='ltr'><strong>etc.:</strong></span> <span class='ocrx_word' id='word_1_209' title='bbox 1511 2040 1616 2079; x_wconf 85' lang='lat' dir='ltr'><strong>Eccli</strong></span> 
     </span>
     <span class='ocr_line' id='line_1_27' title="bbox 145 2087 1615 2135; baseline 0.001 -10"><span class='ocrx_word' id='word_1_210' title='bbox 145 2099 181 2125; x_wconf 84' lang='lat' dir='ltr'><strong>x.</strong></span> <span class='ocrx_word' id='word_1_211' title='bbox 199 2098 232 2124; x_wconf 84' lang='lat'><strong>2.</strong></span> <span class='ocrx_word' id='word_1_212' title='bbox 357 2098 381 2134; x_wconf 83' lang='lat'><strong>4</strong></span> <span class='ocrx_word' id='word_1_213' title='bbox 405 2089 575 2124; x_wconf 70' lang='lat' dir='ltr'><strong>Per-ides:</strong></span> <span class='ocrx_word' id='word_1_214' title='bbox 603 2087 628 2124; x_wconf 91' lang='lat' dir='ltr'><strong>i.</strong></span> <span class='ocrx_word' id='word_1_215' title='bbox 641 2099 675 2125; x_wconf 87' lang='lat' dir='ltr'><strong>e.</strong></span> <span class='ocrx_word' id='word_1_216' title='bbox 693 2087 881 2132; x_wconf 79' lang='lat' dir='ltr'><strong>Pericles3</strong></span> <span class='ocrx_word' id='word_1_217' title='bbox 907 2101 939 2125; x_wconf 89' lang='lat' dir='ltr'><strong>v.</strong></span> <span class='ocrx_word' id='word_1_218' title='bbox 957 2087 1033 2124; x_wconf 87' lang='lat' dir='ltr'><strong>Cic.</strong></span> <span class='ocrx_word' id='word_1_219' title='bbox 1051 2090 1094 2124; x_wconf 79' lang='lat' dir='ltr'><strong>de</strong></span> <span class='ocrx_word' id='word_1_220' title='bbox 1112 2090 1179 2134; x_wconf 85' lang='lat' dir='ltr'><strong>Off.</strong></span> <span class='ocrx_word' id='word_1_221' title='bbox 1197 2088 1222 2124; x_wconf 92' lang='lat' dir='ltr'><strong>i.</strong></span> <span class='ocrx_word' id='word_1_222' title='bbox 1241 2099 1289 2133; x_wconf 81' lang='lat'><strong>40</strong></span> <span class='ocrx_word' id='word_1_223' title='bbox 1306 2088 1324 2135; x_wconf 69' lang='grc' dir='ltr'><strong>ξ</strong></span> <span class='ocrx_word' id='word_1_224' title='bbox 1349 2100 1425 2134; x_wconf 81' lang='lat'><strong>144.</strong></span> <span class='ocrx_word' id='word_1_225' title='bbox 1570 2101 1615 2127; x_wconf 87' lang='lat'><strong>22</strong></span> 
     </span>
    </p>
   </div>
   <div class='ocr_carea' id='block_1_4' title="bbox 136 2136 1616 2895">
    <p class='ocr_par' dir='ltr' id='par_1_5' title="bbox 137 2136 1616 2422">
     <span class='ocr_line' id='line_1_28' title="bbox 147 2136 1616 2181; baseline 0.001 -10"><span class='ocrx_word' id='word_1_226' title='bbox 147 2137 244 2181; x_wconf 74' lang='lat' dir='ltr'><strong>Quid</strong></span> <span class='ocrx_word' id='word_1_227' title='bbox 290 2139 342 2172; x_wconf 72' lang='lat' dir='ltr'><strong>est</strong></span> <span class='ocrx_word' id='word_1_228' title='bbox 439 2136 635 2171; x_wconf 65' lang='lat' dir='ltr'><strong>maanus?</strong></span> <span class='ocrx_word' id='word_1_229' title='bbox 693 2138 787 2172; x_wconf 84' lang='lat' dir='ltr'><strong>etc.:</strong></span> <span class='ocrx_word' id='word_1_230' title='bbox 840 2147 888 2173; x_wconf 89' lang='lat' dir='ltr'><strong>ex</strong></span> <span class='ocrx_word' id='word_1_231' title='bbox 933 2136 1132 2172; x_wconf 82' lang='lat' dir='ltr'><strong>Laurentii</strong></span> <span class='ocrx_word' id='word_1_232' title='bbox 1176 2138 1342 2172; x_wconf 67' lang='lat' dir='ltr'><strong>Hamil-‘a</strong></span> <span class='ocrx_word' id='word_1_233' title='bbox 1385 2139 1429 2172; x_wconf 83' lang='lat' dir='ltr'><strong>de</strong></span> <span class='ocrx_word' id='word_1_234' title='bbox 1460 2138 1616 2174; x_wconf 69' lang='lat' dir='ltr'><strong>Mulier-e</strong></span> 
     </span>
     <span class='ocr_line' id='line_1_29' title="bbox 148 2182 1616 2230; baseline 0.001 -11"><span class='ocrx_word' id='word_1_235' title='bbox 148 2184 347 2219; x_wconf 71' lang='lat' dir='ltr'><strong>Chananea</strong></span> <span class='ocrx_word' id='word_1_236' title='bbox 371 2187 380 2226; x_wconf 87' lang='lat'><strong>(</strong></span> <span class='ocrx_word' id='word_1_237' title='bbox 427 2182 517 2228; x_wconf 81' lang='lat' dir='ltr'><strong>igne</strong></span> <span class='ocrx_word' id='word_1_238' title='bbox 535 2184 575 2219; x_wconf 91' lang='lat' dir='ltr'><strong>P.</strong></span> <span class='ocrx_word' id='word_1_239' title='bbox 593 2184 635 2219; x_wconf 91' lang='lat' dir='ltr'><strong>L.</strong></span> <span class='ocrx_word' id='word_1_240' title='bbox 654 2182 741 2219; x_wconf 84' lang='lat' dir='ltr'><strong>lxvi.</strong></span> <span class='ocrx_word' id='word_1_241' title='bbox 759 2184 853 2223; x_wconf 77' lang='lat'><strong>118).</strong></span> <span class='ocrx_word' id='word_1_242' title='bbox 905 2182 1125 2230; x_wconf 83' lang='lat' dir='ltr'><strong>Sigebertus</strong></span> <span class='ocrx_word' id='word_1_243' title='bbox 1148 2182 1432 2221; x_wconf 79' lang='lat' dir='ltr'><strong>Gemblacsnsis</strong></span> <span class='ocrx_word' id='word_1_244' title='bbox 1456 2187 1499 2220; x_wconf 80' lang='lat' dir='ltr'><strong>de</strong></span> <span class='ocrx_word' id='word_1_245' title='bbox 1522 2187 1616 2221; x_wconf 75' lang='lat' dir='ltr'><strong>Ser-i·</strong></span> 
     </span>
     <span class='ocr_line' id='line_1_30' title="bbox 137 2230 1614 2278; baseline 0.002 -12"><span class='ocrx_word' id='word_1_246' title='bbox 137 2232 306 2278; x_wconf 67' lang='lat' dir='ltr'><strong>ptoribus</strong></span> <span class='ocrx_word' id='word_1_247' title='bbox 329 2232 588 2267; x_wconf 59' lang='lat' dir='ltr'><strong>Ecclesiastico</strong></span> <span class='ocrx_word' id='word_1_248' title='bbox 611 2242 643 2267; x_wconf 90' lang='lat' dir='ltr'><strong>c.</strong></span> <span class='ocrx_word' id='word_1_249' title='bbox 674 2241 740 2266; x_wconf 85' lang='lat'><strong>120</strong></span> <span class='ocrx_word' id='word_1_250' title='bbox 767 2230 914 2278; x_wconf 82' lang='lat' dir='ltr'><strong>(Migne</strong></span> <span class='ocrx_word' id='word_1_251' title='bbox 938 2232 980 2268; x_wconf 87' lang='lat' dir='ltr'><strong>P.</strong></span> <span class='ocrx_word' id='word_1_252' title='bbox 997 2233 1040 2267; x_wconf 89' lang='lat' dir='ltr'><strong>L.</strong></span> <span class='ocrx_word' id='word_1_253' title='bbox 1058 2231 1131 2268; x_wconf 85' lang='lat' dir='ltr'><strong>clx.</strong></span> <span class='ocrx_word' id='word_1_254' title='bbox 1150 2240 1229 2278; x_wconf 82' lang='lat'>572,</span> <span class='ocrx_word' id='word_1_255' title='bbox 1258 2235 1339 2278; x_wconf 85' lang='lat'>573)</span> <span class='ocrx_word' id='word_1_256' title='bbox 1367 2231 1614 2270; x_wconf 81' lang='lat' dir='ltr'><strong>Laurentium</strong></span> 
     </span>
     <span class='ocr_line' id='line_1_31' title="bbox 144 2277 1615 2326; baseline 0.002 -12"><span class='ocrx_word' id='word_1_257' title='bbox 144 2277 335 2325; x_wconf 84' lang='lat' dir='ltr'><strong>quendam</strong></span> <span class='ocrx_word' id='word_1_258' title='bbox 367 2277 594 2325; x_wconf 79' lang='lat' dir='ltr'><strong>cognomine</strong></span> <span class='ocrx_word' id='word_1_259' title='bbox 627 2277 855 2315; x_wconf 85' lang='lat' dir='ltr'><strong>Mellifluum</strong></span> <span class='ocrx_word' id='word_1_260' title='bbox 888 2281 1084 2322; x_wconf 84' lang='lat' dir='ltr'><strong>memorat,</strong></span> <span class='ocrx_word' id='word_1_261' title='bbox 1117 2278 1184 2326; x_wconf 88' lang='lat' dir='ltr'><strong>qui</strong></span> <span class='ocrx_word' id='word_1_262' title='bbox 1215 2281 1362 2326; x_wconf 71' lang='lat' dir='ltr'><strong>scripsit</strong></span> <span class='ocrx_word' id='word_1_263' title='bbox 1392 2281 1525 2316; x_wconf 78' lang='lat' dir='ltr'><strong>librum</strong></span> <span class='ocrx_word' id='word_1_264' title='bbox 1559 2283 1615 2317; x_wconf 77' lang='lat' dir='ltr'><strong>De</strong></span> 
     </span>
     <span class='ocr_line' id='line_1_32' title="bbox 143 2326 1614 2373; baseline 0.001 -11"><span class='ocrx_word' id='word_1_265' title='bbox 143 2326 284 2362; x_wconf 74' lang='lat' dir='ltr'><strong>duobus</strong></span> <span class='ocrx_word' id='word_1_266' title='bbox 306 2327 533 2372; x_wconf 69' lang='lat' dir='ltr'><strong>tempor-clm,</strong></span> <span class='ocrx_word' id='word_1_267' title='bbox 561 2327 600 2361; x_wconf 74' lang='lat' dir='ltr'><strong>id</strong></span> <span class='ocrx_word' id='word_1_268' title='bbox 623 2331 683 2368; x_wconf 66' lang='lat' dir='ltr'><strong>est,</strong></span> <span class='ocrx_word' id='word_1_269' title='bbox 709 2338 784 2362; x_wconf 82' lang='lat' dir='ltr'><strong>uno</strong></span> <span class='ocrx_word' id='word_1_270' title='bbox 808 2328 853 2362; x_wconf 84' lang='lat' dir='ltr'><strong>ab</strong></span> <span class='ocrx_word' id='word_1_271' title='bbox 875 2328 998 2362; x_wconf 78' lang='lat' dir='ltr'><strong>Adam</strong></span> <span class='ocrx_word' id='word_1_272' title='bbox 1021 2339 1132 2373; x_wconf 65' lang='lat' dir='ltr'><strong>usque</strong></span> <span class='ocrx_word' id='word_1_273' title='bbox 1156 2328 1204 2362; x_wconf 79' lang='lat' dir='ltr'><strong>ad</strong></span> <span class='ocrx_word' id='word_1_274' title='bbox 1231 2327 1425 2369; x_wconf 69' lang='grc' dir='ltr'><strong>ίΊινίετιιηι,</strong></span> <span class='ocrx_word' id='word_1_275' title='bbox 1452 2329 1564 2364; x_wconf 75' lang='lat' dir='ltr'><strong>altem</strong></span> <span class='ocrx_word' id='word_1_276' title='bbox 1590 2342 1614 2364; x_wconf 93' lang='lat' dir='ltr'><strong>a</strong></span> 
     </span>
     <span class='ocr_line' id='line_1_33' title="bbox 145 2373 1613 2422; baseline 0.002 -13"><span class='ocrx_word' id='word_1_277' title='bbox 145 2374 287 2410; x_wconf 73' lang='lat' dir='ltr'><strong>Christo</strong></span> <span class='ocrx_word' id='word_1_278' title='bbox 303 2385 412 2421; x_wconf 68' lang='lat' dir='ltr'><strong>usque</strong></span> <span class='ocrx_word' id='word_1_279' title='bbox 429 2375 478 2408; x_wconf 80' lang='lat' dir='ltr'><strong>ad</strong></span> <span class='ocrx_word' id='word_1_280' title='bbox 489 2376 608 2418; x_wconf 78' lang='lat' dir='ltr'><strong>finem</strong></span> <span class='ocrx_word' id='word_1_281' title='bbox 623 2374 769 2409; x_wconf 73' lang='lat' dir='ltr'><strong>saeculi.</strong></span> <span class='ocrx_word' id='word_1_282' title='bbox 819 2373 930 2410; x_wconf 89' lang='lat' dir='ltr'><strong>Hunc</strong></span> <span class='ocrx_word' id='word_1_283' title='bbox 956 2373 1095 2410; x_wconf 82' lang='lat' dir='ltr'><strong>librum</strong></span> <span class='ocrx_word' id='word_1_284' title='bbox 1118 2374 1202 2410; x_wconf 83' lang='lat' dir='ltr'><strong>Mar</strong></span> <span class='ocrx_word' id='word_1_285' title='bbox 1273 2374 1359 2410; x_wconf 80' lang='lat' dir='ltr'><strong>inus</strong></span> <span class='ocrx_word' id='word_1_286' title='bbox 1381 2374 1528 2418; x_wconf 80' lang='lat' dir='ltr'><strong>Binius,</strong></span> <span class='ocrx_word' id='word_1_287' title='bbox 1547 2376 1613 2422; x_wconf 90' lang='lat' dir='ltr'><strong>qui</strong></span> 
     </span>
    </p>

    <p class='ocr_par' dir='ltr' id='par_1_6' title="bbox 171 2420 1610 2470">
     <span class='ocr_line' id='line_1_34' title="bbox 171 2420 1610 2470; baseline 0.003 -14"><span class='ocrx_word' id='word_1_288' title='bbox 171 2420 290 2457; x_wconf 85' lang='lat' dir='ltr'><strong>rimus</strong></span> <span class='ocrx_word' id='word_1_289' title='bbox 314 2420 355 2457; x_wconf 90' lang='lat' dir='ltr'><strong>in</strong></span> <span class='ocrx_word' id='word_1_290' title='bbox 383 2421 478 2456; x_wconf 82' lang='lat' dir='ltr'><strong>Bibl.</strong></span> <span class='ocrx_word' id='word_1_291' title='bbox 500 2422 653 2456; x_wconf 76' lang='lat' dir='ltr'><strong>Patr-um</strong></span> <span class='ocrx_word' id='word_1_292' title='bbox 676 2422 845 2456; x_wconf 70' lang='lat' dir='ltr'><strong>Maxima</strong></span> <span class='ocrx_word' id='word_1_293' title='bbox 867 2420 970 2468; x_wconf 83' lang='lat' dir='ltr'><strong>typis</strong></span> <span class='ocrx_word' id='word_1_294' title='bbox 994 2421 1192 2461; x_wconf 80' lang='lat' dir='ltr'><strong>commisit.</strong></span> <span class='ocrx_word' id='word_1_295' title='bbox 1250 2421 1413 2458; x_wconf 84' lang='lat' dir='ltr'><strong>aurentii</strong></span> <span class='ocrx_word' id='word_1_296' title='bbox 1439 2423 1610 2470; x_wconf 84' lang='lat' dir='ltr'><strong>episcopi</strong></span> 
     </span>
    </p>

    <p class='ocr_par' dir='ltr' id='par_1_7' title="bbox 136 2467 1610 2895">
     <span class='ocr_line' id='line_1_35' title="bbox 185 2467 1610 2522; baseline 0.001 -18"><span class='ocrx_word' id='word_1_297' title='bbox 185 2467 438 2505; x_wconf 81' lang='lat' dir='ltr'><strong>ediolanensis</strong></span> <span class='ocrx_word' id='word_1_298' title='bbox 447 2467 618 2522; x_wconf 76' lang='lat' dir='ltr'><strong>vigesimi</strong></span> <span class='ocrx_word' id='word_1_299' title='bbox 630 2467 765 2514; x_wconf 87' lang='lat' dir='ltr'><strong>quinti,</strong></span> <span class='ocrx_word' id='word_1_300' title='bbox 778 2469 824 2506; x_wconf 89' lang='lat' dir='ltr'><strong>de</strong></span> <span class='ocrx_word' id='word_1_301' title='bbox 837 2481 911 2515; x_wconf 93' lang='lat' dir='ltr'><strong>quo</strong></span> <span class='ocrx_word' id='word_1_302' title='bbox 924 2469 965 2504; x_wconf 90' lang='lat' dir='ltr'><strong>in</strong></span> <span class='ocrx_word' id='word_1_303' title='bbox 980 2468 1148 2505; x_wconf 84' lang='lat' dir='ltr'><strong>Ennodii</strong></span> <span class='ocrx_word' id='word_1_304' title='bbox 1159 2468 1370 2506; x_wconf 81' lang='lat' dir='ltr'><strong>Ticinensis</strong></span> <span class='ocrx_word' id='word_1_305' title='bbox 1383 2472 1610 2507; x_wconf 65' lang='lat' dir='ltr'><strong>Die-tionibus</strong></span> 
     </span>
     <span class='ocr_line' id='line_1_36' title="bbox 143 2514 1606 2564; baseline 0.002 -13"><span class='ocrx_word' id='word_1_306' title='bbox 143 2514 289 2562; x_wconf 82' lang='lat' dir='ltr'><strong>(Migne</strong></span> <span class='ocrx_word' id='word_1_307' title='bbox 310 2517 352 2552; x_wconf 90' lang='lat' dir='ltr'><strong>P.</strong></span> <span class='ocrx_word' id='word_1_308' title='bbox 376 2517 420 2551; x_wconf 89' lang='lat' dir='ltr'><strong>L.</strong></span> <span class='ocrx_word' id='word_1_309' title='bbox 444 2514 538 2551; x_wconf 81' lang='lat' dir='ltr'><strong>lnii.</strong></span> <span class='ocrx_word' id='word_1_310' title='bbox 557 2517 625 2561; x_wconf 86' lang='lat'><strong>263</strong></span> <span class='ocrx_word' id='word_1_311' title='bbox 639 2527 766 2562; x_wconf 79' lang='lat' dir='ltr'><strong>seqq.;</strong></span> <span class='ocrx_word' id='word_1_312' title='bbox 791 2518 843 2552; x_wconf 80' lang='lat' dir='ltr'><strong>M.</strong></span> <span class='ocrx_word' id='word_1_313' title='bbox 866 2517 910 2551; x_wconf 84' lang='lat' dir='ltr'><strong>G.</strong></span> <span class='ocrx_word' id='word_1_314' title='bbox 928 2518 989 2560; x_wconf 70' lang='lat' dir='ltr'><strong>H„</strong></span> <span class='ocrx_word' id='word_1_315' title='bbox 1014 2519 1119 2553; x_wconf 74' lang='lat' dir='ltr'><strong>Auct.</strong></span> <span class='ocrx_word' id='word_1_316' title='bbox 1142 2519 1236 2552; x_wconf 73' lang='lat' dir='ltr'><strong>Anti</strong></span> <span class='ocrx_word' id='word_1_317' title='bbox 1284 2519 1344 2553; x_wconf 67' lang='lat' dir='ltr'><strong>ise.</strong></span> <span class='ocrx_word' id='word_1_318' title='bbox 1363 2517 1426 2554; x_wconf 88' lang='lat' dir='ltr'><strong>vii.</strong></span> <span class='ocrx_word' id='word_1_319' title='bbox 1452 2528 1465 2554; x_wconf 89' lang='lat'><em>1</em></span> <span class='ocrx_word' id='word_1_320' title='bbox 1487 2523 1606 2564; x_wconf 82' lang='lat' dir='ltr'><strong>seqq.)</strong></span> 
     </span>
     <span class='ocr_line' id='line_1_37' title="bbox 139 2562 1608 2611; baseline 0.001 -12"><span class='ocrx_word' id='word_1_321' title='bbox 139 2562 279 2610; x_wconf 80' lang='lat' dir='ltr'><strong>agitur,</strong></span> <span class='ocrx_word' id='word_1_322' title='bbox 304 2574 397 2610; x_wconf 83' lang='lat' dir='ltr'><strong>opus</strong></span> <span class='ocrx_word' id='word_1_323' title='bbox 419 2573 496 2599; x_wconf 82' lang='lat' dir='ltr'><strong>esse</strong></span> <span class='ocrx_word' id='word_1_324' title='bbox 521 2562 703 2600; x_wconf 84' lang='lat' dir='ltr'><strong>coniecit:</strong></span> <span class='ocrx_word' id='word_1_325' title='bbox 729 2575 842 2610; x_wconf 88' lang='lat' dir='ltr'><strong>quem</strong></span> <span class='ocrx_word' id='word_1_326' title='bbox 862 2567 1011 2600; x_wconf 85' lang='lat' dir='ltr'><strong>secutus</strong></span> <span class='ocrx_word' id='word_1_327' title='bbox 1034 2566 1092 2601; x_wconf 83' lang='lat' dir='ltr'><strong>est</strong></span> <span class='ocrx_word' id='word_1_328' title='bbox 1113 2564 1234 2600; x_wconf 79' lang='lat' dir='ltr'><strong>Mabil</strong></span> <span class='ocrx_word' id='word_1_329' title='bbox 1254 2564 1371 2607; x_wconf 85' lang='lat' dir='ltr'><strong>onius,</strong></span> <span class='ocrx_word' id='word_1_330' title='bbox 1390 2564 1455 2611; x_wconf 91' lang='lat' dir='ltr'><strong>qui</strong></span> <span class='ocrx_word' id='word_1_331' title='bbox 1472 2566 1608 2601; x_wconf 74' lang='lat' dir='ltr'><strong>librum</strong></span> 
     </span>
     <span class='ocr_line' id='line_1_38' title="bbox 136 2612 1606 2658; baseline 0.003 -12"><span class='ocrx_word' id='word_1_332' title='bbox 136 2612 300 2658; x_wconf 71' lang='lat' dir='ltr'><strong>primum</strong></span> <span class='ocrx_word' id='word_1_333' title='bbox 319 2612 355 2648; x_wconf 90' lang='lat' dir='ltr'><strong>S.</strong></span> <span class='ocrx_word' id='word_1_334' title='bbox 374 2612 568 2646; x_wconf 73' lang='lat' dir='ltr'><strong>Laurentii</strong></span> <span class='ocrx_word' id='word_1_335' title='bbox 583 2613 738 2657; x_wconf 76' lang='lat' dir='ltr'><strong>episcopi</strong></span> <span class='ocrx_word' id='word_1_336' title='bbox 758 2613 801 2647; x_wconf 80' lang='lat' dir='ltr'><strong>de</strong></span> <span class='ocrx_word' id='word_1_337' title='bbox 817 2613 971 2648; x_wconf 69' lang='lat' dir='ltr'><strong>Munere</strong></span> <span class='ocrx_word' id='word_1_338' title='bbox 988 2613 1199 2654; x_wconf 72' lang='lat' dir='ltr'><strong>chananeo,</strong></span> <span class='ocrx_word' id='word_1_339' title='bbox 1217 2624 1331 2658; x_wconf 88' lang='lat' dir='ltr'><strong>quem</strong></span> <span class='ocrx_word' id='word_1_340' title='bbox 1347 2613 1439 2648; x_wconf 78' lang='lat' dir='ltr'><strong>libro</strong></span> <span class='ocrx_word' id='word_1_341' title='bbox 1453 2616 1606 2650; x_wconf 72' lang='lat' dir='ltr'><strong>secundo</strong></span> 
     </span>
     <span class='ocr_line' id='line_1_39' title="bbox 138 2658 1605 2705; baseline 0.001 -11"><span class='ocrx_word' id='word_1_342' title='bbox 138 2659 177 2695; x_wconf 83' lang='lat' dir='ltr'><strong>S.</strong></span> <span class='ocrx_word' id='word_1_343' title='bbox 197 2659 392 2694; x_wconf 57' lang='lat' dir='ltr'><strong>Lamentis·</strong></span> <span class='ocrx_word' id='word_1_344' title='bbox 411 2660 455 2693; x_wconf 85' lang='lat' dir='ltr'><strong>de</strong></span> <span class='ocrx_word' id='word_1_345' title='bbox 478 2659 616 2694; x_wconf 75' lang='lat' dir='ltr'><strong>duobus</strong></span> <span class='ocrx_word' id='word_1_346' title='bbox 635 2660 854 2704; x_wconf 71' lang='lat' dir='ltr'><strong>temporibus</strong></span> <span class='ocrx_word' id='word_1_347' title='bbox 873 2659 914 2695; x_wconf 88' lang='lat' dir='ltr'><strong>in</strong></span> <span class='ocrx_word' id='word_1_348' title='bbox 937 2658 1066 2695; x_wconf 88' lang='lat' dir='ltr'><strong>codice</strong></span> <span class='ocrx_word' id='word_1_349' title='bbox 1089 2660 1252 2705; x_wconf 87' lang='lat' dir='ltr'><strong>quodam</strong></span> <span class='ocrx_word' id='word_1_350' title='bbox 1274 2659 1488 2696; x_wconf 89' lang='lat' dir='ltr'><strong>subiectum</strong></span> <span class='ocrx_word' id='word_1_351' title='bbox 1507 2660 1605 2697; x_wconf 90' lang='lat' dir='ltr'><strong>inve-</strong></span> 
     </span>
     <span class='ocr_line' id='line_1_40' title="bbox 138 2705 1604 2753; baseline 0.002 -13"><span class='ocrx_word' id='word_1_352' title='bbox 138 2706 259 2747; x_wconf 86' lang='lat' dir='ltr'><strong>nerat,</strong></span> <span class='ocrx_word' id='word_1_353' title='bbox 282 2705 386 2743; x_wconf 87' lang='lat' dir='ltr'><strong>inter</strong></span> <span class='ocrx_word' id='word_1_354' title='bbox 415 2706 540 2740; x_wconf 79' lang='lat' dir='ltr'><strong>Vetera</strong></span> <span class='ocrx_word' id='word_1_355' title='bbox 557 2707 734 2742; x_wconf 76' lang='lat' dir='ltr'><strong>Analecta</strong></span> <span class='ocrx_word' id='word_1_356' title='bbox 751 2706 791 2741; x_wconf 90' lang='lat' dir='ltr'><strong>in</strong></span> <span class='ocrx_word' id='word_1_357' title='bbox 813 2705 936 2743; x_wconf 86' lang='lat' dir='ltr'><strong>lucem</strong></span> <span class='ocrx_word' id='word_1_358' title='bbox 959 2706 1120 2753; x_wconf 90' lang='lat' dir='ltr'><strong>protulit</strong></span> <span class='ocrx_word' id='word_1_359' title='bbox 1133 2720 1143 2750; x_wconf 88' lang='lat'>;</span> <span class='ocrx_word' id='word_1_360' title='bbox 1168 2719 1201 2742; x_wconf 86' lang='lat' dir='ltr'><strong>v.</strong></span> <span class='ocrx_word' id='word_1_361' title='bbox 1226 2706 1372 2743; x_wconf 84' lang='lat' dir='ltr'><strong>Mabill.</strong></span> <span class='ocrx_word' id='word_1_362' title='bbox 1398 2709 1470 2743; x_wconf 81' lang='lat' dir='ltr'><strong>Vet.</strong></span> <span class='ocrx_word' id='word_1_363' title='bbox 1492 2710 1604 2744; x_wconf 80' lang='lat' dir='ltr'><strong>Anal.</strong></span> 
     </span>
     <span class='ocr_line' id='line_1_41' title="bbox 138 2751 1604 2806; baseline 0.002 -18"><span class='ocrx_word' id='word_1_364' title='bbox 138 2752 200 2789; x_wconf 83' lang='lat' dir='ltr'><strong>ed.</strong></span> <span class='ocrx_word' id='word_1_365' title='bbox 211 2751 327 2789; x_wconf 81' lang='lat' dir='ltr'><strong>Paris.</strong></span> <span class='ocrx_word' id='word_1_366' title='bbox 344 2762 445 2798; x_wconf 82' lang='lat'>1723,</span> <span class='ocrx_word' id='word_1_367' title='bbox 458 2764 496 2799; x_wconf 91' lang='lat' dir='ltr'><strong>p.</strong></span> <span class='ocrx_word' id='word_1_368' title='bbox 511 2753 573 2806; x_wconf 74' lang='lat'><strong>583</strong></span> <span class='ocrx_word' id='word_1_369' title='bbox 591 2752 638 2791; x_wconf 79' lang='lat' dir='ltr'><strong>cf.</strong></span> <span class='ocrx_word' id='word_1_370' title='bbox 654 2754 748 2790; x_wconf 77' lang='lat' dir='ltr'><strong>Dict.</strong></span> <span class='ocrx_word' id='word_1_371' title='bbox 761 2755 1110 2800; x_wconf 71' lang='lat' dir='ltr'><strong>oschristianBioq.</strong></span> <span class='ocrx_word' id='word_1_372' title='bbox 1123 2766 1151 2790; x_wconf 83' lang='lat' dir='ltr'><strong>s.</strong></span> <span class='ocrx_word' id='word_1_373' title='bbox 1163 2766 1197 2790; x_wconf 84' lang='lat' dir='ltr'><strong>v.</strong></span> <span class='ocrx_word' id='word_1_374' title='bbox 1211 2756 1436 2790; x_wconf 70' lang='lat' dir='ltr'><strong>Laurentius</strong></span> <span class='ocrx_word' id='word_1_375' title='bbox 1449 2756 1501 2801; x_wconf 86' lang='lat'><strong>(8)</strong></span> <span class='ocrx_word' id='word_1_376' title='bbox 1515 2756 1604 2800; x_wconf 82' lang='lat'><strong>(15).</strong></span> 
     </span>
     <span class='ocr_line' id='line_1_42' title="bbox 138 2798 1604 2839; baseline 0.002 -3"><span class='ocrx_word' id='word_1_377' title='bbox 138 2798 404 2836; x_wconf 79' lang='lat' dir='ltr'><strong>Ooniecturam</strong></span> <span class='ocrx_word' id='word_1_378' title='bbox 437 2798 542 2835; x_wconf 85' lang='lat' dir='ltr'><strong>Bimi</strong></span> <span class='ocrx_word' id='word_1_379' title='bbox 573 2802 614 2836; x_wconf 87' lang='lat' dir='ltr'><strong>et</strong></span> <span class='ocrx_word' id='word_1_380' title='bbox 646 2800 863 2837; x_wconf 81' lang='lat' dir='ltr'><strong>Mabillonii</strong></span> <span class='ocrx_word' id='word_1_381' title='bbox 895 2801 1123 2838; x_wconf 82' lang='lat' dir='ltr'><strong>confirmant</strong></span> <span class='ocrx_word' id='word_1_382' title='bbox 1153 2802 1267 2838; x_wconf 84' lang='lat' dir='ltr'><strong>verba.</strong></span> <span class='ocrx_word' id='word_1_383' title='bbox 1298 2801 1454 2839; x_wconf 82' lang='lat' dir='ltr'><strong>Ioannis</strong></span> <span class='ocrx_word' id='word_1_384' title='bbox 1484 2802 1604 2839; x_wconf 83' lang='lat' dir='ltr'><strong>nostri</strong></span> 
     </span>
     <span class='ocr_line' id='line_1_43' title="bbox 137 2847 1286 2895; baseline 0.002 -12"><span class='ocrx_word' id='word_1_385' title='bbox 137 2847 276 2883; x_wconf 77' lang='lat' dir='ltr'><strong>beatum</strong></span> <span class='ocrx_word' id='word_1_386' title='bbox 293 2848 533 2884; x_wconf 68' lang='lat' dir='ltr'><strong>Laurentium</strong></span> <span class='ocrx_word' id='word_1_387' title='bbox 547 2848 854 2885; x_wconf 74' lang='lat' dir='ltr'><strong>Mediolanensem</strong></span> <span class='ocrx_word' id='word_1_388' title='bbox 868 2850 1071 2895; x_wconf 60' lang='lat' dir='ltr'><strong>epnzvoopum</strong></span> <span class='ocrx_word' id='word_1_389' title='bbox 1085 2848 1286 2886; x_wconf 80' lang='lat' dir='ltr'><strong>laudantis.</strong></span> 
     </span>
    </p>
   </div>
  </div>
 </body>
</html>
