<?xml version="1.0" encoding="UTF-8"?>
<!DOCTYPE html PUBLIC "-//W3C//DTD XHTML 1.0 Transitional//EN"
    "http://www.w3.org/TR/xhtml1/DTD/xhtml1-transitional.dtd">
<html xmlns="http://www.w3.org/1999/xhtml" xml:lang="en" lang="en">
 <head>
  <title>
</title>
<meta http-equiv="Content-Type" content="text/html;charset=utf-8" />
  <meta name='ocr-system' content='tesseract 3.04.00' />
  <meta name='ocr-capabilities' content='ocr_page ocr_carea ocr_par ocr_line ocrx_word'/>
</head>
<body>
  <div class='ocr_page' id='page_1' title='image "./policraticisived02john_0077.png"; bbox 0 0 1988 3250; ppageno 0'>
   <div class='ocr_carea' id='block_1_1' title="bbox 160 206 1791 268">
    <p class='ocr_par' dir='ltr' id='par_1_1' title="bbox 160 206 1791 268">
     <span class='ocr_line' id='line_1_1' title="bbox 160 206 1791 268; baseline 0.001 -16"><span class='ocrx_word' id='word_1_1' title='bbox 160 218 262 253; x_wconf 75' lang='lat' dir='ltr'><strong>mr.</strong></span> <span class='ocrx_word' id='word_1_2' title='bbox 276 206 423 268; x_wconf 83' lang='lat' dir='ltr'><strong>xxm]</strong></span> <span class='ocrx_word' id='word_1_3' title='bbox 683 207 1126 255; x_wconf 86' lang='lat' dir='ltr'><strong>POLICRATICVS</strong></span> <span class='ocrx_word' id='word_1_4' title='bbox 1657 214 1742 254; x_wconf 76' lang='lat'><strong>622</strong></span> <span class='ocrx_word' id='word_1_5' title='bbox 1762 213 1791 253; x_wconf 87' lang='lat' dir='ltr'><strong>b</strong></span> 
     </span>
    </p>
   </div>
   <div class='ocr_carea' id='block_1_2' title="bbox 31 328 1680 1366">
    <p class='ocr_par' dir='ltr' id='par_1_2' title="bbox 28 328 1680 1366">
     <span class='ocr_line' id='line_1_2' title="bbox 159 328 1636 388; baseline 0.001 -14"><span class='ocrx_word' id='word_1_6' title='bbox 159 329 244 374; x_wconf 85' lang='lat' dir='ltr'><strong>hoc</strong></span> <span class='ocrx_word' id='word_1_7' title='bbox 267 328 396 373; x_wconf 86' lang='lat' dir='ltr'><strong>Laidi</strong></span> <span class='ocrx_word' id='word_1_8' title='bbox 422 329 588 374; x_wconf 88' lang='lat' dir='ltr'><strong>dicitur</strong></span> <span class='ocrx_word' id='word_1_9' title='bbox 611 329 900 388; x_wconf 84' lang='lat' dir='ltr'><strong>respondisse.</strong></span> <span class='ocrx_word' id='word_1_10' title='bbox 960 330 1083 374; x_wconf 89' lang='lat' dir='ltr'><strong>Haec</strong></span> <span class='ocrx_word' id='word_1_11' title='bbox 1102 333 1253 374; x_wconf 87' lang='lat' dir='ltr'><strong>autem</strong></span> <span class='ocrx_word' id='word_1_12' title='bbox 1274 330 1379 374; x_wconf 85' lang='lat' dir='ltr'><strong>Lais</strong></span> <span class='ocrx_word' id='word_1_13' title='bbox 1399 330 1636 376; x_wconf 82' lang='lat' dir='ltr'><strong>Corinthia</strong></span> 
     </span>
     <span class='ocr_line' id='line_1_3' title="bbox 159 398 1635 458; baseline 0.001 -15"><span class='ocrx_word' id='word_1_14' title='bbox 159 399 218 444; x_wconf 93' lang='lat' dir='ltr'><strong>ob</strong></span> <span class='ocrx_word' id='word_1_15' title='bbox 247 398 515 457; x_wconf 72' lang='lat' dir='ltr'><strong>elegantiam</strong></span> <span class='ocrx_word' id='word_1_16' title='bbox 544 402 915 457; x_wconf 88' lang='lat' dir='ltr'><strong>uenustatemque</strong></span> <span class='ocrx_word' id='word_1_17' title='bbox 947 399 1116 443; x_wconf 85' lang='lat' dir='ltr'><strong>formae</strong></span> <span class='ocrx_word' id='word_1_18' title='bbox 1154 400 1367 458; x_wconf 79' lang='lat' dir='ltr'>grandem</span> <span class='ocrx_word' id='word_1_19' title='bbox 1402 402 1635 458; x_wconf 88' lang='lat' dir='ltr'><strong>pecuniam</strong></span> 
     </span>
     <span class='ocr_line' id='line_1_4' title="bbox 160 468 1637 526; baseline 0.001 -13"><span class='ocrx_word' id='word_1_20' title='bbox 160 468 439 522; x_wconf 81' lang='lat' dir='ltr'><strong>demerebat3</strong></span> <span class='ocrx_word' id='word_1_21' title='bbox 477 471 811 526; x_wconf 84' lang='lat' dir='ltr'><strong>conuentusque</strong></span> <span class='ocrx_word' id='word_1_22' title='bbox 845 469 902 512; x_wconf 89' lang='lat' dir='ltr'><strong>ad</strong></span> <span class='ocrx_word' id='word_1_23' title='bbox 937 483 1034 513; x_wconf 87' lang='lat' dir='ltr'><strong>eam</strong></span> <span class='ocrx_word' id='word_1_24' title='bbox 1071 469 1277 512; x_wconf 89' lang='lat' dir='ltr'><strong>diuorum</strong></span> <span class='ocrx_word' id='word_1_25' title='bbox 1314 469 1543 512; x_wconf 91' lang='lat' dir='ltr'><strong>hominum</strong></span> <span class='ocrx_word' id='word_1_26' title='bbox 1579 486 1637 514; x_wconf 84' lang='lat' dir='ltr'><strong>ex</strong></span> 
     </span>
     <span class='ocr_line' id='line_1_5' title="bbox 159 537 1637 596; baseline 0.001 -13"><span class='ocrx_word' id='word_1_27' title='bbox 159 538 282 583; x_wconf 89' lang='lat' dir='ltr'><strong>omni</strong></span> <span class='ocrx_word' id='word_1_28' title='bbox 308 537 495 582; x_wconf 77' lang='lat' dir='ltr'><strong>Graecia</strong></span> <span class='ocrx_word' id='word_1_29' title='bbox 517 537 709 582; x_wconf 83' lang='lat' dir='ltr'><strong>celebres</strong></span> <span class='ocrx_word' id='word_1_30' title='bbox 735 541 875 590; x_wconf 90' lang='lat' dir='ltr'><strong>erant,</strong></span> <span class='ocrx_word' id='word_1_31' title='bbox 895 553 975 582; x_wconf 91' lang='lat' dir='ltr'><strong>nec</strong></span> <span class='ocrx_word' id='word_1_32' title='bbox 1002 538 1271 582; x_wconf 70' lang='lat' dir='ltr'><strong>admittebat</strong></span> <span class='ocrx_word' id='word_1_33' title='bbox 1295 538 1381 581; x_wconf 86' lang='lat' dir='ltr'><strong>nisi</strong></span> <span class='ocrx_word' id='word_1_34' title='bbox 1402 540 1478 596; x_wconf 91' lang='lat' dir='ltr'><strong>qui</strong></span> <span class='ocrx_word' id='word_1_35' title='bbox 1500 540 1637 584; x_wconf 83' lang='lat' dir='ltr'><strong>dabat</strong></span> 
     </span>
     <span class='ocr_line' id='line_1_6' title="bbox 122 604 1636 666; baseline 0.001 -14"><span class='ocrx_word' id='word_1_36' title='bbox 122 623 142 659; x_wconf 77' lang='lat'><strong>5</strong></span> <span class='ocrx_word' id='word_1_37' title='bbox 160 604 276 666; x_wconf 87' lang='lat' dir='ltr'><strong>quae</strong></span> <span class='ocrx_word' id='word_1_38' title='bbox 322 607 553 666; x_wconf 88' lang='lat' dir='ltr'><strong>poscebat;</strong></span> <span class='ocrx_word' id='word_1_39' title='bbox 609 608 818 665; x_wconf 88' lang='lat' dir='ltr'><strong>poscebat</strong></span> <span class='ocrx_word' id='word_1_40' title='bbox 867 612 1018 652; x_wconf 89' lang='lat' dir='ltr'><strong>autem</strong></span> <span class='ocrx_word' id='word_1_41' title='bbox 1059 608 1138 651; x_wconf 89' lang='lat' dir='ltr'><strong>illa</strong></span> <span class='ocrx_word' id='word_1_42' title='bbox 1175 608 1366 652; x_wconf 88' lang='lat' dir='ltr'><strong>nimium</strong></span> <span class='ocrx_word' id='word_1_43' title='bbox 1406 614 1636 666; x_wconf 88' lang='lat' dir='ltr'><strong>quantum.</strong></span> 
     </span>
     <span class='ocr_line' id='line_1_7' title="bbox 120 676 1638 736; baseline 0.001 -15"><span class='ocrx_word' id='word_1_44' title='bbox 120 694 125 706; x_wconf 68' lang='lat'><strong>¹</strong></span> <span class='ocrx_word' id='word_1_45' title='bbox 160 677 280 722; x_wconf 89' lang='lat' dir='ltr'><strong>Hinc</strong></span> <span class='ocrx_word' id='word_1_46' title='bbox 309 681 467 722; x_wconf 88' lang='lat' dir='ltr'><strong>natum</strong></span> <span class='ocrx_word' id='word_1_47' title='bbox 501 680 570 721; x_wconf 90' lang='lat' dir='ltr'><strong>est</strong></span> <span class='ocrx_word' id='word_1_48' title='bbox 600 676 810 735; x_wconf 80' lang='lat' dir='ltr'><strong>frequens</strong></span> <span class='ocrx_word' id='word_1_49' title='bbox 839 677 950 721; x_wconf 88' lang='lat' dir='ltr'><strong>illud</strong></span> <span class='ocrx_word' id='word_1_50' title='bbox 981 678 1266 736; x_wconf 88' lang='lat' dir='ltr'><strong>prouerbium</strong></span> <span class='ocrx_word' id='word_1_51' title='bbox 1297 679 1417 736; x_wconf 92' lang='lat' dir='ltr'><strong>apud</strong></span> <span class='ocrx_word' id='word_1_52' title='bbox 1450 679 1638 723; x_wconf 82' lang='lat' dir='ltr'><strong>Grecos:</strong></span> 
     </span>
     <span class='ocr_line' id='line_1_8' title="bbox 159 746 1638 806; baseline 0 -15"><span class='ocrx_word' id='word_1_53' title='bbox 159 746 348 791; x_wconf 86' lang='lat' dir='ltr'><strong>Frustra</strong></span> <span class='ocrx_word' id='word_1_54' title='bbox 377 747 476 805; x_wconf 90' lang='lat' dir='ltr'><strong>quis</strong></span> <span class='ocrx_word' id='word_1_55' title='bbox 503 746 771 791; x_wconf 82' lang='lat' dir='ltr'><strong>Corinthum</strong></span> <span class='ocrx_word' id='word_1_56' title='bbox 798 747 945 791; x_wconf 89' lang='lat' dir='ltr'><strong>tendit</strong></span> <span class='ocrx_word' id='word_1_57' title='bbox 971 748 1028 791; x_wconf 86' lang='lat' dir='ltr'><strong>ad</strong></span> <span class='ocrx_word' id='word_1_58' title='bbox 1056 747 1249 799; x_wconf 83' lang='lat' dir='ltr'><strong>Laidem,</strong></span> <span class='ocrx_word' id='word_1_59' title='bbox 1276 748 1363 791; x_wconf 87' lang='lat' dir='ltr'><strong>nisi</strong></span> <span class='ocrx_word' id='word_1_60' title='bbox 1393 752 1528 806; x_wconf 86' lang='lat' dir='ltr'><strong>queat</strong></span> <span class='ocrx_word' id='word_1_61' title='bbox 1558 752 1638 792; x_wconf 88' lang='lat' dir='ltr'><strong>aut</strong></span> 
     </span>
     <span class='ocr_line' id='line_1_9' title="bbox 157 816 1638 874; baseline -0.001 -13"><span class='ocrx_word' id='word_1_62' title='bbox 157 816 271 861; x_wconf 85' lang='lat' dir='ltr'><strong>uelit</strong></span> <span class='ocrx_word' id='word_1_63' title='bbox 289 816 396 860; x_wconf 90' lang='lat' dir='ltr'><strong>dare</strong></span> <span class='ocrx_word' id='word_1_64' title='bbox 416 817 534 874; x_wconf 92' lang='lat' dir='ltr'><strong>quod</strong></span> <span class='ocrx_word' id='word_1_65' title='bbox 554 817 763 874; x_wconf 87' lang='lat' dir='ltr'><strong>poscitur.</strong></span> <span class='ocrx_word' id='word_1_66' title='bbox 821 816 893 860; x_wconf 84' lang='lat' dir='ltr'><strong>Ad</strong></span> <span class='ocrx_word' id='word_1_67' title='bbox 910 817 1023 861; x_wconf 87' lang='lat' dir='ltr'><strong>hanc</strong></span> <span class='ocrx_word' id='word_1_68' title='bbox 1039 817 1113 860; x_wconf 92' lang='lat' dir='ltr'><strong>ille</strong></span> <span class='ocrx_word' id='word_1_69' title='bbox 1130 817 1419 862; x_wconf 89' lang='lat' dir='ltr'><strong>Demostenes</strong></span> <span class='ocrx_word' id='word_1_70' title='bbox 1437 818 1638 862; x_wconf 85' lang='lat' dir='ltr'><strong>clanculo</strong></span> 
     </span>
     <span class='ocr_line' id='line_1_10' title="bbox 41 885 1680 945; baseline 0 -14"><span class='ocrx_word' id='word_1_71' title='bbox 41 934 43 939; x_wconf 91' lang='lat'><em>.</em></span> <span class='ocrx_word' id='word_1_72' title='bbox 158 885 256 931; x_wconf 85' lang='lat' dir='ltr'><strong>adit</strong></span> <span class='ocrx_word' id='word_1_73' title='bbox 282 889 328 930; x_wconf 91' lang='lat' dir='ltr'><strong>et</strong></span> <span class='ocrx_word' id='word_1_74' title='bbox 351 888 404 930; x_wconf 91' lang='lat' dir='ltr'><strong>ut</strong></span> <span class='ocrx_word' id='word_1_75' title='bbox 429 886 601 943; x_wconf 90' lang='lat' dir='ltr'><strong>copiam</strong></span> <span class='ocrx_word' id='word_1_76' title='bbox 628 886 697 929; x_wconf 90' lang='lat' dir='ltr'><strong>sui</strong></span> <span class='ocrx_word' id='word_1_77' title='bbox 725 885 892 930; x_wconf 79' lang='lat' dir='ltr'><strong>faceret</strong></span> <span class='ocrx_word' id='word_1_78' title='bbox 911 887 1037 944; x_wconf 87' lang='lat' dir='ltr'><strong>petit.</strong></span> <span class='ocrx_word' id='word_1_79' title='bbox 1108 887 1172 931; x_wconf 81' lang='lat' dir='ltr'><strong>At</strong></span> <span class='ocrx_word' id='word_1_80' title='bbox 1192 887 1296 931; x_wconf 86' lang='lat' dir='ltr'><strong>Lais</strong></span> <span class='ocrx_word' id='word_1_81' title='bbox 1315 888 1397 931; x_wconf 87' lang='lat' dir='ltr'><strong>hoc</strong></span> <span class='ocrx_word' id='word_1_82' title='bbox 1418 891 1635 945; x_wconf 89' lang='lat' dir='ltr'><strong>quantum</strong></span> <span class='ocrx_word' id='word_1_83' title='bbox 1655 901 1680 931; x_wconf 87' lang='lat' dir='ltr'><strong>c</strong></span> 
     </span>
     <span class='ocr_line' id='line_1_11' title="bbox 31 956 1637 1015; baseline 0.001 -15"><span class='ocrx_word' id='word_1_84' title='bbox 31 960 35 990; x_wconf 77' lang='grc' dir='ltr'><strong>ἓ</strong></span> <span class='ocrx_word' id='word_1_85' title='bbox 101 974 142 1000; x_wconf 82' lang='grc' dir='ltr'><strong>ιο</strong></span> <span class='ocrx_word' id='word_1_86' title='bbox 158 956 357 1015; x_wconf 81' lang='lat' dir='ltr'><strong>poposcit</strong></span> <span class='ocrx_word' id='word_1_87' title='bbox 379 956 497 1014; x_wconf 90' lang='lat' dir='ltr'><strong>quod</strong></span> <span class='ocrx_word' id='word_1_88' title='bbox 517 957 731 1000; x_wconf 86' lang='lat' dir='ltr'><strong>nostratis</strong></span> <span class='ocrx_word' id='word_1_89' title='bbox 750 957 921 1000; x_wconf 89' lang='lat' dir='ltr'><strong>nummi</strong></span> <span class='ocrx_word' id='word_1_90' title='bbox 942 957 1173 1001; x_wconf 86' lang='lat' dir='ltr'><strong>denarium</strong></span> <span class='ocrx_word' id='word_1_91' title='bbox 1194 957 1334 1002; x_wconf 82' lang='lat' dir='ltr'><strong>faciat</strong></span> <span class='ocrx_word' id='word_1_92' title='bbox 1353 958 1497 1001; x_wconf 86' lang='lat' dir='ltr'><strong>decies</strong></span> <span class='ocrx_word' id='word_1_93' title='bbox 1516 958 1637 1002; x_wconf 87' lang='lat' dir='ltr'><strong>mille</strong></span> 
     </span>
     <span class='ocr_line' id='line_1_12' title="bbox 41 1022 1637 1085; baseline 0.001 -16"><span class='ocrx_word' id='word_1_94' title='bbox 41 1022 46 1031; x_wconf 90' lang='lat'><em>&#39;</em></span> <span class='ocrx_word' id='word_1_95' title='bbox 98 1038 102 1045; x_wconf 87' lang='lat'>·</span> <span class='ocrx_word' id='word_1_96' title='bbox 161 1028 467 1084; x_wconf 81' lang='lat' dir='ltr'><strong>aequaturque</strong></span> <span class='ocrx_word' id='word_1_97' title='bbox 479 1026 708 1070; x_wconf 81' lang='lat' dir='ltr'><strong>medietati</strong></span> <span class='ocrx_word' id='word_1_98' title='bbox 722 1026 881 1070; x_wconf 91' lang='lat' dir='ltr'><strong>talenti</strong></span> <span class='ocrx_word' id='word_1_99' title='bbox 898 1027 1089 1078; x_wconf 87' lang='lat' dir='ltr'><strong>maioris,</strong></span> <span class='ocrx_word' id='word_1_100' title='bbox 1104 1028 1221 1085; x_wconf 92' lang='lat' dir='ltr'><strong>quod</strong></span> <span class='ocrx_word' id='word_1_101' title='bbox 1239 1028 1452 1071; x_wconf 88' lang='lat' dir='ltr'><strong>nostratis</strong></span> <span class='ocrx_word' id='word_1_102' title='bbox 1466 1028 1637 1070; x_wconf 85' lang='lat' dir='ltr'><strong>denarii</strong></span> 
     </span>
     <span class='ocr_line' id='line_1_13' title="bbox 157 1095 1637 1155; baseline 0 -15"><span class='ocrx_word' id='word_1_103' title='bbox 157 1095 324 1155; x_wconf 85' lang='lat' dir='ltr'><strong>uiginti</strong></span> <span class='ocrx_word' id='word_1_104' title='bbox 351 1095 476 1139; x_wconf 91' lang='lat' dir='ltr'><strong>milia</strong></span> <span class='ocrx_word' id='word_1_105' title='bbox 494 1096 676 1142; x_wconf 87' lang='lat' dir='ltr'><strong>claudit.</strong></span> <span class='ocrx_word' id='word_1_106' title='bbox 736 1096 834 1139; x_wconf 87' lang='lat' dir='ltr'><strong>Tali</strong></span> <span class='ocrx_word' id='word_1_107' title='bbox 862 1097 1114 1154; x_wconf 85' lang='lat' dir='ltr'><strong>petulantia</strong></span> <span class='ocrx_word' id='word_1_108' title='bbox 1133 1098 1332 1141; x_wconf 89' lang='lat' dir='ltr'><strong>mulieris</strong></span> <span class='ocrx_word' id='word_1_109' title='bbox 1352 1100 1487 1155; x_wconf 84' lang='lat' dir='ltr'><strong>atque</strong></span> <span class='ocrx_word' id='word_1_110' title='bbox 1507 1111 1637 1155; x_wconf 88' lang='lat' dir='ltr'><strong>pecu-</strong></span> 
     </span>
     <span class='ocr_line' id='line_1_14' title="bbox 157 1164 1639 1224; baseline 0.001 -16"><span class='ocrx_word' id='word_1_111' title='bbox 157 1164 259 1209; x_wconf 86' lang='lat' dir='ltr'><strong>niae</strong></span> <span class='ocrx_word' id='word_1_112' title='bbox 278 1164 588 1223; x_wconf 85' lang='lat' dir='ltr'><strong>magnitudine</strong></span> <span class='ocrx_word' id='word_1_113' title='bbox 608 1165 724 1209; x_wconf 89' lang='lat' dir='ltr'><strong>ictus</strong></span> <span class='ocrx_word' id='word_1_114' title='bbox 751 1166 1086 1224; x_wconf 86' lang='lat' dir='ltr'><strong>expauidusque</strong></span> <span class='ocrx_word' id='word_1_115' title='bbox 1107 1166 1395 1210; x_wconf 88' lang='lat' dir='ltr'><strong>Demostenes</strong></span> <span class='ocrx_word' id='word_1_116' title='bbox 1415 1166 1639 1210; x_wconf 86' lang='lat' dir='ltr'><strong>auertitur</strong></span> 
     </span>
     <span class='ocr_line' id='line_1_15' title="bbox 158 1235 1637 1294; baseline 0 -14"><span class='ocrx_word' id='word_1_117' title='bbox 158 1238 206 1280; x_wconf 87' lang='lat' dir='ltr'><strong>et</strong></span> <span class='ocrx_word' id='word_1_118' title='bbox 235 1235 488 1280; x_wconf 88' lang='lat' dir='ltr'><strong>discedens:</strong></span> <span class='ocrx_word' id='word_1_119' title='bbox 518 1235 625 1293; x_wconf 86' lang='lat' dir='ltr'>Eg0,</span> <span class='ocrx_word' id='word_1_120' title='bbox 645 1235 804 1293; x_wconf 88' lang='lat' dir='ltr'><strong>inquit,</strong></span> <span class='ocrx_word' id='word_1_121' title='bbox 831 1235 1031 1294; x_wconf 87' lang='lat' dir='ltr'><strong>penitere</strong></span> <span class='ocrx_word' id='word_1_122' title='bbox 1060 1237 1178 1280; x_wconf 91' lang='lat' dir='ltr'><strong>tanti</strong></span> <span class='ocrx_word' id='word_1_123' title='bbox 1209 1251 1299 1280; x_wconf 90' lang='lat' dir='ltr'><strong>non</strong></span> <span class='ocrx_word' id='word_1_124' title='bbox 1330 1251 1439 1280; x_wconf 89' lang='lat' dir='ltr'><strong>emo.</strong></span> <span class='ocrx_word' id='word_1_125' title='bbox 1500 1236 1637 1280; x_wconf 90' lang='lat' dir='ltr'><strong>Visne</strong></span> 
     </span>
     <span class='ocr_line' id='line_1_16' title="bbox 34 1305 1108 1366; baseline -0.004 -12.023"><span class='ocrx_word' id='word_1_126' title='bbox 34 1315 47 1358; x_wconf 65' lang='lat'><strong>,³</strong></span> <span class='ocrx_word' id='word_1_127' title='bbox 101 1327 142 1364; x_wconf 61' lang='grc' dir='ltr'><strong>ις</strong></span> <span class='ocrx_word' id='word_1_128' title='bbox 158 1306 462 1366; x_wconf 63' lang='lat' dir='ltr'><strong>proximiora&#39;l</strong></span> <span class='ocrx_word' id='word_1_129' title='bbox 520 1305 652 1350; x_wconf 90' lang='lat' dir='ltr'><strong>Nosti</strong></span> <span class='ocrx_word' id='word_1_130' title='bbox 674 1306 773 1362; x_wconf 92' lang='lat' dir='ltr'><strong>quis</strong></span> <span class='ocrx_word' id='word_1_131' title='bbox 793 1305 960 1350; x_wconf 83' lang='lat' dir='ltr'><strong>dixerit</strong></span> <span class='ocrx_word' id='word_1_132' title='bbox 979 1306 1108 1364; x_wconf 87' lang='lat' dir='ltr'><strong>quia.</strong></span> 
     </span>
    </p>
   </div>
   <div class='ocr_carea' id='block_1_3' title="bbox 30 1409 1207 1747">
    <p class='ocr_par' dir='ltr' id='par_1_3' title="bbox 506 1409 1207 1526">
     <span class='ocr_line' id='line_1_17' title="bbox 509 1409 1207 1478; baseline 0.003 -26"><span class='ocrx_word' id='word_1_133' title='bbox 509 1409 661 1453; x_wconf 86' lang='lat' dir='ltr'><strong>Habet</strong></span> <span class='ocrx_word' id='word_1_134' title='bbox 691 1410 774 1454; x_wconf 91' lang='lat' dir='ltr'><strong>hoc</strong></span> <span class='ocrx_word' id='word_1_135' title='bbox 792 1409 1012 1478; x_wconf 34' lang='lat' dir='ltr'><strong>‘uoluptas</strong></span> <span class='ocrx_word' id='word_1_136' title='bbox 1040 1411 1207 1464; x_wconf 88' lang='lat' dir='ltr'><strong>omnis;</strong></span> 
     </span>
     <span class='ocr_line' id='line_1_18' title="bbox 506 1467 1057 1526; baseline 0.002 -15"><span class='ocrx_word' id='word_1_137' title='bbox 506 1467 701 1511; x_wconf 88' lang='lat' dir='ltr'><strong>stimulis</strong></span> <span class='ocrx_word' id='word_1_138' title='bbox 730 1468 826 1526; x_wconf 85' lang='lat' dir='ltr'><strong>agit</strong></span> <span class='ocrx_word' id='word_1_139' title='bbox 856 1468 1057 1512; x_wconf 78' lang='lat' dir='ltr'><strong>fruentes</strong></span> 
     </span>
    </p>

    <p class='ocr_par' dir='ltr' id='par_1_4' title="bbox 506 1526 1132 1628">
     <span class='ocr_line' id='line_1_19' title="bbox 506 1526 1132 1628; baseline 0.002 -58.002"><span class='ocrx_word' id='word_1_140' title='bbox 506 1541 537 1628; x_wconf 77' lang='lat' dir='ltr'><strong>¹a¹</strong></span> <span class='ocrx_word' id='word_1_141' title='bbox 566 1526 747 1584; x_wconf 88' lang='lat' dir='ltr'><strong>iumque</strong></span> <span class='ocrx_word' id='word_1_142' title='bbox 775 1542 859 1584; x_wconf 89' lang='lat' dir='ltr'><strong>par</strong></span> <span class='ocrx_word' id='word_1_143' title='bbox 887 1527 1132 1579; x_wconf 86' lang='lat' dir='ltr'><strong>uolantum,</strong></span> 
     </span>
    </p>

    <p class='ocr_par' dir='ltr' id='par_1_5' title="bbox 30 1584 1067 1643">
     <span class='ocr_line' id='line_1_20' title="bbox 30 1584 1067 1643; baseline 0.002 -16"><span class='ocrx_word' id='word_1_144' title='bbox 30 1617 43 1631; x_wconf 86' lang='grc'><strong>.,</strong></span> <span class='ocrx_word' id='word_1_145' title='bbox 569 1586 583 1628; x_wconf 89' lang='lat' dir='ltr'><strong>i</strong></span> <span class='ocrx_word' id='word_1_146' title='bbox 613 1589 745 1643; x_wconf 86' lang='lat' dir='ltr'><strong>grata</strong></span> <span class='ocrx_word' id='word_1_147' title='bbox 772 1585 906 1628; x_wconf 84' lang='lat' dir='ltr'><strong>mella</strong></span> <span class='ocrx_word' id='word_1_148' title='bbox 935 1584 1067 1638; x_wconf 77' lang='lat' dir='ltr'><strong>fudit,</strong></span> 
     </span>
    </p>

    <p class='ocr_par' dir='ltr' id='par_1_6' title="bbox 26 1599 1041 1702">
     <span class='ocr_line' id='line_1_21' title="bbox 99 1599 1041 1702; baseline -0.001 -13.072"><span class='ocrx_word' id='word_1_149' title='bbox 99 1662 144 1689; x_wconf 73' lang='lat' dir='ltr'><strong>zo</strong></span> <span class='ocrx_word' id='word_1_150' title='bbox 506 1599 629 1702; x_wconf 59' lang='lat' dir='ltr'><strong>1f1ugit</strong></span> <span class='ocrx_word' id='word_1_151' title='bbox 658 1647 704 1687; x_wconf 88' lang='lat' dir='ltr'><strong>et</strong></span> <span class='ocrx_word' id='word_1_152' title='bbox 732 1643 866 1687; x_wconf 91' lang='lat' dir='ltr'><strong>nimis</strong></span> <span class='ocrx_word' id='word_1_153' title='bbox 895 1645 1041 1688; x_wconf 88' lang='lat' dir='ltr'><strong>tenaci</strong></span> 
     </span>
    </p>

    <p class='ocr_par' dir='ltr' id='par_1_7' title="bbox 507 1701 1086 1747">
     <span class='ocr_line' id='line_1_22' title="bbox 507 1701 1086 1747; baseline 0.003 -2"><span class='ocrx_word' id='word_1_154' title='bbox 507 1701 615 1747; x_wconf 85' lang='lat' dir='ltr'><strong>ferit</strong></span> <span class='ocrx_word' id='word_1_155' title='bbox 643 1703 734 1747; x_wconf 87' lang='lat' dir='ltr'><strong>icta</strong></span> <span class='ocrx_word' id='word_1_156' title='bbox 762 1702 897 1747; x_wconf 87' lang='lat' dir='ltr'><strong>corda</strong></span> <span class='ocrx_word' id='word_1_157' title='bbox 925 1717 1086 1747; x_wconf 88' lang='lat' dir='ltr'><strong>morsu.</strong></span> 
     </span>
    </p>
   </div>
   <div class='ocr_carea' id='block_1_4' title="bbox 0 1804 1682 2143">
    <p class='ocr_par' dir='ltr' id='par_1_8' title="bbox 0 1804 1682 2073">
     <span class='ocr_line' id='line_1_23' title="bbox 158 1804 1636 1864; baseline 0 -14"><span class='ocrx_word' id='word_1_158' title='bbox 158 1804 299 1850; x_wconf 87' lang='lat' dir='ltr'><strong>Initia</strong></span> <span class='ocrx_word' id='word_1_159' title='bbox 326 1819 518 1863; x_wconf 87' lang='lat' dir='ltr'><strong>namque</strong></span> <span class='ocrx_word' id='word_1_160' title='bbox 547 1805 768 1864; x_wconf 89' lang='lat' dir='ltr'><strong>cupidinis</strong></span> <span class='ocrx_word' id='word_1_161' title='bbox 797 1806 945 1850; x_wconf 84' lang='lat' dir='ltr'><strong>dulcia</strong></span> <span class='ocrx_word' id='word_1_162' title='bbox 973 1809 1080 1850; x_wconf 91' lang='lat' dir='ltr'><strong>sunt</strong></span> <span class='ocrx_word' id='word_1_163' title='bbox 1109 1820 1243 1864; x_wconf 89' lang='lat' dir='ltr'><strong>super</strong></span> <span class='ocrx_word' id='word_1_164' title='bbox 1271 1807 1358 1850; x_wconf 88' lang='lat' dir='ltr'><strong>mel</strong></span> <span class='ocrx_word' id='word_1_165' title='bbox 1390 1810 1437 1851; x_wconf 87' lang='lat' dir='ltr'><strong>et</strong></span> <span class='ocrx_word' id='word_1_166' title='bbox 1466 1807 1636 1860; x_wconf 82' lang='lat' dir='ltr'><strong>fanum,</strong></span> 
     </span>
     <span class='ocr_line' id='line_1_24' title="bbox 158 1875 1682 1933; baseline -0.001 -13"><span class='ocrx_word' id='word_1_167' title='bbox 158 1877 208 1920; x_wconf 79' lang='lat' dir='ltr'><strong>at</strong></span> <span class='ocrx_word' id='word_1_168' title='bbox 226 1875 470 1919; x_wconf 88' lang='lat' dir='ltr'><strong>nouissima</strong></span> <span class='ocrx_word' id='word_1_169' title='bbox 489 1875 584 1919; x_wconf 88' lang='lat' dir='ltr'><strong>eius</strong></span> <span class='ocrx_word' id='word_1_170' title='bbox 611 1875 770 1933; x_wconf 87' lang='lat' dir='ltr'><strong>quouis</strong></span> <span class='ocrx_word' id='word_1_171' title='bbox 797 1876 992 1919; x_wconf 87' lang='lat' dir='ltr'><strong>absintio</strong></span> <span class='ocrx_word' id='word_1_172' title='bbox 1017 1877 1239 1919; x_wconf 86' lang='lat' dir='ltr'><strong>amariora</strong></span> <span class='ocrx_word' id='word_1_173' title='bbox 1258 1880 1374 1921; x_wconf 86' lang='lat' dir='ltr'><strong>sunt.</strong></span> <span class='ocrx_word' id='word_1_174' title='bbox 1435 1877 1547 1931; x_wconf 83' lang='lat' dir='ltr'><strong>Quis</strong></span> <span class='ocrx_word' id='word_1_175' title='bbox 1568 1881 1636 1921; x_wconf 84' lang='lat' dir='ltr'><strong>est</strong></span> <span class='ocrx_word' id='word_1_176' title='bbox 1652 1878 1682 1919; x_wconf 85' lang='lat' dir='ltr'><strong>d</strong></span> 
     </span>
     <span class='ocr_line' id='line_1_25' title="bbox 0 1943 1636 2011; baseline 0.001 -23"><span class='ocrx_word' id='word_1_177' title='bbox 0 1991 3 2011; x_wconf 28' lang='grc' dir='ltr'><em>ν</em></span> <span class='ocrx_word' id='word_1_178' title='bbox 159 1944 278 1989; x_wconf 88' lang='lat' dir='ltr'><strong>enim</strong></span> <span class='ocrx_word' id='word_1_179' title='bbox 297 1944 400 1988; x_wconf 84' lang='lat' dir='ltr'><strong>finis</strong></span> <span class='ocrx_word' id='word_1_180' title='bbox 419 1943 793 1988; x_wconf 83' lang='lat' dir='ltr'><strong>confabulationis</strong></span> <span class='ocrx_word' id='word_1_181' title='bbox 811 1945 1119 1989; x_wconf 87' lang='lat' dir='ltr'><strong>conuiuiorum</strong></span> <span class='ocrx_word' id='word_1_182' title='bbox 1148 1949 1194 1989; x_wconf 89' lang='lat' dir='ltr'><strong>et</strong></span> <span class='ocrx_word' id='word_1_183' title='bbox 1213 1946 1416 2003; x_wconf 81' lang='lat' dir='ltr'><strong>expletae</strong></span> <span class='ocrx_word' id='word_1_184' title='bbox 1437 1946 1636 1990; x_wconf 85' lang='lat' dir='ltr'><strong>libidinis</strong></span> 
     </span>
     <span class='ocr_line' id='line_1_26' title="bbox 98 2014 1636 2073; baseline 0.004 -18.641"><span class='ocrx_word' id='word_1_185' title='bbox 98 2029 143 2067; x_wconf 72' lang='lat'><strong>²⁵</strong></span> <span class='ocrx_word' id='word_1_186' title='bbox 159 2015 247 2060; x_wconf 82' lang='lat' dir='ltr'><strong>nisi</strong></span> <span class='ocrx_word' id='word_1_187' title='bbox 266 2015 366 2073; x_wconf 85' lang='lat' dir='ltr'><strong>pira</strong></span> <span class='ocrx_word' id='word_1_188' title='bbox 384 2015 564 2059; x_wconf 85' lang='lat' dir='ltr'><strong>incensa</strong></span> <span class='ocrx_word' id='word_1_189' title='bbox 578 2018 624 2058; x_wconf 89' lang='lat' dir='ltr'><strong>et</strong></span> <span class='ocrx_word' id='word_1_190' title='bbox 640 2029 752 2072; x_wconf 86' lang='lat' dir='ltr'><strong>quae</strong></span> <span class='ocrx_word' id='word_1_191' title='bbox 767 2014 815 2057; x_wconf 89' lang='lat' dir='ltr'><strong>in</strong></span> <span class='ocrx_word' id='word_1_192' title='bbox 830 2029 983 2059; x_wconf 88' lang='lat' dir='ltr'><strong>omnes</strong></span> <span class='ocrx_word' id='word_1_193' title='bbox 997 2015 1117 2059; x_wconf 84' lang='lat' dir='ltr'><strong>ciues</strong></span> <span class='ocrx_word' id='word_1_194' title='bbox 1131 2015 1416 2060; x_wconf 88' lang='lat' dir='ltr'><strong>desolationis</strong></span> <span class='ocrx_word' id='word_1_195' title='bbox 1431 2016 1636 2060; x_wconf 87' lang='lat' dir='ltr'><strong>incendia</strong></span> 
     </span>
    </p>

    <p class='ocr_par' dir='ltr' id='par_1_9' title="bbox 22 2078 358 2143">
     <span class='ocr_line' id='line_1_27' title="bbox 42 2078 358 2143; baseline 0.006 -1.881"><span class='ocrx_word' id='word_1_196' title='bbox 42 2078 50 2092; x_wconf 5' lang='grc' dir='ltr'><strong>ι’</strong></span> <span class='ocrx_word' id='word_1_197' title='bbox 101 2114 109 2126; x_wconf 65' lang='grc'><strong>»</strong></span> <span class='ocrx_word' id='word_1_198' title='bbox 156 2084 358 2143; x_wconf 64' lang='lat' dir='ltr'><strong>spargitv</strong></span> 
     </span>
    </p>
   </div>
   <div class='ocr_carea' id='block_1_5' title="bbox 159 2209 1637 2401">
    <p class='ocr_par' dir='ltr' id='par_1_10' title="bbox 159 2209 1637 2401">
     <span class='ocr_line' id='line_1_28' title="bbox 161 2209 1633 2259; baseline -0.001 -10"><span class='ocrx_word' id='word_1_199' title='bbox 161 2219 179 2251; x_wconf 76' lang='grc' dir='ltr'><strong>ι</strong></span> <span class='ocrx_word' id='word_1_200' title='bbox 206 2210 421 2248; x_wconf 80' lang='lat' dir='ltr'><strong>corrinthia</strong></span> <span class='ocrx_word' id='word_1_201' title='bbox 444 2210 497 2247; x_wconf 89' lang='lat' dir='ltr'><strong>B:</strong></span> <span class='ocrx_word' id='word_1_202' title='bbox 531 2209 696 2248; x_wconf 83' lang='lat' dir='ltr'><strong>corintia</strong></span> <span class='ocrx_word' id='word_1_203' title='bbox 721 2209 745 2248; x_wconf 88' lang='lat' dir='ltr'>S</span> <span class='ocrx_word' id='word_1_204' title='bbox 924 2211 1103 2258; x_wconf 79' lang='lat' dir='ltr'><strong>poscebat</strong></span> <span class='ocrx_word' id='word_1_205' title='bbox 1123 2222 1140 2247; x_wconf 88' lang='lat'>1</span> <span class='ocrx_word' id='word_1_206' title='bbox 1144 2210 1178 2257; x_wconf 88' lang='lat'><strong>⁰]</strong></span> <span class='ocrx_word' id='word_1_207' title='bbox 1204 2212 1431 2259; x_wconf 83' lang='lat' dir='ltr'><strong>poscebatur</strong></span> <span class='ocrx_word' id='word_1_208' title='bbox 1454 2211 1589 2249; x_wconf 79' lang='lat' dir='ltr'><strong>CBAS¹</strong></span> <span class='ocrx_word' id='word_1_209' title='bbox 1594 2212 1633 2248; x_wconf 81' lang='lat' dir='ltr'><strong>M</strong></span> 
     </span>
     <span class='ocr_line' id='line_1_29' title="bbox 159 2219 1635 2306; baseline -0.001 -9"><span class='ocrx_word' id='word_1_210' title='bbox 159 2259 184 2297; x_wconf 84' lang='lat'><strong>6</strong></span> <span class='ocrx_word' id='word_1_211' title='bbox 206 2258 305 2295; x_wconf 84' lang='lat' dir='ltr'><strong>illud</strong></span> <span class='ocrx_word' id='word_1_212' title='bbox 328 2258 504 2306; x_wconf 86' lang='lat' dir='ltr'><strong>frequens</strong></span> <span class='ocrx_word' id='word_1_213' title='bbox 519 2258 563 2296; x_wconf 76' lang='lat' dir='ltr'><strong>A‘</strong></span> <span class='ocrx_word' id='word_1_214' title='bbox 695 2267 716 2303; x_wconf 90' lang='lat'>7</span> <span class='ocrx_word' id='word_1_215' title='bbox 743 2257 808 2304; x_wconf 91' lang='lat' dir='ltr'><strong>qui</strong></span> <span class='ocrx_word' id='word_1_216' title='bbox 797 2219 934 2295; x_wconf 51' lang='lat' dir='ltr'><strong>&#39;Ac‘b</strong></span> <span class='ocrx_word' id='word_1_217' title='bbox 1031 2259 1250 2296; x_wconf 83' lang='lat' dir='ltr'><strong>chorintum</strong></span> <span class='ocrx_word' id='word_1_218' title='bbox 1267 2259 1291 2295; x_wconf 90' lang='lat' dir='ltr'>S</span> <span class='ocrx_word' id='word_1_219' title='bbox 1421 2261 1443 2297; x_wconf 90' lang='lat'><strong>8</strong></span> <span class='ocrx_word' id='word_1_220' title='bbox 1468 2259 1635 2298; x_wconf 87' lang='lat' dir='ltr'><strong>Demon-</strong></span> 
     </span>
     <span class='ocr_line' id='line_1_30' title="bbox 159 2270 1637 2356; baseline 0 -13"><span class='ocrx_word' id='word_1_221' title='bbox 159 2307 287 2343; x_wconf 73' lang='lat' dir='ltr'><strong>ntenes</strong></span> <span class='ocrx_word' id='word_1_222' title='bbox 303 2305 343 2342; x_wconf 79' lang='lat' dir='ltr'>M</span> <span class='ocrx_word' id='word_1_223' title='bbox 490 2315 531 2351; x_wconf 83' lang='lat'><strong>17</strong></span> <span class='ocrx_word' id='word_1_224' title='bbox 557 2306 742 2353; x_wconf 82' lang='lat' dir='ltr'><strong>fruentes]</strong></span> <span class='ocrx_word' id='word_1_225' title='bbox 743 2270 952 2343; x_wconf 72' lang='lat' dir='ltr'><strong>qferuentes</strong></span> <span class='ocrx_word' id='word_1_226' title='bbox 969 2305 1104 2343; x_wconf 82' lang='lat' dir='ltr'>CBAM</span> <span class='ocrx_word' id='word_1_227' title='bbox 1253 2308 1296 2344; x_wconf 85' lang='lat'><strong>18</strong></span> <span class='ocrx_word' id='word_1_228' title='bbox 1321 2319 1439 2356; x_wconf 80' lang='lat' dir='ltr'><strong>apum</strong></span> <span class='ocrx_word' id='word_1_229' title='bbox 1456 2306 1637 2344; x_wconf 71' lang='lat' dir='ltr'>OBASw</span> 
     </span>
     <span class='ocr_line' id='line_1_31' title="bbox 163 2353 1038 2401; baseline -0.002 -10"><span class='ocrx_word' id='word_1_230' title='bbox 163 2362 210 2400; x_wconf 80' lang='lat'><strong>19</strong></span> <span class='ocrx_word' id='word_1_231' title='bbox 232 2353 348 2391; x_wconf 85' lang='lat' dir='ltr'><strong>mella</strong></span> <span class='ocrx_word' id='word_1_232' title='bbox 363 2355 474 2401; x_wconf 79' lang='lat' dir='ltr'><strong>grata</strong></span> <span class='ocrx_word' id='word_1_233' title='bbox 490 2353 536 2390; x_wconf 83' lang='lat' dir='ltr'><strong>A²</strong></span> <span class='ocrx_word' id='word_1_234' title='bbox 681 2364 726 2401; x_wconf 85' lang='lat'><strong>²3</strong></span> <span class='ocrx_word' id='word_1_235' title='bbox 752 2353 946 2400; x_wconf 80' lang='lat' dir='ltr'><strong>absinthio</strong></span> <span class='ocrx_word' id='word_1_236' title='bbox 963 2353 1038 2389; x_wconf 81' lang='lat' dir='ltr'><strong>AM</strong></span> 
     </span>
    </p>
   </div>
   <div class='ocr_carea' id='block_1_6' title="bbox 159 2467 1634 2756">
    <p class='ocr_par' dir='ltr' id='par_1_11' title="bbox 159 2467 1634 2756">
     <span class='ocr_line' id='line_1_32' title="bbox 210 2467 1631 2512; baseline 0.001 -7"><span class='ocrx_word' id='word_1_237' title='bbox 210 2478 226 2506; x_wconf 83' lang='grc' dir='ltr'><strong>ι</strong></span> <span class='ocrx_word' id='word_1_238' title='bbox 253 2469 355 2506; x_wconf 75' lang='lat' dir='ltr'><strong>Haec</strong></span> <span class='ocrx_word' id='word_1_239' title='bbox 369 2474 489 2506; x_wconf 75' lang='lat' dir='ltr'><strong>autom</strong></span> <span class='ocrx_word' id='word_1_240' title='bbox 505 2471 596 2506; x_wconf 68' lang='lat' dir='ltr'><strong>Lais</strong></span> <span class='ocrx_word' id='word_1_241' title='bbox 611 2471 707 2507; x_wconf 89' lang='lat' dir='ltr'><strong>etc.:</strong></span> <span class='ocrx_word' id='word_1_242' title='bbox 731 2481 763 2506; x_wconf 88' lang='lat' dir='ltr'><strong>v.</strong></span> <span class='ocrx_word' id='word_1_243' title='bbox 781 2467 876 2506; x_wconf 79' lang='lat' dir='ltr'><strong>Gen.</strong></span> <span class='ocrx_word' id='word_1_244' title='bbox 894 2468 921 2505; x_wconf 86' lang='lat' dir='ltr'><strong>i.</strong></span> <span class='ocrx_word' id='word_1_245' title='bbox 939 2471 972 2506; x_wconf 88' lang='lat'><strong>8.</strong></span> <span class='ocrx_word' id='word_1_246' title='bbox 1083 2480 1101 2512; x_wconf 75' lang='lat'>3</span> <span class='ocrx_word' id='word_1_247' title='bbox 1124 2472 1165 2506; x_wconf 68' lang='lat' dir='ltr'><strong>dn·</strong></span> <span class='ocrx_word' id='word_1_248' title='bbox 1151 2482 1318 2507; x_wconf 73' lang='lat' dir='ltr'><strong>uorum:</strong></span> <span class='ocrx_word' id='word_1_249' title='bbox 1344 2472 1382 2506; x_wconf 82' lang='lat' dir='ltr'><em>d</em></span> <span class='ocrx_word' id='word_1_250' title='bbox 1378 2472 1518 2507; x_wconf 74' lang='lat' dir='ltr'><strong>tiorum</strong></span> <span class='ocrx_word' id='word_1_251' title='bbox 1535 2470 1631 2509; x_wconf 87' lang='lat' dir='ltr'><strong>Gell.</strong></span> 
     </span>
     <span class='ocr_line' id='line_1_33' title="bbox 161 2515 1633 2572; baseline 0.001 -18"><span class='ocrx_word' id='word_1_252' title='bbox 161 2524 208 2554; x_wconf 83' lang='lat'><strong>10</strong></span> <span class='ocrx_word' id='word_1_253' title='bbox 229 2518 324 2564; x_wconf 73' lang='lat' dir='ltr'><strong>quod</strong></span> <span class='ocrx_word' id='word_1_254' title='bbox 347 2520 520 2554; x_wconf 62' lang='lat' dir='ltr'><strong>nostratis</strong></span> <span class='ocrx_word' id='word_1_255' title='bbox 553 2519 648 2554; x_wconf 85' lang='lat' dir='ltr'><strong>etc.:</strong></span> <span class='ocrx_word' id='word_1_256' title='bbox 687 2529 719 2555; x_wconf 86' lang='lat' dir='ltr'><strong>v.</strong></span> <span class='ocrx_word' id='word_1_257' title='bbox 747 2516 892 2554; x_wconf 84' lang='lat' dir='ltr'><strong>Hertzii</strong></span> <span class='ocrx_word' id='word_1_258' title='bbox 918 2517 966 2553; x_wconf 83' lang='lat' dir='ltr'><strong>ad</strong></span> <span class='ocrx_word' id='word_1_259' title='bbox 996 2515 1111 2572; x_wconf 68' lang='lat' dir='ltr'><strong>Gellii</strong></span> <span class='ocrx_word' id='word_1_260' title='bbox 1146 2517 1273 2555; x_wconf 80' lang='lat' dir='ltr'><strong>locum</strong></span> <span class='ocrx_word' id='word_1_261' title='bbox 1306 2519 1633 2556; x_wconf 87' lang='lat' dir='ltr'><strong>commentarium.</strong></span> 
     </span>
     <span class='ocr_line' id='line_1_34' title="bbox 163 2564 1634 2607; baseline 0.002 -7"><span class='ocrx_word' id='word_1_262' title='bbox 163 2571 206 2607; x_wconf 87' lang='lat'><strong>17</strong></span> <span class='ocrx_word' id='word_1_263' title='bbox 230 2565 387 2600; x_wconf 70' lang='lat' dir='ltr'><strong>stimulis</strong></span> <span class='ocrx_word' id='word_1_264' title='bbox 403 2566 496 2602; x_wconf 87' lang='lat' dir='ltr'><strong>etc.:</strong></span> <span class='ocrx_word' id='word_1_265' title='bbox 523 2564 658 2602; x_wconf 88' lang='lat' dir='ltr'><strong>Boeth.</strong></span> <span class='ocrx_word' id='word_1_266' title='bbox 682 2565 974 2602; x_wconf 69' lang='lat' dir='ltr'><strong>Consol.Ph1·lo⁸.</strong></span> <span class='ocrx_word' id='word_1_267' title='bbox 994 2564 1048 2601; x_wconf 87' lang='lat' dir='ltr'><strong>iii.</strong></span> <span class='ocrx_word' id='word_1_268' title='bbox 1067 2565 1178 2602; x_wconf 80' lang='lat' dir='ltr'><strong>Metr.</strong></span> <span class='ocrx_word' id='word_1_269' title='bbox 1195 2565 1258 2602; x_wconf 87' lang='lat' dir='ltr'><strong>vii.</strong></span> <span class='ocrx_word' id='word_1_270' title='bbox 1444 2577 1489 2603; x_wconf 91' lang='lat'><strong>22</strong></span> <span class='ocrx_word' id='word_1_271' title='bbox 1514 2569 1634 2603; x_wconf 77' lang='lat' dir='ltr'><strong>Initia</strong></span> 
     </span>
     <span class='ocr_line' id='line_1_35' title="bbox 159 2610 1634 2669; baseline 0.002 -22"><span class='ocrx_word' id='word_1_272' title='bbox 159 2612 257 2648; x_wconf 61' lang='grc' dir='ltr'><strong>οὖα·</strong></span> <span class='ocrx_word' id='word_1_273' title='bbox 281 2622 316 2647; x_wconf 81' lang='lat' dir='ltr'><strong>v.</strong></span> <span class='ocrx_word' id='word_1_274' title='bbox 330 2610 435 2649; x_wconf 86' lang='lat' dir='ltr'><strong>Prov.</strong></span> <span class='ocrx_word' id='word_1_275' title='bbox 451 2623 484 2648; x_wconf 80' lang='lat' dir='ltr'><strong>v.</strong></span> <span class='ocrx_word' id='word_1_276' title='bbox 503 2622 536 2669; x_wconf 89' lang='lat'><strong>3,</strong></span> <span class='ocrx_word' id='word_1_277' title='bbox 546 2623 569 2657; x_wconf 88' lang='lat'>4</span> <span class='ocrx_word' id='word_1_278' title='bbox 587 2613 716 2648; x_wconf 67' lang='lat' dir='ltr'><strong>Fauna</strong></span> <span class='ocrx_word' id='word_1_279' title='bbox 731 2614 827 2648; x_wconf 76' lang='lat' dir='ltr'><strong>enim</strong></span> <span class='ocrx_word' id='word_1_280' title='bbox 842 2614 1030 2648; x_wconf 71' lang='lat' dir='ltr'><strong>distillans</strong></span> <span class='ocrx_word' id='word_1_281' title='bbox 1046 2614 1144 2649; x_wconf 74' lang='lat' dir='ltr'><strong>labia</strong></span> <span class='ocrx_word' id='word_1_282' title='bbox 1156 2615 1371 2650; x_wconf 61' lang='lat' dir='ltr'><strong>numericis.</strong></span> <span class='ocrx_word' id='word_1_283' title='bbox 1410 2616 1634 2650; x_wconf 71' lang='lat' dir='ltr'><strong>,nouissima</strong></span> 
     </span>
     <span class='ocr_line' id='line_1_36' title="bbox 159 2660 1631 2715; baseline 0.003 -21"><span class='ocrx_word' id='word_1_284' title='bbox 159 2662 281 2694; x_wconf 72' lang='lat' dir='ltr'><strong>autem</strong></span> <span class='ocrx_word' id='word_1_285' title='bbox 296 2660 400 2695; x_wconf 67' lang='lat' dir='ltr'><strong>illius</strong></span> <span class='ocrx_word' id='word_1_286' title='bbox 412 2661 519 2715; x_wconf 65' lang='lat' dir='ltr'><strong>quasi</strong></span> <span class='ocrx_word' id='word_1_287' title='bbox 539 2661 697 2696; x_wconf 67' lang='lat' dir='ltr'><strong>absinthi</strong></span> <span class='ocrx_word' id='word_1_288' title='bbox 686 2672 770 2696; x_wconf 76' lang='grc' dir='ltr'><strong>ι.ιιηι</strong></span> <span class='ocrx_word' id='word_1_289' title='bbox 866 2661 988 2696; x_wconf 65' lang='lat' dir='ltr'><strong>dulcia</strong></span> <span class='ocrx_word' id='word_1_290' title='bbox 1005 2672 1116 2707; x_wconf 76' lang='lat' dir='ltr'><strong>super</strong></span> <span class='ocrx_word' id='word_1_291' title='bbox 1130 2662 1199 2696; x_wconf 77' lang='lat' dir='ltr'><strong>mel</strong></span> <span class='ocrx_word' id='word_1_292' title='bbox 1214 2666 1247 2697; x_wconf 80' lang='lat' dir='ltr'><strong>et</strong></span> <span class='ocrx_word' id='word_1_293' title='bbox 1261 2663 1423 2707; x_wconf 75' lang='lat' dir='ltr'><strong>fanum:</strong></span> <span class='ocrx_word' id='word_1_294' title='bbox 1448 2661 1508 2698; x_wconf 70' lang='grc' dir='ltr'><strong>ΡΒ.</strong></span> <span class='ocrx_word' id='word_1_295' title='bbox 1526 2661 1631 2699; x_wconf 76' lang='lat' dir='ltr'><strong>xviii.</strong></span> 
     </span>
     <span class='ocr_line' id='line_1_37' title="bbox 162 2704 1449 2756; baseline 0.001 -13"><span class='ocrx_word' id='word_1_296' title='bbox 162 2714 229 2748; x_wconf 79' lang='lat'><strong>113</strong></span> <span class='ocrx_word' id='word_1_297' title='bbox 254 2704 360 2742; x_wconf 81' lang='lat' dir='ltr'><strong>Eccli</strong></span> <span class='ocrx_word' id='word_1_298' title='bbox 376 2717 473 2744; x_wconf 74' lang='lat' dir='ltr'><strong>xxiv.</strong></span> <span class='ocrx_word' id='word_1_299' title='bbox 493 2716 550 2752; x_wconf 88' lang='lat'><strong>27.</strong></span> <span class='ocrx_word' id='word_1_300' title='bbox 697 2717 740 2754; x_wconf 82' lang='lat'><strong>25</strong></span> <span class='ocrx_word' id='word_1_301' title='bbox 765 2709 843 2743; x_wconf 70' lang='lat' dir='ltr'><strong>nisi</strong></span> <span class='ocrx_word' id='word_1_302' title='bbox 854 2710 944 2754; x_wconf 80' lang='lat' dir='ltr'><strong>pira</strong></span> <span class='ocrx_word' id='word_1_303' title='bbox 961 2710 1059 2744; x_wconf 83' lang='lat' dir='ltr'><strong>etc.:</strong></span> <span class='ocrx_word' id='word_1_304' title='bbox 1087 2720 1121 2745; x_wconf 89' lang='lat' dir='ltr'><strong>v.</strong></span> <span class='ocrx_word' id='word_1_305' title='bbox 1139 2707 1273 2744; x_wconf 84' lang='lat' dir='ltr'><strong>lustin.</strong></span> <span class='ocrx_word' id='word_1_306' title='bbox 1293 2708 1318 2745; x_wconf 92' lang='lat' dir='ltr'><strong>i.</strong></span> <span class='ocrx_word' id='word_1_307' title='bbox 1336 2719 1358 2755; x_wconf 87' lang='lat'>3</span> <span class='ocrx_word' id='word_1_308' title='bbox 1376 2708 1449 2756; x_wconf 60' lang='grc' dir='ltr'><strong>ξς.</strong></span> 
     </span>
    </p>
   </div>
   <div class='ocr_carea' id='block_1_7' title="bbox 0 160 55 2894">
    <p class='ocr_par' dir='ltr' id='par_1_12' title="bbox 0 160 55 2894">
     <span class='ocr_line' id='line_1_38' title="bbox 0 160 55 2894; baseline 0 0"><span class='ocrx_word' id='word_1_309' title='bbox 0 160 55 2894; x_wconf 95' lang='lat' dir='ltr'><strong> </strong></span> 
     </span>
    </p>
   </div>
   <div class='ocr_carea' id='block_1_8' title="bbox 226 2922 1520 2966">
    <p class='ocr_par' dir='ltr' id='par_1_13' title="bbox 226 2922 1520 2966">
     <span class='ocr_line' id='line_1_39' title="bbox 226 2922 1520 2966; baseline 0.004 -15"><span class='ocrx_word' id='word_1_310' title='bbox 226 2931 352 2952; x_wconf 71' lang='lat' dir='ltr'><strong>mnu</strong></span> <span class='ocrx_word' id='word_1_311' title='bbox 878 2928 910 2955; x_wconf 74' lang='grc' dir='ltr'><strong><em>Κ</em></strong></span> <span class='ocrx_word' id='word_1_312' title='bbox 1475 2922 1520 2966; x_wconf 79' lang='grc'><strong>65</strong></span> 
     </span>
    </p>
   </div>
  </div>
 </body>
</html>
