1988 3250
271 214 393 256 ⁷51³

354 946 385 987 b

348 1917 375 1948 0

735 201 997 247 IOANNIS
1036 199 1551 246 SARESBERIENSIS
1649 198 1761 260 [ΜΒ.
1777 210 1872 244 v111

406 326 588 381 propter
635 323 1007 381 dispensationem
1055 322 1212 365 domus
1259 323 1306 364 et
1353 320 1580 379 languoris
1619 320 1780 364 solatia
1822 324 1870 365 et

405 393 561 451 fugam
581 393 834 436 solitudinis
853 392 1078 435 ducuntur
1097 405 1269 442 uxores,
1288 390 1432 433 multo
1455 390 1613 434 melius
1639 391 1868 449 dispensat

404 478 560 507 seruus
586 463 740 514 fidelis,
760 462 968 506 obediens
991 460 1249 504 auctoritati
1277 460 1445 503 domini
1472 462 1520 504 et
1547 460 1866 518 dispensationi

405 533 501 576 eius
538 533 856 590 obtemperans,
896 546 1030 588 quam
1068 544 1194 581 uxor,
1237 543 1350 586 quae
1398 530 1446 572 in
1495 545 1546 574 eo
1594 545 1641 574 se
1689 531 1870 576 estimat

404 602 629 646 dominam
657 603 695 645 si
725 602 937 644 aduersus
963 600 1052 643 uiri
1081 599 1237 643 fecerit
1266 598 1555 651 uoluntatem,
1575 600 1622 643 id
1651 604 1719 644 est
1748 601 1866 658 quod
1887 606 1906 642 5

401 671 559 730 placet,
578 686 667 715 non
686 671 805 729 quod
825 671 1014 713 iubetur.
1072 669 1279 712 Assidere
1299 671 1449 712 autem
1475 670 1697 727 egrotanti
1723 671 1867 728 magis

401 743 588 799 possunt
606 741 736 785 amici
756 744 802 784 et
820 740 1032 783 uernulae
1051 738 1274 782 benefieiis
1293 738 1480 796 obligati
1501 754 1634 796 quam
1654 740 1732 784 illa
1752 756 1865 798 quae

402 808 529 851 nobis
569 808 760 865 imputet
797 806 1001 850 lacrimas
1039 819 1142 849 suas
1188 808 1234 848 et
1282 805 1545 849 hereditatis
1582 821 1659 864 spe
1697 808 1866 853 uendat

399 876 601 920 illuuiem
650 880 696 920 et
744 875 1085 920 sollicitudinem
1135 875 1305 918 iactans
1359 875 1613 933 languentis
1666 877 1866 922 animum

402 946 707 1003 desperatione
733 945 980 989 conturbet.
1041 943 1170 997 Quod
1197 944 1234 987 si
1262 943 1498 1002 languerit,
1519 946 1864 1003 coegrotandum
1885 957 1928 987 ιο

401 1018 469 1059 est
488 1018 534 1058 et
559 1029 802 1071 numquam
822 1014 879 1056 ab
899 1013 993 1057 eius
1013 1012 1175 1057 lectulo
1194 1013 1499 1058 recedendum.
1556 1013 1665 1067 Aut,
1686 1015 1724 1058 si
1748 1015 1866 1060 bona

399 1083 538 1127 fuerit
576 1086 623 1126 et
660 1082 812 1126 suauis
851 1096 977 1134 uxor,
1017 1096 1131 1139 quae
1175 1084 1326 1124 tamen
1366 1097 1469 1125 rara
1508 1083 1606 1126 auis
1644 1085 1723 1135 est,
1762 1098 1864 1128 cum

396 1153 673 1211 parturiente
693 1152 921 1210 gemimus,
941 1165 1041 1195 cum
1061 1151 1342 1208 periclitante
1362 1154 1632 1209 torquemur.
1673 1153 1860 1212 Sapiens

397 1225 546 1265 autem
576 1235 819 1278 numquam
848 1220 967 1263 solus
996 1234 1089 1263 esse
1128 1222 1286 1277 potest.
1346 1221 1497 1264 Habet
1531 1236 1678 1265 secum
1709 1237 1861 1268 omnes

397 1290 475 1347 qui
495 1293 601 1334 sunt
620 1290 783 1347 quique
803 1303 1014 1346 umquam
1035 1288 1220 1332 fuerunt
1249 1289 1366 1341 boni,
1386 1293 1432 1333 et
1452 1290 1652 1334 animum
1671 1291 1860 1337 liberum
1881 1301 1924 1338 15

396 1374 671 1417 quocumque
719 1360 820 1403 uult
867 1357 1095 1402 transfert.
1176 1358 1305 1412 Quod
1353 1373 1534 1416 corpore
1572 1375 1663 1403 non
1701 1364 1861 1418 potest,

394 1428 662 1486 cogitatione
701 1428 1029 1485 complectitur3
1069 1430 1126 1478 et,
1164 1427 1202 1471 si
1243 1427 1475 1471 hominum
1515 1428 1667 1486 inopia
1706 1429 1856 1483 fuerit,

393 1496 601 1554 loquetur
620 1512 720 1541 cum
741 1497 846 1541 Deo.
905 1497 1162 1554 Numquam
1181 1496 1329 1539 minus
1349 1497 1468 1540 solus
1488 1498 1574 1540 erit
1600 1513 1734 1555 quam
1757 1513 1860 1543 cum

393 1565 513 1610 solus
532 1566 682 1611 fuerit.
742 1567 877 1610 Porro
896 1566 1135 1610 liberorum
1155 1580 1288 1610 causa
1309 1580 1494 1610 uxorem
1515 1567 1686 1619 ducere,
1705 1571 1759 1612 ut
1783 1569 1857 1613 uel

391 1650 552 1679 nomen
601 1639 802 1679 nostrum
848 1650 939 1679 non
987 1636 1179 1679 intereat
1227 1635 1299 1679 uel
1348 1636 1589 1680 habeamus
1637 1637 1858 1694 praesidia
1877 1652 1921 1685 ιο

388 1706 628 1748 senectutis
657 1709 703 1748 et
732 1705 863 1749 certis
898 1709 1080 1748 utamur
1112 1705 1362 1756 heredibus,
1394 1705 1731 1750 stolidissimum
1771 1710 1852 1753 est.

390 1773 509 1827 Quid
537 1774 654 1817 enim
675 1774 731 1817 ad
757 1789 837 1818 nos
863 1774 1058 1832 pertinet
1085 1773 1336 1818 recedentes
1363 1789 1387 1817 e
1413 1774 1580 1818 mundo
1609 1774 1647 1818 si
1676 1776 1856 1820 nomine

388 1847 542 1886 nostro
570 1843 685 1887 alius
714 1858 804 1887 non
834 1847 1029 1895 uocetur,
1049 1857 1150 1887 cum
1180 1846 1227 1886 et
1257 1842 1377 1886 filius
1407 1858 1497 1886 non
1528 1843 1682 1887 statim
1713 1845 1856 1902 patris

390 1912 654 1956 uocabulum
694 1912 861 1956 referat
898 1916 944 1956 et
975 1912 1318 1956 innumerabiles
1347 1912 1438 1956 sint
1468 1912 1544 1970 qui
1575 1914 1856 1971 appellentur

389 1982 541 2027 eodem
562 1983 768 2028 nomine?
827 1982 923 2026 Aut
949 1996 1061 2039 quae
1081 1982 1320 2025 senectutis
1340 1982 1509 2025 auxilia
1534 1983 1706 2027 nutrire
1733 1984 1853 2028 domi
1873 1997 1916 2033 οε

389 2052 466 2109 qui
487 2055 567 2095 aut
593 2052 714 2109 prior
733 2055 778 2095 te
799 2051 916 2095 forte
935 2051 1153 2094 moriatur
1179 2054 1261 2094 aut
1287 2051 1630 2109 peruersissimis
1657 2053 1855 2098 moribus

388 2121 450 2165 sit
478 2125 559 2164 aut
589 2124 719 2172 certe,
754 2135 854 2165 cum
895 2120 952 2163 ad
984 2124 1205 2164 maturam
1237 2124 1402 2164 etatem
1434 2122 1621 2174 uenerit,
1654 2123 1782 2166 tarde
1813 2123 1856 2168 ei

388 2190 581 2234 uidearis
600 2190 742 2235 moriz
801 2189 997 2233 Heredes
1024 2193 1175 2233 autem
1202 2190 1405 2234 meliores
1435 2193 1481 2234 et
1509 2191 1717 2236 certiores
1745 2195 1854 2237 sunt

386 2259 518 2303 amici
553 2263 598 2303 et
632 2259 881 2317 propinqui,
911 2274 1021 2317 quos
1052 2259 1215 2303 iudicio
1247 2259 1396 2317 eligas,
1429 2274 1562 2317 quam
1599 2275 1708 2318 quos
1739 2261 1852 2306 uelis

387 2329 502 2373 nolis
550 2329 712 2372 habere
760 2328 943 2386 cogaris.
1021 2328 1145 2372 Licet
1193 2332 1314 2373 certa
1362 2329 1585 2373 hereditas
1633 2329 1705 2382 sit,
1744 2330 1852 2375 dum
1870 2347 1914 2382 30

385 2397 575 2449 aduiuis,
595 2398 705 2442 bene
732 2398 800 2441 uti
828 2397 1081 2441 substantia
1107 2400 1187 2441 tua
1212 2412 1346 2455 quam
1374 2401 1453 2441 tuo
1480 2398 1629 2442 labore
1649 2399 1852 2457 quaesita

385 2467 432 2510 in
472 2467 662 2511 incertos
702 2481 808 2511 usus
847 2467 1107 2524 relinquere.
1167 2467 1290 2511 Haec
1329 2470 1375 2511 et
1414 2467 1666 2512 huiusmodi
1706 2468 1850 2513 Theo-

383 2536 594 2594 phrastus
652 2550 765 2593 quae
824 2536 895 2580 uel
944 2536 1039 2580 sola
1092 2537 1475 2581 matrimoniorum
1525 2537 1756 2596 angustias
1804 2542 1852 2584 et

383 2612 848 2679 monebam.
866 2643 954 2670 suae
972 2631 1011 2669 M
1177 2642 1222 2679 24
1247 2633 1462 2680 apellentur
1479 2632 1567 2671 GBS
1725 2645 1785 2683 32,
1802 2645 1848 2684 33

382 2678 616 2717 theob-antu·
634 2679 796 2716 CBASM

433 2761 475 2798 18
500 2761 706 2807 Numquam
730 2762 824 2797 etc.
858 2760 905 2797 cf.
932 2759 1008 2798 Cic.
1033 2762 1077 2797 aa
1103 2760 1172 2809 Off.
1198 2760 1253 2798 iii.
1282 2771 1296 2798 1
1327 2761 1345 2809 ξ
1377 2772 1406 2808 ι,
1431 2764 1475 2799 de
1498 2764 1632 2809 Repub.
1656 2761 1682 2801 i.
1710 2771 1764 2809 17.
1790 2771 1847 2809 27.

381 2816 424 2854 25
452 2774 618 2844 aaziae?
640 2813 727 2844 nune
752 2787 837 2845 add.
865 2808 1020 2846 Hieron.
1071 2810 1232 2845 nutrire:
1259 2812 1418 2846 enutrire
1444 2809 1598 2848 Hieron.
1798 2820 1848 2859 30

379 2860 497 2894 urta:
522 2857 655 2893 certior
668 2854 824 2894 Hieron.
966 2866 1009 2904 ³¹
1037 2858 1113 2893 uti:
1138 2857 1242 2894 abuti
1267 2856 1423 2895 Hieron.

493 2912 557 2955 ²9⁸
