1988 3250
254 216 343 264 603
362 224 388 255 c
732 214 994 259 IOANNIS
1034 214 1552 258 SARESBERIENSIS
1697 213 1810 276 [mn.
1825 226 1876 259 vt

404 334 482 391 qui
512 334 652 379 molas
681 337 727 378 et
753 334 884 378 funes
914 334 1110 387 ferrent3
1144 335 1192 377 in
1219 334 1363 377 estiua
1390 334 1658 378 exeuntibus
1688 335 1878 393 triginta

405 404 579 447 dierum
619 404 813 448 farinam
852 404 963 447 collo
1002 404 1172 461 portari
1213 404 1462 460 imperauit.
1529 403 1668 448 Gaius
1708 405 1878 448 Marius

405 473 740 517 recidendorum
791 474 1209 531 impedimentorum
1260 474 1420 531 gratia,
1471 473 1633 530 quibus
1684 475 1879 517 maxime

406 543 628 587 exercitus
655 558 814 601 agmen
834 546 1056 594 oneratur,
1080 558 1188 586 uasa
1215 546 1261 586 et
1290 543 1458 586 cibaria
1485 543 1642 586 militis
1670 543 1718 586 in
1749 543 1879 587 fasci-

406 612 528 656 culos
548 615 703 670 aptata
723 612 861 656 furcis
882 612 1149 670 praeposuit,
1168 613 1252 655 sub
1272 612 1433 669 quibus
1461 615 1507 655 et
1530 612 1677 656 habile
1698 627 1810 656 onus
1834 615 1881 656 et
1899 629 1919 664 5

407 680 553 724 facilis
582 682 756 739 requies
786 685 926 734 esset3
961 682 1079 725 unde
1109 682 1397 739 prouerbium
1427 685 1586 725 natum
1615 685 1706 726 est:
1746 681 1881 725 Multi

406 751 572 794 milites
593 751 796 794 Mariani.

466 819 682 864 Lisander
706 820 1050 864 Lacedemonius
1080 835 1305 879 egressum
1334 821 1412 864 uia
1441 820 1663 878 quendam
1693 820 1881 879 castiga-

407 884 498 934 bat.
558 889 644 934 Oui
684 890 849 933 dicenti
889 889 945 932 ad
985 889 1153 934 nullius
1193 891 1257 934 rei
1297 890 1501 948 rapinam
1536 905 1583 934 se
1614 890 1672 933 ab
1706 890 1882 948 agmine

409 959 638 1003 recessisse
663 959 914 1017 respondit:
954 959 1025 1002 Ne
1051 959 1240 1017 speciem
1267 960 1446 1017 quidem
1470 959 1644 1017 rapturi
1670 959 1883 1017 praebeas
1902 975 1944 1000 ιο

367 1033 398 1075 d
412 1029 526 1074 uolo.
585 1029 769 1072 Publius
812 1028 976 1072 Nasica
1009 1029 1058 1071 in
1097 1029 1322 1086 hybernis,
1354 1029 1560 1086 quamuis
1590 1029 1742 1073 classis
1775 1043 1884 1072 usus

411 1113 502 1142 non
541 1101 657 1141 esset
694 1097 976 1149 necessarius,
1006 1113 1062 1141 ne
1091 1101 1243 1142 tamen
1275 1099 1402 1141 miles
1430 1098 1601 1142 desidia
1631 1112 1884 1155 corrumpe-

410 1171 536 1212 retur
563 1170 643 1211 aut
670 1182 751 1225 per
776 1167 1001 1211 licentiam
1024 1167 1106 1211 otii
1132 1168 1261 1212 sociis
1288 1167 1477 1211 inferret
1504 1167 1727 1221 iniuriam,
1747 1181 1885 1211 naues

410 1237 615 1281 edificare
635 1236 847 1280 instituit.

470 1306 595 1350 Idem
616 1320 790 1363 quoque
812 1305 1055 1349 Frontinus
1074 1306 1193 1349 inter
1218 1306 1363 1349 multa
1388 1305 1664 1350 constantiae
1691 1305 1886 1364 insignia
1904 1321 1944 1356 15

412 1375 552 1419 refert
572 1375 690 1432 quod
711 1374 919 1419 Cassilini
944 1375 1173 1419 obsidente
1204 1375 1458 1418 Hannibale
1487 1378 1661 1419 tantam
1689 1375 1886 1432 inopiam

411 1445 608 1503 perpessi
628 1448 735 1488 sunt
755 1447 808 1488 ut
827 1459 999 1488 murem
1019 1445 1210 1489 ueniisse
1229 1449 1408 1489 centum
1435 1445 1629 1488 denariis
1649 1444 1886 1488 memoriae

412 1515 641 1573 proditum
670 1514 731 1558 sit
761 1514 942 1571 eiusque
971 1514 1249 1558 uenditorem
1279 1514 1399 1558 fame
1428 1515 1621 1572 periisse,
1642 1517 1887 1572 emptorem

413 1588 566 1629 autem
585 1584 753 1628 uixisse
773 1587 819 1627 et
838 1584 886 1626 in
907 1587 1036 1628 tanta
1055 1585 1264 1643 angustia
1284 1585 1417 1628 fidem
1441 1599 1640 1628 seruasse
1661 1583 1886 1628 Romanis.

416 1653 597 1697 Petilini
621 1668 649 1696 a
669 1653 799 1697 Penis
819 1653 983 1697 obsessi
1004 1657 1210 1711 parentes
1230 1657 1276 1697 et
1294 1654 1456 1697 liberos
1482 1657 1664 1711 propter
1690 1653 1886 1711 inopiam
1906 1669 1950 1695 πο

415 1724 652 1775 eiecerunt,
683 1723 769 1781 ipsi
803 1723 934 1767 coriis
964 1723 1226 1767 madefactis
1255 1727 1304 1767 et
1338 1723 1440 1781 igne
1475 1723 1649 1767 siccatis
1680 1722 1888 1780 foliisque

417 1794 627 1837 arborum
657 1795 703 1836 et
734 1792 855 1836 omni
886 1807 1047 1851 genere
1081 1792 1341 1836 animalium
1375 1793 1518 1836 uitam
1547 1793 1777 1836 trahentes
1806 1807 1888 1835 un-

263 1866 352 1913 604
372 1874 403 1904 a
417 1862 559 1906 decim
580 1877 751 1906 menses
769 1862 1043 1906 obsidionem
1063 1862 1379 1906 tolerauerunt.
1438 1862 1629 1919 Hispani
1646 1862 1890 1905 Fabrenses

417 1932 569 1977 omnia
593 1932 746 1975 eadem
773 1932 968 1989 perpessi
998 1934 1104 1975 sunt
1131 1947 1212 1976 nec
1238 1935 1388 1976 tamen
1412 1932 1624 1990 oppidum
1653 1931 1890 1976 Herculeio

417 2002 712 2046 tradiderunt.
772 2000 946 2045 Cizium
966 2016 1067 2046 cum
1093 2004 1373 2060 oppugnaret
1397 2001 1669 2053 Metridates,
1688 2001 1890 2059 captiuos
1909 2020 1950 2055 ²5

417 2072 514 2116 eius
534 2071 658 2114 urbis
677 2070 892 2128 produxit
911 2070 1192 2128 ostenditque
1212 2071 1410 2122 obsessis,
1423 2071 1669 2114 arbitratus
1684 2070 1890 2114 futurum

418 2146 471 2185 ut
491 2141 774 2184 miseratione
794 2155 974 2183 suorum
995 2140 1052 2184 ad
1072 2140 1342 2184 deditionem
1362 2140 1643 2199 compelleret
1665 2140 1890 2198 opidanos.

422 2254 464 2290 17
491 2244 637 2282 uenisse
656 2244 695 2280 M
809 2254 866 2287 22,
884 2254 930 2290 23
956 2242 1007 2281 xi.
1026 2243 1066 2279 M
1186 2254 1232 2289 24
1257 2244 1413 2291 opidum
1428 2244 1462 2280 A
1580 2252 1624 2291 23
1651 2243 1891 2291 obpugnaret

419 2293 448 2331 C
546 2291 757 2328 mitridates
774 2291 807 2327 A
948 2301 992 2337 27
1019 2291 1231 2339 oppidanos
1247 2292 1280 2328 A

469 2397 490 2423 2
518 2387 637 2422 Gaius
654 2387 798 2421 Marius
814 2387 885 2422 etc.
902 2394 913 2421 t
939 2383 1112 2422 Frontin.
1129 2386 1279 2430 Stmteq.
1296 2383 1344 2421 iv.
1365 2394 1380 2421 1
1403 2383 1421 2431 §
1441 2393 1473 2429 7.
1628 2384 1652 2421 6
1676 2385 1789 2420 Mults·
1800 2396 1810 2421 :
1837 2382 1891 2422 sic

421 2434 507 2481 (pro
524 2435 630 2471 muli)
649 2435 689 2470 et
715 2432 867 2469 Ioannis
884 2434 923 2470 et
942 2435 999 2474 (ut
1016 2434 1180 2470 testatur
1195 2431 1531 2476 Gundermannus)
1549 2430 1725 2468 Frontini
1742 2430 1893 2469 codices

420 2481 557 2528 optimi
573 2493 582 2523 ς
607 2481 654 2518 de
673 2482 781 2517 mulie
796 2481 981 2516 Marianis
997 2479 1046 2516 cf.
1066 2479 1169 2516 Paul.
1189 2479 1296 2516 Diac.
1314 2491 1377 2527 ap.
1396 2480 1496 2516 Fest.
1514 2479 1572 2516 ed.
1590 2479 1763 2516 Mueller.
1781 2491 1820 2526 p.
1834 2489 1893 2525 24.

421 2540 454 2566 2.
473 2531 512 2566 et
531 2541 566 2575 p.
590 2531 666 2573 148.
685 2529 720 2565 6.
828 2530 849 2564 8
875 2529 1058 2564 Lisander
1073 2530 1171 2564 etc-2
1199 2526 1369 2564 Frontin.
1388 2529 1538 2573 Strutey.
1557 2526 1605 2562 iv.
1630 2537 1642 2563 1
1666 2525 1683 2573 §
1704 2537 1737 2572 9.
1850 2537 1888 2564 11

421 2578 574 2613 nahum
598 2579 670 2612 etc.
687 2586 696 2611 ε
734 2574 905 2611 Frontin.
931 2576 1078 2621 Semeeq.
1104 2574 1152 2612 iv.
1181 2584 1194 2611 1
1226 2574 1244 2621 ξ
1276 2585 1287 2611 1
1297 2583 1328 2621 ς.
1523 2575 1565 2611 16
1596 2575 1772 2611 Cassiani
1795 2576 1892 2612 etc.:

422 2623 594 2660 Frontin.
614 2625 763 2668 Stratey.
782 2624 830 2658 iv.
851 2631 867 2668 5
890 2621 908 2669 ξ
928 2632 984 2658 20.
1085 2631 1127 2668 19
1152 2627 1184 2658 et
1200 2623 1241 2658 in
1259 2627 1362 2658 tanta
1375 2623 1468 2658 etc.:
1487 2623 1603 2666 fldem
1615 2627 1735 2657 tamen
1748 2633 1895 2659 seruare

422 2673 598 2708 Romania
609 2675 935 2717 perseuerauerunt
953 2668 1168 2706 Frontinus.
1359 2679 1408 2705 20
1432 2670 1582 2705 Pafum·
1598 2671 1668 2706 etc.
1686 2681 1694 2705 :
1722 2669 1894 2706 Frontin-

420 2720 575 2763 Strateq.
594 2717 640 2755 iv.
658 2727 675 2764 5
696 2717 737 2772 §§
762 2720 813 2759 18.
838 2727 890 2760 19.
1097 2728 1141 2763 23
1168 2717 1391 2753 Fabrenm:
1419 2716 1466 2753 de
1483 2716 1648 2754 lectione
1666 2729 1700 2753 v.
1719 2716 1894 2754 Gunder-

422 2765 556 2802 manni
574 2777 623 2812 ap
654 2793 660 2800 .
677 2767 760 2801 crit.
780 2765 818 2801 in
838 2763 1014 2801 Frontini
1031 2763 1197 2801 editione
1214 2763 1488 2801 Teubneriana.
1614 2774 1659 2809 24
1676 2765 1893 2801 Herculeio:

422 2815 607 2850 Hirtuleio
642 2812 798 2849 *rontim
895 2821 936 2858 25
969 2813 1111 2848 Cizium
1128 2814 1201 2850 etc.
1217 2825 1224 2850 :
1252 2811 1422 2849 Frontin.
1437 2814 1589 2858 Strateq.
1606 2811 1653 2848 iv.
1670 2820 1687 2859 5
1706 2811 1748 2860 ἕξ
1765 2822 1894 2859 21-23.

426 2862 569 2899 Citium
585 2873 593 2897 :
622 2862 789 2908 Cyzicum
807 2859 976 2897 Frontin.
