<?xml version="1.0" encoding="UTF-8"?>
<!DOCTYPE html PUBLIC "-//W3C//DTD XHTML 1.0 Transitional//EN"
    "http://www.w3.org/TR/xhtml1/DTD/xhtml1-transitional.dtd">
<html xmlns="http://www.w3.org/1999/xhtml" xml:lang="en" lang="en">
 <head>
  <title>
</title>
<meta http-equiv="Content-Type" content="text/html;charset=utf-8" />
  <meta name='ocr-system' content='tesseract 3.04.00' />
  <meta name='ocr-capabilities' content='ocr_page ocr_carea ocr_par ocr_line ocrx_word'/>
</head>
<body>
  <div class='ocr_page' id='page_1' title='image "./policraticisived02john_0347.png"; bbox 0 0 1988 3250; ppageno 0'>
   <div class='ocr_carea' id='block_1_1' title="bbox 163 239 1769 306">
    <p class='ocr_par' dir='ltr' id='par_1_1' title="bbox 163 239 1769 306">
     <span class='ocr_line' id='line_1_1' title="bbox 163 239 1769 306; baseline -0.005 -14"><span class='ocrx_word' id='word_1_1' title='bbox 163 255 263 295; x_wconf 62' lang='lat' dir='ltr'><strong>oar.</strong></span> <span class='ocrx_word' id='word_1_2' title='bbox 278 239 380 306; x_wconf 71' lang='grc' dir='ltr'><strong>ΧΠ]</strong></span> <span class='ocrx_word' id='word_1_3' title='bbox 681 245 1118 291; x_wconf 88' lang='lat' dir='ltr'>POLICRATICVS</span> <span class='ocrx_word' id='word_1_4' title='bbox 1643 255 1720 297; x_wconf 78' lang='lat'><strong>⁷⁷²</strong></span> <span class='ocrx_word' id='word_1_5' title='bbox 1739 251 1769 285; x_wconf 80' lang='lat' dir='ltr'><strong>a</strong></span> 
     </span>
    </p>
   </div>
   <div class='ocr_carea' id='block_1_2' title="bbox 162 363 1672 562">
    <p class='ocr_par' dir='ltr' id='par_1_2' title="bbox 162 363 1672 562">
     <span class='ocr_line' id='line_1_2' title="bbox 162 363 1624 425; baseline -0.001 -15"><span class='ocrx_word' id='word_1_6' title='bbox 162 381 302 425; x_wconf 84' lang='lat' dir='ltr'><strong>pauca</strong></span> <span class='ocrx_word' id='word_1_7' title='bbox 332 365 558 418; x_wconf 78' lang='lat' dir='ltr'><strong>subiciam,</strong></span> <span class='ocrx_word' id='word_1_8' title='bbox 590 379 777 422; x_wconf 90' lang='lat' dir='ltr'><strong>quorum</strong></span> <span class='ocrx_word' id='word_1_9' title='bbox 812 363 883 407; x_wconf 90' lang='lat' dir='ltr'><strong>uel</strong></span> <span class='ocrx_word' id='word_1_10' title='bbox 918 364 1150 407; x_wconf 90' lang='lat' dir='ltr'><strong>minimum</strong></span> <span class='ocrx_word' id='word_1_11' title='bbox 1184 364 1348 408; x_wconf 80' lang='lat' dir='ltr'><strong>dixisse</strong></span> <span class='ocrx_word' id='word_1_12' title='bbox 1379 365 1523 408; x_wconf 85' lang='lat' dir='ltr'><strong>maius</strong></span> <span class='ocrx_word' id='word_1_13' title='bbox 1557 369 1624 409; x_wconf 89' lang='lat' dir='ltr'><strong>est</strong></span> 
     </span>
     <span class='ocr_line' id='line_1_3' title="bbox 163 432 1622 491; baseline -0.002 -11"><span class='ocrx_word' id='word_1_14' title='bbox 163 439 209 480; x_wconf 87' lang='lat' dir='ltr'><strong>et</strong></span> <span class='ocrx_word' id='word_1_15' title='bbox 240 434 510 478; x_wconf 73' lang='lat' dir='ltr'><strong>fructuosius</strong></span> <span class='ocrx_word' id='word_1_16' title='bbox 543 433 601 476; x_wconf 89' lang='lat' dir='ltr'><strong>ad</strong></span> <span class='ocrx_word' id='word_1_17' title='bbox 631 433 819 491; x_wconf 86' lang='lat' dir='ltr'><strong>gloriam</strong></span> <span class='ocrx_word' id='word_1_18' title='bbox 849 447 982 490; x_wconf 91' lang='lat' dir='ltr'><strong>quam</strong></span> <span class='ocrx_word' id='word_1_19' title='bbox 1013 432 1167 476; x_wconf 86' lang='lat' dir='ltr'><strong>fecisse</strong></span> <span class='ocrx_word' id='word_1_20' title='bbox 1197 434 1315 490; x_wconf 89' lang='lat' dir='ltr'><strong>quod</strong></span> <span class='ocrx_word' id='word_1_21' title='bbox 1345 433 1517 477; x_wconf 78' lang='lat' dir='ltr'><strong>faciunt</strong></span> <span class='ocrx_word' id='word_1_22' title='bbox 1547 435 1622 491; x_wconf 89' lang='lat' dir='ltr'><strong>qui</strong></span> 
     </span>
     <span class='ocr_line' id='line_1_4' title="bbox 163 501 1672 562; baseline 0 -14"><span class='ocrx_word' id='word_1_23' title='bbox 163 504 328 562; x_wconf 86' lang='lat' dir='ltr'><strong>seipsos</strong></span> <span class='ocrx_word' id='word_1_24' title='bbox 348 503 596 546; x_wconf 88' lang='lat' dir='ltr'><strong>euiscerant</strong></span> <span class='ocrx_word' id='word_1_25' title='bbox 614 502 671 546; x_wconf 90' lang='lat' dir='ltr'><strong>ob</strong></span> <span class='ocrx_word' id='word_1_26' title='bbox 691 501 869 544; x_wconf 89' lang='lat' dir='ltr'><strong>inanem</strong></span> <span class='ocrx_word' id='word_1_27' title='bbox 889 501 1035 544; x_wconf 87' lang='lat' dir='ltr'><strong>laudis</strong></span> <span class='ocrx_word' id='word_1_28' title='bbox 1054 516 1261 545; x_wconf 90' lang='lat' dir='ltr'><strong>amorem.</strong></span> <span class='ocrx_word' id='word_1_29' title='bbox 1321 502 1401 545; x_wconf 81' lang='lat' dir='ltr'><strong>Ait</strong></span> <span class='ocrx_word' id='word_1_30' title='bbox 1421 517 1549 560; x_wconf 88' lang='lat' dir='ltr'><strong>ergo:</strong></span> <span class='ocrx_word' id='word_1_31' title='bbox 1643 510 1672 548; x_wconf 90' lang='lat' dir='ltr'><strong>b</strong></span> 
     </span>
    </p>
   </div>
   <div class='ocr_carea' id='block_1_3' title="bbox 105 593 1622 1406">
    <p class='ocr_par' dir='ltr' id='par_1_3' title="bbox 105 593 1622 1406">
     <span class='ocr_line' id='line_1_5' title="bbox 221 593 1295 651; baseline -0.003 -13"><span class='ocrx_word' id='word_1_32' title='bbox 221 594 488 638; x_wconf 87' lang='lat' dir='ltr'><strong>Beneficium</strong></span> <span class='ocrx_word' id='word_1_33' title='bbox 517 594 686 651; x_wconf 83' lang='lat' dir='ltr'><strong>accepit</strong></span> <span class='ocrx_word' id='word_1_34' title='bbox 714 593 860 636; x_wconf 89' lang='lat' dir='ltr'><strong>dando</strong></span> <span class='ocrx_word' id='word_1_35' title='bbox 889 593 966 650; x_wconf 90' lang='lat' dir='ltr'><strong>qui</strong></span> <span class='ocrx_word' id='word_1_36' title='bbox 996 593 1132 650; x_wconf 91' lang='lat' dir='ltr'><strong>digno</strong></span> <span class='ocrx_word' id='word_1_37' title='bbox 1161 593 1295 636; x_wconf 90' lang='lat' dir='ltr'><strong>dedit.</strong></span> 
     </span>
     <span class='ocr_line' id='line_1_6' title="bbox 125 651 1322 709; baseline -0.003 -13"><span class='ocrx_word' id='word_1_38' title='bbox 125 661 144 695; x_wconf 80' lang='lat'>5</span> <span class='ocrx_word' id='word_1_39' title='bbox 222 653 367 703; x_wconf 85' lang='lat' dir='ltr'><strong>Feras,</strong></span> <span class='ocrx_word' id='word_1_40' title='bbox 395 667 485 696; x_wconf 91' lang='lat' dir='ltr'><strong>non</strong></span> <span class='ocrx_word' id='word_1_41' title='bbox 513 652 675 709; x_wconf 87' lang='lat' dir='ltr'><strong>culpes,</strong></span> <span class='ocrx_word' id='word_1_42' title='bbox 705 652 823 709; x_wconf 87' lang='lat' dir='ltr'><strong>quod</strong></span> <span class='ocrx_word' id='word_1_43' title='bbox 851 651 1016 694; x_wconf 87' lang='lat' dir='ltr'><strong>mutari</strong></span> <span class='ocrx_word' id='word_1_44' title='bbox 1046 665 1135 694; x_wconf 90' lang='lat' dir='ltr'><strong>non</strong></span> <span class='ocrx_word' id='word_1_45' title='bbox 1222 654 1322 694; x_wconf 88' lang='lat' dir='ltr'><strong>test.</strong></span> 
     </span>
     <span class='ocr_line' id='line_1_7' title="bbox 222 708 1509 778; baseline -0.002 -23"><span class='ocrx_word' id='word_1_46' title='bbox 222 710 307 755; x_wconf 87' lang='lat' dir='ltr'><strong>Cui</strong></span> <span class='ocrx_word' id='word_1_47' title='bbox 336 710 436 768; x_wconf 87' lang='lat' dir='ltr'><strong>plus</strong></span> <span class='ocrx_word' id='word_1_48' title='bbox 464 710 568 754; x_wconf 92' lang='lat' dir='ltr'><strong>licet</strong></span> <span class='ocrx_word' id='word_1_49' title='bbox 596 725 728 767; x_wconf 89' lang='lat' dir='ltr'><strong>quam</strong></span> <span class='ocrx_word' id='word_1_50' title='bbox 757 724 839 778; x_wconf 87' lang='lat' dir='ltr'><strong>par</strong></span> <span class='ocrx_word' id='word_1_51' title='bbox 868 713 946 760; x_wconf 88' lang='lat' dir='ltr'><strong>est,</strong></span> <span class='ocrx_word' id='word_1_52' title='bbox 975 709 1075 766; x_wconf 89' lang='lat' dir='ltr'><strong>plus</strong></span> <span class='ocrx_word' id='word_1_53' title='bbox 1104 723 1165 752; x_wconf 90' lang='lat' dir='ltr'><strong>uu</strong></span> <span class='ocrx_word' id='word_1_54' title='bbox 1184 712 1205 752; x_wconf 86' lang='lat' dir='ltr'><strong>t</strong></span> <span class='ocrx_word' id='word_1_55' title='bbox 1233 723 1366 766; x_wconf 92' lang='lat' dir='ltr'><strong>quam</strong></span> <span class='ocrx_word' id='word_1_56' title='bbox 1395 708 1509 752; x_wconf 86' lang='lat' dir='ltr'><strong>licet.</strong></span> 
     </span>
     <span class='ocr_line' id='line_1_8' title="bbox 222 767 1256 826; baseline -0.003 -13"><span class='ocrx_word' id='word_1_57' title='bbox 222 768 380 813; x_wconf 88' lang='lat' dir='ltr'><strong>Comes</strong></span> <span class='ocrx_word' id='word_1_58' title='bbox 408 768 626 812; x_wconf 86' lang='lat' dir='ltr'><strong>facundus</strong></span> <span class='ocrx_word' id='word_1_59' title='bbox 654 769 702 811; x_wconf 92' lang='lat' dir='ltr'><strong>in</strong></span> <span class='ocrx_word' id='word_1_60' title='bbox 731 783 807 811; x_wconf 82' lang='lat' dir='ltr'><strong>ula</strong></span> <span class='ocrx_word' id='word_1_61' title='bbox 835 782 915 826; x_wconf 88' lang='lat' dir='ltr'><strong>pro</strong></span> <span class='ocrx_word' id='word_1_62' title='bbox 944 767 1148 810; x_wconf 90' lang='lat' dir='ltr'><strong>uehiculo</strong></span> <span class='ocrx_word' id='word_1_63' title='bbox 1178 770 1256 810; x_wconf 86' lang='lat' dir='ltr'><strong>est.</strong></span> 
     </span>
     <span class='ocr_line' id='line_1_9' title="bbox 222 825 1139 884; baseline 0.001 -15"><span class='ocrx_word' id='word_1_64' title='bbox 222 827 474 884; x_wconf 86' lang='lat' dir='ltr'><strong>Frugalitas</strong></span> <span class='ocrx_word' id='word_1_65' title='bbox 503 827 570 870; x_wconf 89' lang='lat' dir='ltr'><strong>est</strong></span> <span class='ocrx_word' id='word_1_66' title='bbox 599 826 774 870; x_wconf 90' lang='lat' dir='ltr'><strong>miseria</strong></span> <span class='ocrx_word' id='word_1_67' title='bbox 803 826 992 868; x_wconf 88' lang='lat' dir='ltr'><strong>rumoris</strong></span> <span class='ocrx_word' id='word_1_68' title='bbox 1021 825 1139 870; x_wconf 90' lang='lat' dir='ltr'><strong>boni.</strong></span> 
     </span>
     <span class='ocr_line' id='line_1_10' title="bbox 220 883 1147 942; baseline -0.002 -14"><span class='ocrx_word' id='word_1_69' title='bbox 220 885 409 928; x_wconf 84' lang='lat' dir='ltr'><strong>Heredis</strong></span> <span class='ocrx_word' id='word_1_70' title='bbox 437 885 568 928; x_wconf 93' lang='lat' dir='ltr'><strong>fletus</strong></span> <span class='ocrx_word' id='word_1_71' title='bbox 597 885 680 928; x_wconf 89' lang='lat' dir='ltr'><strong>sub</strong></span> <span class='ocrx_word' id='word_1_72' title='bbox 707 899 894 942; x_wconf 88' lang='lat' dir='ltr'><strong>persona</strong></span> <span class='ocrx_word' id='word_1_73' title='bbox 922 883 1037 926; x_wconf 89' lang='lat' dir='ltr'><strong>risus</strong></span> <span class='ocrx_word' id='word_1_74' title='bbox 1068 887 1147 926; x_wconf 88' lang='lat' dir='ltr'><strong>est.</strong></span> 
     </span>
     <span class='ocr_line' id='line_1_11' title="bbox 105 942 1024 1000; baseline -0.001 -13"><span class='ocrx_word' id='word_1_75' title='bbox 105 949 146 974; x_wconf 81' lang='lat'><strong>10</strong></span> <span class='ocrx_word' id='word_1_76' title='bbox 221 943 363 986; x_wconf 86' lang='lat' dir='ltr'><strong>Furor</strong></span> <span class='ocrx_word' id='word_1_77' title='bbox 390 944 443 986; x_wconf 91' lang='lat' dir='ltr'><strong>fit</strong></span> <span class='ocrx_word' id='word_1_78' title='bbox 471 942 646 1000; x_wconf 88' lang='lat' dir='ltr'><strong>saepius</strong></span> <span class='ocrx_word' id='word_1_79' title='bbox 675 942 767 986; x_wconf 89' lang='lat' dir='ltr'><strong>lata</strong></span> <span class='ocrx_word' id='word_1_80' title='bbox 795 942 1024 1000; x_wconf 88' lang='lat' dir='ltr'><strong>patientia.</strong></span> 
     </span>
     <span class='ocr_line' id='line_1_12' title="bbox 220 997 1622 1058; baseline -0.001 -15"><span class='ocrx_word' id='word_1_81' title='bbox 220 1001 423 1058; x_wconf 78' lang='lat' dir='ltr'><strong>Improbe</strong></span> <span class='ocrx_word' id='word_1_82' title='bbox 443 1001 702 1058; x_wconf 78' lang='lat' dir='ltr'><strong>Neptunum</strong></span> <span class='ocrx_word' id='word_1_83' title='bbox 723 1003 900 1044; x_wconf 88' lang='lat' dir='ltr'><strong>accusat</strong></span> <span class='ocrx_word' id='word_1_84' title='bbox 919 1000 994 1057; x_wconf 91' lang='lat' dir='ltr'><strong>qui</strong></span> <span class='ocrx_word' id='word_1_85' title='bbox 1016 1000 1178 1042; x_wconf 90' lang='lat' dir='ltr'><strong>iterum</strong></span> <span class='ocrx_word' id='word_1_86' title='bbox 1199 998 1484 1057; x_wconf 78' lang='lat' dir='ltr'><strong>naufragium</strong></span> <span class='ocrx_word' id='word_1_87' title='bbox 1506 997 1622 1042; x_wconf 81' lang='lat' dir='ltr'><strong>fecit.</strong></span> 
     </span>
     <span class='ocr_line' id='line_1_13' title="bbox 219 1058 1161 1118; baseline -0.001 -17"><span class='ocrx_word' id='word_1_88' title='bbox 219 1058 420 1102; x_wconf 90' lang='lat' dir='ltr'><strong>Nimium</strong></span> <span class='ocrx_word' id='word_1_89' title='bbox 450 1059 702 1102; x_wconf 85' lang='lat' dir='ltr'><strong>altercando</strong></span> <span class='ocrx_word' id='word_1_90' title='bbox 731 1059 897 1101; x_wconf 87' lang='lat' dir='ltr'><strong>ueritas</strong></span> <span class='ocrx_word' id='word_1_91' title='bbox 925 1058 1161 1118; x_wconf 71' lang='lat' dir='ltr'><strong>amittitur.</strong></span> 
     </span>
     <span class='ocr_line' id='line_1_14' title="bbox 221 1116 1353 1174; baseline -0.001 -15"><span class='ocrx_word' id='word_1_92' title='bbox 221 1116 328 1160; x_wconf 87' lang='lat' dir='ltr'><strong>Pars</strong></span> <span class='ocrx_word' id='word_1_93' title='bbox 357 1117 555 1160; x_wconf 90' lang='lat' dir='ltr'><strong>beneficii</strong></span> <span class='ocrx_word' id='word_1_94' title='bbox 585 1119 652 1160; x_wconf 87' lang='lat' dir='ltr'><strong>est</strong></span> <span class='ocrx_word' id='word_1_95' title='bbox 681 1116 796 1174; x_wconf 91' lang='lat' dir='ltr'><strong>quod</strong></span> <span class='ocrx_word' id='word_1_96' title='bbox 826 1116 995 1174; x_wconf 89' lang='lat' dir='ltr'><strong>petitur</strong></span> <span class='ocrx_word' id='word_1_97' title='bbox 1024 1116 1062 1159; x_wconf 90' lang='lat' dir='ltr'><strong>si</strong></span> <span class='ocrx_word' id='word_1_98' title='bbox 1092 1116 1181 1159; x_wconf 90' lang='lat' dir='ltr'><strong>cito</strong></span> <span class='ocrx_word' id='word_1_99' title='bbox 1209 1130 1353 1173; x_wconf 86' lang='lat' dir='ltr'><strong>neges.</strong></span> 
     </span>
     <span class='ocr_line' id='line_1_15' title="bbox 222 1174 1495 1232; baseline -0.002 -14"><span class='ocrx_word' id='word_1_100' title='bbox 222 1174 296 1219; x_wconf 87' lang='lat' dir='ltr'><strong>Ita</strong></span> <span class='ocrx_word' id='word_1_101' title='bbox 325 1175 514 1218; x_wconf 88' lang='lat' dir='ltr'><strong>amicum</strong></span> <span class='ocrx_word' id='word_1_102' title='bbox 543 1175 705 1218; x_wconf 80' lang='lat' dir='ltr'><strong>habeas</strong></span> <span class='ocrx_word' id='word_1_103' title='bbox 734 1177 786 1218; x_wconf 91' lang='lat' dir='ltr'><strong>ut</strong></span> <span class='ocrx_word' id='word_1_104' title='bbox 815 1189 941 1232; x_wconf 88' lang='lat' dir='ltr'><strong>posse</strong></span> <span class='ocrx_word' id='word_1_105' title='bbox 971 1174 1198 1217; x_wconf 91' lang='lat' dir='ltr'><strong>inimicum</strong></span> <span class='ocrx_word' id='word_1_106' title='bbox 1229 1174 1325 1217; x_wconf 90' lang='lat' dir='ltr'><strong>fieri</strong></span> <span class='ocrx_word' id='word_1_107' title='bbox 1355 1176 1495 1231; x_wconf 87' lang='lat' dir='ltr'><strong>putes.</strong></span> 
     </span>
     <span class='ocr_line' id='line_1_16' title="bbox 106 1232 1275 1276; baseline -0.001 0"><span class='ocrx_word' id='word_1_108' title='bbox 106 1237 146 1272; x_wconf 84' lang='lat'><strong>¹⁵</strong></span> <span class='ocrx_word' id='word_1_109' title='bbox 222 1233 426 1276; x_wconf 75' lang='lat' dir='ltr'><strong>Veterem</strong></span> <span class='ocrx_word' id='word_1_110' title='bbox 457 1233 638 1276; x_wconf 79' lang='lat' dir='ltr'><strong>ferendo</strong></span> <span class='ocrx_word' id='word_1_111' title='bbox 667 1233 875 1275; x_wconf 89' lang='lat' dir='ltr'><strong>iniuriam</strong></span> <span class='ocrx_word' id='word_1_112' title='bbox 906 1232 1073 1276; x_wconf 89' lang='lat' dir='ltr'><strong>inuitas</strong></span> <span class='ocrx_word' id='word_1_113' title='bbox 1102 1247 1275 1275; x_wconf 85' lang='lat' dir='ltr'><strong>nouam.</strong></span> 
     </span>
     <span class='ocr_line' id='line_1_17' title="bbox 221 1290 1334 1348; baseline -0.002 -14"><span class='ocrx_word' id='word_1_114' title='bbox 221 1290 476 1348; x_wconf 84' lang='lat' dir='ltr'><strong>Numquam</strong></span> <span class='ocrx_word' id='word_1_115' title='bbox 505 1290 748 1348; x_wconf 89' lang='lat' dir='ltr'><strong>periculum</strong></span> <span class='ocrx_word' id='word_1_116' title='bbox 777 1291 872 1334; x_wconf 87' lang='lat' dir='ltr'><strong>sine</strong></span> <span class='ocrx_word' id='word_1_117' title='bbox 901 1290 1096 1348; x_wconf 86' lang='lat' dir='ltr'><strong>periculo</strong></span> <span class='ocrx_word' id='word_1_118' title='bbox 1125 1290 1334 1334; x_wconf 89' lang='lat' dir='ltr'><strong>uincitur.</strong></span> 
     </span>
     <span class='ocr_line' id='line_1_18' title="bbox 221 1348 1485 1406; baseline -0.001 -14"><span class='ocrx_word' id='word_1_119' title='bbox 221 1348 408 1392; x_wconf 84' lang='lat' dir='ltr'><strong>Necesse</strong></span> <span class='ocrx_word' id='word_1_120' title='bbox 438 1352 505 1392; x_wconf 85' lang='lat' dir='ltr'><strong>est</strong></span> <span class='ocrx_word' id='word_1_121' title='bbox 533 1352 585 1392; x_wconf 86' lang='lat' dir='ltr'><strong>ut</strong></span> <span class='ocrx_word' id='word_1_122' title='bbox 614 1349 777 1392; x_wconf 90' lang='lat' dir='ltr'><strong>multos</strong></span> <span class='ocrx_word' id='word_1_123' title='bbox 806 1349 963 1392; x_wconf 86' lang='lat' dir='ltr'><strong>timeat</strong></span> <span class='ocrx_word' id='word_1_124' title='bbox 992 1364 1122 1406; x_wconf 91' lang='lat' dir='ltr'><strong>quem</strong></span> <span class='ocrx_word' id='word_1_125' title='bbox 1152 1349 1283 1392; x_wconf 86' lang='lat' dir='ltr'><strong>multi</strong></span> <span class='ocrx_word' id='word_1_126' title='bbox 1313 1348 1485 1392; x_wconf 90' lang='lat' dir='ltr'><strong>timent.</strong></span> 
     </span>
    </p>
   </div>
   <div class='ocr_carea' id='block_1_4' title="bbox 105 1440 1667 1640">
    <p class='ocr_par' dir='ltr' id='par_1_4' title="bbox 105 1440 1667 1640">
     <span class='ocr_line' id='line_1_19' title="bbox 163 1440 1622 1486; baseline -0.001 -1"><span class='ocrx_word' id='word_1_127' title='bbox 163 1440 388 1486; x_wconf 89' lang='lat' dir='ltr'><strong>Postremo</strong></span> <span class='ocrx_word' id='word_1_128' title='bbox 418 1441 490 1486; x_wconf 89' lang='lat' dir='ltr'><strong>uel</strong></span> <span class='ocrx_word' id='word_1_129' title='bbox 525 1442 648 1486; x_wconf 91' lang='lat' dir='ltr'><strong>tenui</strong></span> <span class='ocrx_word' id='word_1_130' title='bbox 678 1441 862 1485; x_wconf 89' lang='lat' dir='ltr'><strong>uirtutis</strong></span> <span class='ocrx_word' id='word_1_131' title='bbox 892 1441 1055 1484; x_wconf 85' lang='lat' dir='ltr'><strong>indicio</strong></span> <span class='ocrx_word' id='word_1_132' title='bbox 1084 1440 1178 1484; x_wconf 89' lang='lat' dir='ltr'><strong>siue</strong></span> <span class='ocrx_word' id='word_1_133' title='bbox 1208 1441 1255 1483; x_wconf 89' lang='lat' dir='ltr'><strong>in</strong></span> <span class='ocrx_word' id='word_1_134' title='bbox 1285 1440 1421 1484; x_wconf 91' lang='lat' dir='ltr'><strong>uerbo</strong></span> <span class='ocrx_word' id='word_1_135' title='bbox 1451 1441 1545 1483; x_wconf 91' lang='lat' dir='ltr'><strong>siue</strong></span> <span class='ocrx_word' id='word_1_136' title='bbox 1576 1441 1622 1483; x_wconf 91' lang='lat' dir='ltr'><strong>in</strong></span> 
     </span>
     <span class='ocr_line' id='line_1_20' title="bbox 163 1510 1667 1570; baseline -0.001 -16"><span class='ocrx_word' id='word_1_137' title='bbox 163 1525 292 1568; x_wconf 89' lang='lat' dir='ltr'><strong>opere</strong></span> <span class='ocrx_word' id='word_1_138' title='bbox 332 1511 453 1555; x_wconf 84' lang='lat' dir='ltr'><strong>fama</strong></span> <span class='ocrx_word' id='word_1_139' title='bbox 490 1512 782 1570; x_wconf 73' lang='lat' dir='ltr'><strong>protenditur,</strong></span> <span class='ocrx_word' id='word_1_140' title='bbox 818 1515 863 1555; x_wconf 89' lang='lat' dir='ltr'><strong>et</strong></span> <span class='ocrx_word' id='word_1_141' title='bbox 902 1511 1072 1554; x_wconf 90' lang='lat' dir='ltr'><strong>uirtute</strong></span> <span class='ocrx_word' id='word_1_142' title='bbox 1119 1511 1274 1554; x_wconf 89' lang='lat' dir='ltr'><strong>relicta</strong></span> <span class='ocrx_word' id='word_1_143' title='bbox 1319 1510 1623 1568; x_wconf 87' lang='lat' dir='ltr'><strong>quantuslibet</strong></span> <span class='ocrx_word' id='word_1_144' title='bbox 1643 1516 1667 1545; x_wconf 75' lang='lat'>0</span> 
     </span>
     <span class='ocr_line' id='line_1_21' title="bbox 105 1580 1463 1640; baseline -0.001 -16"><span class='ocrx_word' id='word_1_145' title='bbox 105 1596 148 1621; x_wconf 77' lang='lat' dir='ltr'><strong>ao</strong></span> <span class='ocrx_word' id='word_1_146' title='bbox 163 1584 366 1639; x_wconf 83' lang='lat' dir='ltr'><strong>sumptus</strong></span> <span class='ocrx_word' id='word_1_147' title='bbox 395 1596 483 1625; x_wconf 90' lang='lat' dir='ltr'><strong>non</strong></span> <span class='ocrx_word' id='word_1_148' title='bbox 513 1584 606 1625; x_wconf 87' lang='lat' dir='ltr'><strong>tam</strong></span> <span class='ocrx_word' id='word_1_149' title='bbox 635 1581 822 1640; x_wconf 84' lang='lat' dir='ltr'><strong>gloriam</strong></span> <span class='ocrx_word' id='word_1_150' title='bbox 852 1595 986 1638; x_wconf 89' lang='lat' dir='ltr'><strong>quam</strong></span> <span class='ocrx_word' id='word_1_151' title='bbox 1016 1580 1302 1638; x_wconf 86' lang='lat' dir='ltr'><strong>ignominiam</strong></span> <span class='ocrx_word' id='word_1_152' title='bbox 1334 1581 1463 1638; x_wconf 89' lang='lat' dir='ltr'><strong>parit.</strong></span> 
     </span>
    </p>
   </div>
   <div class='ocr_carea' id='block_1_5' title="bbox 163 1708 1623 1906">
    <p class='ocr_par' dir='ltr' id='par_1_5' title="bbox 163 1708 1623 1906">
     <span class='ocr_line' id='line_1_22' title="bbox 163 1708 1623 1768; baseline -0.001 -14"><span class='ocrx_word' id='word_1_153' title='bbox 163 1708 269 1768; x_wconf 82' lang='lat' dir='ltr'><strong>Cap.</strong></span> <span class='ocrx_word' id='word_1_154' title='bbox 295 1718 356 1764; x_wconf 84' lang='lat'><strong>15.</strong></span> <span class='ocrx_word' id='word_1_155' title='bbox 414 1710 702 1754; x_wconf 68' lang='lat' dir='ltr'><strong>Honestate‘m</strong></span> <span class='ocrx_word' id='word_1_156' title='bbox 726 1712 811 1752; x_wconf 82' lang='lat' dir='ltr'><strong>aut</strong></span> <span class='ocrx_word' id='word_1_157' title='bbox 835 1709 978 1753; x_wconf 81' lang='lat' dir='ltr'><strong>solam</strong></span> <span class='ocrx_word' id='word_1_158' title='bbox 1002 1713 1086 1753; x_wconf 80' lang='lat' dir='ltr'><strong>aut</strong></span> <span class='ocrx_word' id='word_1_159' title='bbox 1109 1724 1225 1766; x_wconf 78' lang='lat' dir='ltr'><strong>prae</strong></span> <span class='ocrx_word' id='word_1_160' title='bbox 1244 1709 1398 1753; x_wconf 75' lang='lat' dir='ltr'><strong>ceteris</strong></span> <span class='ocrx_word' id='word_1_161' title='bbox 1426 1713 1623 1766; x_wconf 72' lang='lat' dir='ltr'><strong>expeten-</strong></span> 
     </span>
     <span class='ocr_line' id='line_1_23' title="bbox 276 1778 1623 1836; baseline -0.001 -13"><span class='ocrx_word' id='word_1_162' title='bbox 276 1778 388 1823; x_wconf 80' lang='lat' dir='ltr'><strong>dam</strong></span> <span class='ocrx_word' id='word_1_163' title='bbox 414 1783 452 1823; x_wconf 79' lang='lat' dir='ltr'><strong>et</strong></span> <span class='ocrx_word' id='word_1_164' title='bbox 475 1779 531 1822; x_wconf 76' lang='lat' dir='ltr'><strong>in</strong></span> <span class='ocrx_word' id='word_1_165' title='bbox 557 1794 610 1823; x_wconf 83' lang='grc' dir='ltr'><em>εα</em></span> <span class='ocrx_word' id='word_1_166' title='bbox 635 1782 728 1823; x_wconf 80' lang='lat' dir='ltr'><strong>tota</strong></span> <span class='ocrx_word' id='word_1_167' title='bbox 755 1778 1025 1823; x_wconf 67' lang='lat' dir='ltr'><strong>liberalitati</strong></span> <span class='ocrx_word' id='word_1_168' title='bbox 1048 1779 1197 1823; x_wconf 82' lang='lat' dir='ltr'><strong>locum</strong></span> <span class='ocrx_word' id='word_1_169' title='bbox 1216 1794 1299 1823; x_wconf 76' lang='lat' dir='ltr'><strong>cese</strong></span> <span class='ocrx_word' id='word_1_170' title='bbox 1318 1779 1623 1836; x_wconf 79' lang='lat' dir='ltr'><strong>praecipuum</strong></span> 
     </span>
     <span class='ocr_line' id='line_1_24' title="bbox 276 1849 1563 1906; baseline 0 -14"><span class='ocrx_word' id='word_1_171' title='bbox 276 1853 315 1892; x_wconf 79' lang='lat' dir='ltr'><strong>ct</strong></span> <span class='ocrx_word' id='word_1_172' title='bbox 334 1864 356 1893; x_wconf 84' lang='grc' dir='ltr'><em>ε</em></span> <span class='ocrx_word' id='word_1_173' title='bbox 374 1853 531 1892; x_wconf 74' lang='lat' dir='ltr'><strong>contra</strong></span> <span class='ocrx_word' id='word_1_174' title='bbox 550 1849 812 1892; x_wconf 74' lang='lat' dir='ltr'><strong>auaritiam</strong></span> <span class='ocrx_word' id='word_1_175' title='bbox 831 1849 1004 1906; x_wconf 69' lang='lat' dir='ltr'><strong>yloriae</strong></span> <span class='ocrx_word' id='word_1_176' title='bbox 1016 1849 1286 1906; x_wconf 74' lang='lat' dir='ltr'><strong>plurimum</strong></span> <span class='ocrx_word' id='word_1_177' title='bbox 1298 1849 1563 1893; x_wconf 67' lang='lat' dir='ltr'><strong>aduersari.</strong></span> 
     </span>
    </p>
   </div>
   <div class='ocr_carea' id='block_1_6' title="bbox 106 1940 1626 2348">
    <p class='ocr_par' dir='ltr' id='par_1_6' title="bbox 222 1940 1626 1999">
     <span class='ocr_line' id='line_1_25' title="bbox 222 1940 1626 1999; baseline 0 -15"><span class='ocrx_word' id='word_1_178' title='bbox 222 1940 348 1984; x_wconf 84' lang='lat' dir='ltr'><strong>Sicut</strong></span> <span class='ocrx_word' id='word_1_179' title='bbox 365 1943 514 1984; x_wconf 88' lang='lat' dir='ltr'><strong>autem</strong></span> <span class='ocrx_word' id='word_1_180' title='bbox 533 1941 686 1998; x_wconf 87' lang='lat' dir='ltr'><strong>gloria,</strong></span> <span class='ocrx_word' id='word_1_181' title='bbox 702 1956 813 1999; x_wconf 88' lang='lat' dir='ltr'><strong>quae</strong></span> <span class='ocrx_word' id='word_1_182' title='bbox 829 1945 907 1992; x_wconf 86' lang='lat' dir='ltr'><strong>est,</strong></span> <span class='ocrx_word' id='word_1_183' title='bbox 923 1945 975 1985; x_wconf 92' lang='lat' dir='ltr'><strong>ut</strong></span> <span class='ocrx_word' id='word_1_184' title='bbox 995 1941 1195 1986; x_wconf 88' lang='lat' dir='ltr'><strong>Ciceroni</strong></span> <span class='ocrx_word' id='word_1_185' title='bbox 1216 1941 1396 1999; x_wconf 86' lang='lat' dir='ltr'><strong>placuit,</strong></span> <span class='ocrx_word' id='word_1_186' title='bbox 1418 1941 1626 1998; x_wconf 83' lang='lat' dir='ltr'><strong>frequens</strong></span> 
     </span>
    </p>

    <p class='ocr_par' dir='ltr' id='par_1_7' title="bbox 106 2009 1626 2348">
     <span class='ocr_line' id='line_1_26' title="bbox 106 2009 1626 2069; baseline 0.001 -16"><span class='ocrx_word' id='word_1_187' title='bbox 106 2027 147 2062; x_wconf 80' lang='lat'><strong>²⁵</strong></span> <span class='ocrx_word' id='word_1_188' title='bbox 166 2009 287 2054; x_wconf 85' lang='lat' dir='ltr'><strong>fama</strong></span> <span class='ocrx_word' id='word_1_189' title='bbox 311 2025 411 2054; x_wconf 90' lang='lat' dir='ltr'><strong>cum</strong></span> <span class='ocrx_word' id='word_1_190' title='bbox 433 2010 575 2061; x_wconf 87' lang='lat' dir='ltr'><strong>laude,</strong></span> <span class='ocrx_word' id='word_1_191' title='bbox 601 2026 628 2054; x_wconf 89' lang='lat' dir='ltr'><strong>a</strong></span> <span class='ocrx_word' id='word_1_192' title='bbox 657 2012 803 2055; x_wconf 87' lang='lat' dir='ltr'><strong>radice</strong></span> <span class='ocrx_word' id='word_1_193' title='bbox 830 2012 1013 2055; x_wconf 87' lang='lat' dir='ltr'><strong>uirtutis</strong></span> <span class='ocrx_word' id='word_1_194' title='bbox 1042 2012 1187 2055; x_wconf 85' lang='lat' dir='ltr'><strong>oritur</strong></span> <span class='ocrx_word' id='word_1_195' title='bbox 1215 2015 1261 2055; x_wconf 90' lang='lat' dir='ltr'><strong>et</strong></span> <span class='ocrx_word' id='word_1_196' title='bbox 1290 2012 1429 2069; x_wconf 88' lang='lat' dir='ltr'><strong>ipsius</strong></span> <span class='ocrx_word' id='word_1_197' title='bbox 1459 2011 1626 2054; x_wconf 90' lang='lat' dir='ltr'><strong>lumine</strong></span> 
     </span>
     <span class='ocr_line' id='line_1_27' title="bbox 165 2079 1623 2138; baseline 0 -16"><span class='ocrx_word' id='word_1_198' title='bbox 165 2079 400 2122; x_wconf 81' lang='lat' dir='ltr'><strong>dumtaxat</strong></span> <span class='ocrx_word' id='word_1_199' title='bbox 437 2079 698 2131; x_wconf 87' lang='lat' dir='ltr'><strong>illustratur,</strong></span> <span class='ocrx_word' id='word_1_200' title='bbox 729 2081 794 2124; x_wconf 90' lang='lat' dir='ltr'><strong>ita</strong></span> <span class='ocrx_word' id='word_1_201' title='bbox 832 2081 1076 2138; x_wconf 88' lang='lat' dir='ltr'><strong>ignominia</strong></span> <span class='ocrx_word' id='word_1_202' title='bbox 1114 2081 1315 2124; x_wconf 83' lang='lat' dir='ltr'><strong>confusio</strong></span> <span class='ocrx_word' id='word_1_203' title='bbox 1354 2084 1399 2124; x_wconf 92' lang='lat' dir='ltr'><strong>et</strong></span> <span class='ocrx_word' id='word_1_204' title='bbox 1438 2081 1476 2124; x_wconf 89' lang='lat' dir='ltr'><strong>si</strong></span> <span class='ocrx_word' id='word_1_205' title='bbox 1517 2081 1623 2138; x_wconf 90' lang='lat' dir='ltr'><strong>quid</strong></span> 
     </span>
     <span class='ocr_line' id='line_1_28' title="bbox 164 2148 1624 2208; baseline 0.001 -17"><span class='ocrx_word' id='word_1_206' title='bbox 164 2148 286 2191; x_wconf 88' lang='lat' dir='ltr'><strong>aliud</strong></span> <span class='ocrx_word' id='word_1_207' title='bbox 324 2148 447 2192; x_wconf 90' lang='lat' dir='ltr'><strong>decet</strong></span> <span class='ocrx_word' id='word_1_208' title='bbox 478 2164 506 2192; x_wconf 87' lang='lat' dir='ltr'><strong>a</strong></span> <span class='ocrx_word' id='word_1_209' title='bbox 538 2149 651 2192; x_wconf 90' lang='lat' dir='ltr'><strong>uitio</strong></span> <span class='ocrx_word' id='word_1_210' title='bbox 684 2150 826 2193; x_wconf 87' lang='lat' dir='ltr'><strong>trahit</strong></span> <span class='ocrx_word' id='word_1_211' title='bbox 858 2151 1074 2208; x_wconf 88' lang='lat' dir='ltr'><strong>originem</strong></span> <span class='ocrx_word' id='word_1_212' title='bbox 1108 2154 1154 2194; x_wconf 89' lang='lat' dir='ltr'><strong>et</strong></span> <span class='ocrx_word' id='word_1_213' title='bbox 1188 2154 1459 2208; x_wconf 88' lang='lat' dir='ltr'><strong>prouectum.</strong></span> <span class='ocrx_word' id='word_1_214' title='bbox 1518 2151 1624 2193; x_wconf 91' lang='lat' dir='ltr'><strong>Siue</strong></span> 
     </span>
     <span class='ocr_line' id='line_1_29' title="bbox 165 2217 1623 2277; baseline 0.001 -17"><span class='ocrx_word' id='word_1_215' title='bbox 165 2217 282 2261; x_wconf 90' lang='lat' dir='ltr'><strong>enim</strong></span> <span class='ocrx_word' id='word_1_216' title='bbox 313 2220 392 2260; x_wconf 88' lang='lat' dir='ltr'><strong>aut</strong></span> <span class='ocrx_word' id='word_1_217' title='bbox 422 2218 514 2261; x_wconf 88' lang='lat' dir='ltr'><strong>sola</strong></span> <span class='ocrx_word' id='word_1_218' title='bbox 544 2218 750 2262; x_wconf 89' lang='lat' dir='ltr'><strong>honestas</strong></span> <span class='ocrx_word' id='word_1_219' title='bbox 781 2219 945 2262; x_wconf 88' lang='lat' dir='ltr'><strong>bonum</strong></span> <span class='ocrx_word' id='word_1_220' title='bbox 976 2221 1047 2271; x_wconf 90' lang='lat' dir='ltr'><strong>sit,</strong></span> <span class='ocrx_word' id='word_1_221' title='bbox 1079 2223 1132 2263; x_wconf 93' lang='lat' dir='ltr'><strong>ut</strong></span> <span class='ocrx_word' id='word_1_222' title='bbox 1167 2220 1327 2264; x_wconf 87' lang='lat' dir='ltr'><strong>Stoicis</strong></span> <span class='ocrx_word' id='word_1_223' title='bbox 1360 2220 1623 2277; x_wconf 89' lang='lat' dir='ltr'><strong>quibusdam</strong></span> 
     </span>
     <span class='ocr_line' id='line_1_30' title="bbox 164 2287 1625 2348; baseline 0.002 -18"><span class='ocrx_word' id='word_1_224' title='bbox 164 2287 319 2345; x_wconf 89' lang='lat' dir='ltr'><strong>placet,</strong></span> <span class='ocrx_word' id='word_1_225' title='bbox 345 2287 439 2330; x_wconf 88' lang='lat' dir='ltr'><strong>siue</strong></span> <span class='ocrx_word' id='word_1_226' title='bbox 466 2288 749 2346; x_wconf 78' lang='lat' dir='ltr'><strong>praecipuum</strong></span> <span class='ocrx_word' id='word_1_227' title='bbox 779 2292 824 2332; x_wconf 87' lang='lat' dir='ltr'><strong>et</strong></span> <span class='ocrx_word' id='word_1_228' title='bbox 851 2304 956 2346; x_wconf 90' lang='lat' dir='ltr'><strong>prae</strong></span> <span class='ocrx_word' id='word_1_229' title='bbox 986 2290 1143 2334; x_wconf 87' lang='lat' dir='ltr'><strong>ceteris</strong></span> <span class='ocrx_word' id='word_1_230' title='bbox 1173 2290 1482 2348; x_wconf 82' lang='lat' dir='ltr'><strong>expetendum,</strong></span> <span class='ocrx_word' id='word_1_231' title='bbox 1509 2290 1625 2333; x_wconf 87' lang='lat' dir='ltr'><strong>sicut</strong></span> 
     </span>
    </p>
   </div>
   <div class='ocr_carea' id='block_1_7' title="bbox 213 2399 1621 2512">
    <p class='ocr_par' dir='ltr' id='par_1_8' title="bbox 213 2399 1621 2512">
     <span class='ocr_line' id='line_1_31' title="bbox 213 2399 1621 2512; baseline 0.003 -50"><span class='ocrx_word' id='word_1_232' title='bbox 213 2425 409 2462; x_wconf 87' lang='lat' dir='ltr'><strong>euicerant</strong></span> <span class='ocrx_word' id='word_1_233' title='bbox 425 2424 558 2462; x_wconf 80' lang='lat' dir='ltr'><strong>OBAS¹</strong></span> <span class='ocrx_word' id='word_1_234' title='bbox 721 2436 738 2474; x_wconf 84' lang='grc'>5</span> <span class='ocrx_word' id='word_1_235' title='bbox 766 2399 924 2512; x_wconf 67' lang='lat' dir='ltr'><strong>mutar-il]</strong></span> <span class='ocrx_word' id='word_1_236' title='bbox 941 2428 1085 2466; x_wconf 87' lang='lat' dir='ltr'><strong>imitari</strong></span> <span class='ocrx_word' id='word_1_237' title='bbox 1102 2428 1266 2466; x_wconf 79' lang='lat' dir='ltr'><strong>OBASM</strong></span> <span class='ocrx_word' id='word_1_238' title='bbox 1420 2431 1531 2476; x_wconf 84' lang='lat' dir='ltr'><strong>potes</strong></span> <span class='ocrx_word' id='word_1_239' title='bbox 1546 2430 1621 2466; x_wconf 82' lang='lat' dir='ltr'><strong>AM</strong></span> 
     </span>
    </p>
   </div>
   <div class='ocr_carea' id='block_1_8' title="bbox 166 2435 1621 2568">
    <p class='ocr_par' dir='ltr' id='par_1_9' title="bbox 166 2435 1621 2568">
     <span class='ocr_line' id='line_1_32' title="bbox 166 2435 1621 2555; baseline 0.005 -48"><span class='ocrx_word' id='word_1_240' title='bbox 166 2435 263 2555; x_wconf 60' lang='grc' dir='ltr'><strong>ἐμοί’)</strong></span> <span class='ocrx_word' id='word_1_241' title='bbox 279 2471 356 2513; x_wconf 89' lang='lat' dir='ltr'><strong>CB)</strong></span> <span class='ocrx_word' id='word_1_242' title='bbox 539 2483 584 2510; x_wconf 75' lang='grc' dir='ltr'><strong>ιο</strong></span> <span class='ocrx_word' id='word_1_243' title='bbox 605 2473 686 2511; x_wconf 79' lang='lat' dir='ltr'><strong>lesa</strong></span> <span class='ocrx_word' id='word_1_244' title='bbox 698 2474 770 2529; x_wconf 45' lang='lat' dir='ltr'>.A&#39;¹:</span> <span class='ocrx_word' id='word_1_245' title='bbox 794 2475 890 2512; x_wconf 84' lang='lat' dir='ltr'><strong>alias</strong></span> <span class='ocrx_word' id='word_1_246' title='bbox 922 2489 984 2514; x_wconf 86' lang='lat' dir='ltr'><strong>esa</strong></span> <span class='ocrx_word' id='word_1_247' title='bbox 999 2479 1083 2514; x_wconf 80' lang='lat' dir='ltr'><strong>add.</strong></span> <span class='ocrx_word' id='word_1_248' title='bbox 1101 2490 1199 2513; x_wconf 79' lang='lat' dir='ltr'><strong>man.</strong></span> <span class='ocrx_word' id='word_1_249' title='bbox 1216 2490 1287 2513; x_wconf 82' lang='lat' dir='ltr'><strong>rec.</strong></span> <span class='ocrx_word' id='word_1_250' title='bbox 1303 2478 1343 2512; x_wconf 76' lang='lat' dir='ltr'><strong>in</strong></span> <span class='ocrx_word' id='word_1_251' title='bbox 1362 2476 1386 2514; x_wconf 90' lang='lat' dir='ltr'>S</span> <span class='ocrx_word' id='word_1_252' title='bbox 1577 2488 1621 2523; x_wconf 87' lang='lat'><strong>27</strong></span> 
     </span>
     <span class='ocr_line' id='line_1_33' title="bbox 191 2518 777 2568; baseline 0.003 -12"><span class='ocrx_word' id='word_1_253' title='bbox 191 2519 323 2557; x_wconf 83' lang='lat' dir='ltr'><strong>edecet</strong></span> <span class='ocrx_word' id='word_1_254' title='bbox 340 2518 380 2556; x_wconf 79' lang='lat' dir='ltr'>M</span> <span class='ocrx_word' id='word_1_255' title='bbox 521 2522 564 2557; x_wconf 86' lang='lat'><strong>28</strong></span> <span class='ocrx_word' id='word_1_256' title='bbox 589 2523 728 2568; x_wconf 79' lang='lat' dir='ltr'><strong>stoycis</strong></span> <span class='ocrx_word' id='word_1_257' title='bbox 743 2523 777 2558; x_wconf 78' lang='lat' dir='ltr'>A</span> 
     </span>
    </p>
   </div>
   <div class='ocr_carea' id='block_1_9' title="bbox 164 2637 1625 2925">
    <p class='ocr_par' dir='ltr' id='par_1_10' title="bbox 164 2637 1625 2925">
     <span class='ocr_line' id='line_1_34' title="bbox 212 2637 1623 2692; baseline 0.006 -21"><span class='ocrx_word' id='word_1_258' title='bbox 212 2645 236 2680; x_wconf 87' lang='grc'>4</span> <span class='ocrx_word' id='word_1_259' title='bbox 259 2637 479 2692; x_wconf 54' lang='lat' dir='ltr'><strong>Beneficium</strong></span> <span class='ocrx_word' id='word_1_260' title='bbox 502 2638 598 2673; x_wconf 86' lang='lat' dir='ltr'><strong>etc.:</strong></span> <span class='ocrx_word' id='word_1_261' title='bbox 622 2637 788 2676; x_wconf 85' lang='lat' dir='ltr'><strong>Macrob.</strong></span> <span class='ocrx_word' id='word_1_262' title='bbox 813 2642 886 2676; x_wconf 74' lang='lat' dir='ltr'><strong>Sat.</strong></span> <span class='ocrx_word' id='word_1_263' title='bbox 911 2640 950 2678; x_wconf 89' lang='lat' dir='ltr'><strong>ii.</strong></span> <span class='ocrx_word' id='word_1_264' title='bbox 977 2650 997 2686; x_wconf 93' lang='lat'>7</span> <span class='ocrx_word' id='word_1_265' title='bbox 1024 2640 1042 2688; x_wconf 67' lang='grc' dir='ltr'><strong>ξ</strong></span> <span class='ocrx_word' id='word_1_266' title='bbox 1073 2651 1112 2678; x_wconf 86' lang='lat'><strong>11</strong></span> <span class='ocrx_word' id='word_1_267' title='bbox 1135 2641 1196 2686; x_wconf 85' lang='lat' dir='ltr'><strong>(ex</strong></span> <span class='ocrx_word' id='word_1_268' title='bbox 1220 2641 1317 2679; x_wconf 85' lang='lat' dir='ltr'><strong>Gell.</strong></span> <span class='ocrx_word' id='word_1_269' title='bbox 1343 2641 1430 2679; x_wconf 84' lang='lat' dir='ltr'><strong>xvii.</strong></span> <span class='ocrx_word' id='word_1_270' title='bbox 1460 2653 1503 2687; x_wconf 81' lang='lat'><strong>14</strong></span> <span class='ocrx_word' id='word_1_271' title='bbox 1527 2642 1546 2691; x_wconf 68' lang='grc' dir='ltr'><strong>ξ</strong></span> <span class='ocrx_word' id='word_1_272' title='bbox 1572 2643 1623 2688; x_wconf 90' lang='grc'><strong>4).</strong></span> 
     </span>
     <span class='ocr_line' id='line_1_35' title="bbox 168 2684 1625 2735; baseline 0.004 -15"><span class='ocrx_word' id='word_1_273' title='bbox 168 2684 189 2720; x_wconf 89' lang='grc'>8</span> <span class='ocrx_word' id='word_1_274' title='bbox 214 2688 264 2718; x_wconf 96' lang='grc' dir='ltr'><strong>εει</strong></span> <span class='ocrx_word' id='word_1_275' title='bbox 292 2685 458 2719; x_wconf 62' lang='lat' dir='ltr'><strong>maceria:</strong></span> <span class='ocrx_word' id='word_1_276' title='bbox 491 2686 638 2721; x_wconf 72' lang='lat' dir='ltr'><strong>miseria</strong></span> <span class='ocrx_word' id='word_1_277' title='bbox 661 2692 711 2722; x_wconf 73' lang='grc' dir='ltr'><strong>εει</strong></span> <span class='ocrx_word' id='word_1_278' title='bbox 735 2687 924 2731; x_wconf 87' lang='lat' dir='ltr'><strong>Macrob.;</strong></span> <span class='ocrx_word' id='word_1_279' title='bbox 964 2688 1013 2725; x_wconf 85' lang='lat' dir='ltr'><strong>cf.</strong></span> <span class='ocrx_word' id='word_1_280' title='bbox 1039 2701 1151 2735; x_wconf 85' lang='lat' dir='ltr'><strong>supra</strong></span> <span class='ocrx_word' id='word_1_281' title='bbox 1175 2701 1207 2726; x_wconf 86' lang='lat' dir='ltr'><strong>c.</strong></span> <span class='ocrx_word' id='word_1_282' title='bbox 1237 2700 1278 2734; x_wconf 85' lang='lat'><strong>13</strong></span> <span class='ocrx_word' id='word_1_283' title='bbox 1306 2691 1389 2735; x_wconf 80' lang='lat'>(762</span> <span class='ocrx_word' id='word_1_284' title='bbox 1403 2691 1458 2734; x_wconf 82' lang='grc' dir='ltr'><strong>Β).</strong></span> <span class='ocrx_word' id='word_1_285' title='bbox 1580 2702 1625 2727; x_wconf 92' lang='lat'><strong>10</strong></span> 
     </span>
     <span class='ocr_line' id='line_1_36' title="bbox 164 2731 1618 2783; baseline 0.007 -19"><span class='ocrx_word' id='word_1_286' title='bbox 164 2742 311 2776; x_wconf 67' lang='lat' dir='ltr'><strong>saeptus</strong></span> <span class='ocrx_word' id='word_1_287' title='bbox 326 2731 422 2766; x_wconf 75' lang='lat' dir='ltr'><strong>lata:</strong></span> <span class='ocrx_word' id='word_1_288' title='bbox 448 2731 543 2766; x_wconf 78' lang='lat' dir='ltr'><strong>laesa</strong></span> <span class='ocrx_word' id='word_1_289' title='bbox 560 2735 706 2778; x_wconf 71' lang='lat' dir='ltr'><strong>saepius</strong></span> <span class='ocrx_word' id='word_1_290' title='bbox 718 2734 882 2771; x_wconf 82' lang='lat' dir='ltr'><strong>Macrob.</strong></span> <span class='ocrx_word' id='word_1_291' title='bbox 994 2747 1006 2771; x_wconf 88' lang='lat'>1</span> <span class='ocrx_word' id='word_1_292' title='bbox 1017 2747 1030 2772; x_wconf 87' lang='lat'>1</span> <span class='ocrx_word' id='word_1_293' title='bbox 1047 2738 1211 2782; x_wconf 81' lang='lat' dir='ltr'><strong>Improbe</strong></span> <span class='ocrx_word' id='word_1_294' title='bbox 1229 2739 1300 2774; x_wconf 89' lang='lat' dir='ltr'><strong>etc.</strong></span> <span class='ocrx_word' id='word_1_295' title='bbox 1318 2750 1325 2772; x_wconf 95' lang='lat'><strong>:</strong></span> <span class='ocrx_word' id='word_1_296' title='bbox 1345 2737 1392 2773; x_wconf 86' lang='lat' dir='ltr'><strong>cf.</strong></span> <span class='ocrx_word' id='word_1_297' title='bbox 1406 2750 1519 2783; x_wconf 83' lang='lat' dir='ltr'><strong>supra</strong></span> <span class='ocrx_word' id='word_1_298' title='bbox 1532 2750 1564 2774; x_wconf 89' lang='lat' dir='ltr'><strong>c.</strong></span> <span class='ocrx_word' id='word_1_299' title='bbox 1581 2749 1594 2774; x_wconf 90' lang='lat'><em>1</em></span> <span class='ocrx_word' id='word_1_300' title='bbox 1605 2749 1618 2774; x_wconf 86' lang='lat'>1</span> 
     </span>
     <span class='ocr_line' id='line_1_37' title="bbox 167 2777 1624 2832; baseline 0.005 -19"><span class='ocrx_word' id='word_1_301' title='bbox 167 2777 314 2824; x_wconf 83' lang='lat'>(7510).</span> <span class='ocrx_word' id='word_1_302' title='bbox 355 2779 462 2823; x_wconf 76' lang='lat' dir='ltr'><strong>fecit:</strong></span> <span class='ocrx_word' id='word_1_303' title='bbox 477 2779 574 2832; x_wconf 56' lang='lat' dir='ltr'><strong>facit</strong></span> <span class='ocrx_word' id='word_1_304' title='bbox 587 2778 752 2818; x_wconf 84' lang='lat' dir='ltr'><strong>Macrob.</strong></span> <span class='ocrx_word' id='word_1_305' title='bbox 852 2792 892 2827; x_wconf 91' lang='lat'><strong>17</strong></span> <span class='ocrx_word' id='word_1_306' title='bbox 919 2784 1061 2819; x_wconf 77' lang='lat' dir='ltr'><strong>Necesse</strong></span> <span class='ocrx_word' id='word_1_307' title='bbox 1073 2789 1123 2819; x_wconf 80' lang='grc' dir='ltr'><strong>εει</strong></span> <span class='ocrx_word' id='word_1_308' title='bbox 1140 2786 1228 2820; x_wconf 88' lang='lat' dir='ltr'><strong>etc.:</strong></span> <span class='ocrx_word' id='word_1_309' title='bbox 1253 2785 1481 2820; x_wconf 74' lang='lat' dir='ltr'><strong>Laberianus</strong></span> <span class='ocrx_word' id='word_1_310' title='bbox 1495 2797 1624 2821; x_wconf 68' lang='lat' dir='ltr'><strong>uersus</strong></span> 
     </span>
     <span class='ocr_line' id='line_1_38' title="bbox 165 2823 1622 2875; baseline 0.005 -15"><span class='ocrx_word' id='word_1_311' title='bbox 165 2835 224 2871; x_wconf 87' lang='lat' dir='ltr'><strong>ap.</strong></span> <span class='ocrx_word' id='word_1_312' title='bbox 244 2823 330 2861; x_wconf 85' lang='lat' dir='ltr'><strong>Sen.</strong></span> <span class='ocrx_word' id='word_1_313' title='bbox 347 2826 390 2860; x_wconf 80' lang='lat' dir='ltr'><strong>de</strong></span> <span class='ocrx_word' id='word_1_314' title='bbox 413 2826 479 2860; x_wconf 83' lang='lat' dir='ltr'><strong>Ira</strong></span> <span class='ocrx_word' id='word_1_315' title='bbox 494 2837 534 2860; x_wconf 89' lang='grc' dir='ltr'><em>ιι.</em></span> <span class='ocrx_word' id='word_1_316' title='bbox 555 2836 592 2862; x_wconf 86' lang='grc' dir='ltr'><em>ιι</em></span> <span class='ocrx_word' id='word_1_317' title='bbox 620 2825 639 2874; x_wconf 83' lang='lat'><strong>§</strong></span> <span class='ocrx_word' id='word_1_318' title='bbox 664 2837 698 2873; x_wconf 89' lang='lat'><strong>3.</strong></span> <span class='ocrx_word' id='word_1_319' title='bbox 887 2840 932 2874; x_wconf 88' lang='lat'><strong>24</strong></span> <span class='ocrx_word' id='word_1_320' title='bbox 956 2831 1072 2875; x_wconf 74' lang='lat' dir='ltr'><strong>qloria</strong></span> <span class='ocrx_word' id='word_1_321' title='bbox 1097 2833 1190 2867; x_wconf 83' lang='lat' dir='ltr'><strong>etc.:</strong></span> <span class='ocrx_word' id='word_1_322' title='bbox 1218 2843 1250 2866; x_wconf 88' lang='lat' dir='ltr'><strong>v.</strong></span> <span class='ocrx_word' id='word_1_323' title='bbox 1267 2830 1345 2867; x_wconf 89' lang='lat' dir='ltr'><strong>Cic.</strong></span> <span class='ocrx_word' id='word_1_324' title='bbox 1364 2834 1406 2867; x_wconf 84' lang='lat' dir='ltr'><strong>de</strong></span> <span class='ocrx_word' id='word_1_325' title='bbox 1422 2834 1560 2869; x_wconf 81' lang='lat' dir='ltr'><strong>Invent.</strong></span> <span class='ocrx_word' id='word_1_326' title='bbox 1579 2832 1622 2867; x_wconf 87' lang='lat' dir='ltr'><strong>ii.</strong></span> 
     </span>
     <span class='ocr_line' id='line_1_39' title="bbox 167 2871 1348 2925; baseline 0.006 -17"><span class='ocrx_word' id='word_1_327' title='bbox 167 2880 209 2919; x_wconf 83' lang='lat'><strong>55</strong></span> <span class='ocrx_word' id='word_1_328' title='bbox 229 2871 248 2918; x_wconf 69' lang='grc' dir='ltr'><strong>ξ</strong></span> <span class='ocrx_word' id='word_1_329' title='bbox 272 2873 347 2909; x_wconf 78' lang='lat'>166.</span> <span class='ocrx_word' id='word_1_330' title='bbox 367 2881 422 2916; x_wconf 88' lang='lat'><strong>27,</strong></span> <span class='ocrx_word' id='word_1_331' title='bbox 442 2873 488 2909; x_wconf 88' lang='lat'><strong>28</strong></span> <span class='ocrx_word' id='word_1_332' title='bbox 513 2873 598 2909; x_wconf 78' lang='lat' dir='ltr'><strong>Siue</strong></span> <span class='ocrx_word' id='word_1_333' title='bbox 614 2877 709 2910; x_wconf 79' lang='lat' dir='ltr'><strong>enim</strong></span> <span class='ocrx_word' id='word_1_334' title='bbox 728 2876 822 2912; x_wconf 88' lang='lat' dir='ltr'><strong>etc.:</strong></span> <span class='ocrx_word' id='word_1_335' title='bbox 847 2887 878 2912; x_wconf 86' lang='lat' dir='ltr'><strong>v.</strong></span> <span class='ocrx_word' id='word_1_336' title='bbox 896 2876 971 2913; x_wconf 89' lang='lat' dir='ltr'><strong>Cic.</strong></span> <span class='ocrx_word' id='word_1_337' title='bbox 988 2879 1030 2913; x_wconf 80' lang='lat' dir='ltr'><strong>de</strong></span> <span class='ocrx_word' id='word_1_338' title='bbox 1050 2879 1118 2922; x_wconf 85' lang='lat' dir='ltr'><strong>Off.</strong></span> <span class='ocrx_word' id='word_1_339' title='bbox 1135 2877 1193 2913; x_wconf 85' lang='lat' dir='ltr'><strong>iii.</strong></span> <span class='ocrx_word' id='word_1_340' title='bbox 1211 2880 1232 2915; x_wconf 88' lang='lat'>8</span> <span class='ocrx_word' id='word_1_341' title='bbox 1251 2877 1269 2925; x_wconf 66' lang='grc' dir='ltr'><strong>ξ</strong></span> <span class='ocrx_word' id='word_1_342' title='bbox 1290 2887 1348 2924; x_wconf 83' lang='grc'><strong>35.</strong></span> 
     </span>
    </p>
   </div>
   <div class='ocr_carea' id='block_1_10' title="bbox 1452 2958 1515 2992">
    <p class='ocr_par' dir='ltr' id='par_1_11' title="bbox 1452 2958 1515 2992">
     <span class='ocr_line' id='line_1_40' title="bbox 1452 2958 1515 2992; baseline 0.032 -2"><span class='ocrx_word' id='word_1_343' title='bbox 1452 2958 1515 2992; x_wconf 78' lang='grc'><strong>335</strong></span> 
     </span>
    </p>
   </div>
  </div>
 </body>
</html>
