1988 3250
259 216 331 266 814
346 218 375 258 εἰ
704 213 966 259 IOANNIS
1006 212 1523 259 SARESBERIENSIS
1645 213 1758 270 [mn.
1773 223 1868 256 v111

398 333 604 391 pontifex
633 337 715 386 est,
745 335 944 386 eundem,
975 349 1057 392 pro
1086 334 1337 378 conditione
1367 333 1585 378 Ecclesiae
1614 347 1727 391 quae
1750 347 1869 376 nunc

398 406 476 454 est,
497 419 590 447 esse
610 419 788 448 seruum
803 419 1030 448 seruorum
1047 419 1222 448 necesse
1242 407 1334 457 est;
1363 419 1454 448 non
1474 403 1677 461 equidem
1696 417 1870 446 nuncu-

397 473 549 530 patiue
578 474 635 516 ad
662 473 861 531 gloriam,
895 477 948 518 ut
973 474 1155 531 quidam
1185 474 1438 531 opinantur,
1466 473 1544 516 sed
1577 472 1869 522 substantiue‚

396 545 553 600 utpote
574 543 650 600 qui
670 543 811 586 seruis
830 543 915 587 Dei
935 543 1100 586 seruiet
1119 543 1191 586 uel
1211 543 1393 586 inuitus,
1453 542 1610 586 Omnis
1630 542 1748 585 enim
1771 555 1869 598 per·

397 626 505 655 sona
525 612 610 655 Dei
629 613 768 656 seruit
787 616 834 656 et
862 613 1162 671 dispensatrix
1183 616 1252 656 est
1281 612 1539 656 clementiae
1566 612 1639 655 uel
1669 611 1868 654 iustitiae
1888 631 1906 664 5

348 679 378 718 b
397 695 513 725 suae.
573 682 725 725 Seruit
744 683 939 740 angelus,
966 683 1106 725 seruit
1135 682 1278 732 homo,
1305 682 1509 724 seruiunt
1527 681 1645 732 boni,
1665 681 1869 724 seruiunt

397 751 515 802 mali,
547 753 594 794 et
631 752 726 808 ipse
764 752 968 809 princeps
1006 751 1162 794 mundi
1207 751 1410 793 diabolus
1441 750 1592 794 seruit.
1664 750 1782 807 Ergo
1822 752 1868 792 et

396 821 586 863 Romani
613 821 816 864 seruiunt
845 821 951 872 Deo,
971 825 1017 864 et
1044 820 1213 863 tiranni
1243 820 1405 876 quibus
1425 819 1674 862 Romanum
1694 834 1868 863 necesse

395 893 463 934 est
482 890 648 934 seruire
675 891 940 948 pontificem.
998 890 1124 934 Adeo
1153 889 1331 947 quidem
1358 891 1423 940 ut,
1446 889 1533 931 nisi
1552 889 1768 940 seruierit‚
1787 892 1869 933 aut

394 961 704 1018 expontificem
735 963 814 1003 aut
843 974 1131 1003 exromanum
1162 974 1255 1002 esse
1289 973 1464 1002 necesse
1494 959 1565 1002 sit.
1625 958 1736 1012 Quis
1765 973 1867 1002 eum
1886 979 1928 1012 ιφ

392 1045 498 1088 ergo
517 1045 695 1073 seruum
715 1044 944 1073 seruorum
965 1044 1058 1073 esse
1073 1029 1292 1087 ambigit?
1350 1028 1592 1072 Dominum
1606 1029 1867 1080 Adrianum,

390 1100 516 1143 cuius
545 1102 747 1156 tempora
771 1099 919 1142 felicia
949 1099 1087 1142 faciat
1116 1099 1250 1151 Deus,
1270 1099 1404 1141 huius
1430 1098 1495 1142 rei
1515 1101 1675 1142 testem
1695 1099 1864 1150 inuoco,

390 1169 496 1226 quia
528 1169 727 1212 Romano
761 1169 968 1226 pontifice
999 1183 1129 1212 nemo
1163 1168 1456 1212 miserabilior
1494 1170 1572 1219 est,
1612 1168 1865 1212 conditione

389 1239 485 1281 eius
500 1238 623 1281 nulla
638 1238 850 1281 miserior.
901 1238 970 1289 Et,
986 1239 1090 1282 licet
1109 1238 1246 1282 nichil
1265 1237 1388 1280 aliud
1400 1237 1535 1290 ledat,
1546 1251 1719 1281 necesse
1734 1240 1802 1281 est
1813 1241 1867 1281 ut

389 1307 600 1351 citissime
619 1308 691 1351 uel
711 1308 804 1351 solo
824 1308 973 1351 labore
1000 1308 1190 1352 deficiat.
1248 1308 1436 1351 Fatetur
1463 1307 1581 1350 enim
1607 1307 1655 1349 in
1683 1322 1735 1350 ea
1761 1307 1863 1350 sede
1887 1328 1900 1352 1
1907 1328 1925 1362 ς,

388 1392 435 1419 se
455 1379 605 1421 tantas
625 1378 824 1421 miserias
844 1378 1067 1421 inuenisse
1086 1380 1139 1420 ut
1160 1377 1281 1421 facta
1300 1377 1534 1420 collatione
1561 1377 1861 1434 praesentium

387 1448 485 1489 tota
517 1447 782 1503 praecedens
816 1447 1068 1490 amaritudo
1099 1446 1348 1490 iocunditas
1387 1448 1434 1490 et
1472 1446 1569 1490 uita
1608 1446 1864 1491 felicissima

387 1515 538 1559 fuerit.
598 1517 833 1574 Spinosam
857 1517 966 1560 dicit
984 1516 1241 1560 cathedram
1262 1516 1450 1559 Romani
1471 1516 1705 1574 pontificis,
1735 1531 1860 1560 man-

386 1589 484 1629 tum
514 1586 780 1630 acutissimis
810 1601 1125 1643 usquequaque
1151 1589 1402 1629 consertum
1427 1586 1591 1629 aculeis
1615 1589 1857 1644 tantaeque

388 1656 517 1699 molis
537 1659 589 1699 ut
608 1656 937 1699 robustissimos
957 1659 1131 1713 premat
1150 1658 1268 1699 terat
1287 1659 1332 1699 et
1352 1656 1624 1699 comminuat
1643 1657 1864 1711 humeros,
1883 1681 1927 1706 ,ο

386 1740 592 1768 coronam
613 1728 658 1769 et
679 1725 863 1782 frigium
883 1725 1003 1768 clara
1023 1725 1182 1768 merito
1197 1725 1340 1768 uideri
1357 1726 1565 1782 quoniam
1587 1726 1719 1783 ignea
1741 1729 1859 1771 sunt.

343 1806 367 1835 c
388 1795 477 1838 Sed
509 1810 751 1852 numquam
779 1810 807 1838 a
837 1795 978 1838 natali
1014 1795 1107 1838 solo
1138 1795 1327 1852 Angliae
1357 1795 1488 1839 malle
1523 1796 1666 1839 exisse
1700 1799 1780 1840 aut
1812 1796 1862 1841 in

384 1865 579 1909 claustro
609 1865 729 1908 beati
762 1865 864 1907 Rufi
895 1869 1109 1923 perpetuo
1148 1865 1330 1909 latuisse
1370 1865 1479 1909 dicit
1515 1880 1649 1923 quam
1689 1869 1850 1918 tantas,

384 1975 403 2014 5
431 1966 502 2003 deo
519 1965 594 2003 A·S
740 1978 785 2014 23
813 1968 894 2004 ruffi
912 1968 978 2005 SM

429 2070 450 2096 2
474 2072 621 2096 seruum
630 2073 837 2098 seruorum:
865 2074 940 2108 quo
958 2061 1072 2098 titulo
1090 2062 1226 2100 saltem
1243 2074 1266 2099 a
1283 2062 1455 2108 Gregorii
1469 2063 1601 2110 Magni
1618 2066 1790 2112 tempore
1807 2063 1850 2102 in

379 2107 517 2144 litteris
534 2111 695 2145 utuntur
711 2109 911 2156 pontifices
928 2109 1098 2146 Romani.
1242 2122 1277 2156 4,
1298 2119 1315 2157 5
1346 2113 1471 2147 Omnis
1483 2124 1641 2157 persona
1659 2114 1730 2149 Dei
1745 2125 1753 2150 :
1779 2112 1805 2149 i.
1816 2123 1849 2149 e.

378 2159 419 2193 et
438 2157 553 2193 Pater
568 2158 608 2192 et
627 2156 743 2193 Filius
760 2160 800 2194 et
818 2156 981 2203 Spiritus
999 2157 1169 2194 Sanctus.
1357 2169 1393 2194 11
1424 2160 1623 2195 Dominum
1641 2161 1712 2197 etc.
1730 2171 1850 2207 usque

376 2203 425 2240 ad
443 2205 627 2240 miserior:
656 2204 775 2242 minio
797 2204 944 2241 notavit
964 2205 1147 2242 Parkerus
1173 2205 1213 2241 in
1230 2205 1310 2242 cod.
1328 2205 1367 2247 C,
1387 2206 1625 2253 contulitque
1649 2209 1782 2246 Polior.
1802 2207 1850 2245 vi.

378 2261 435 2296 24,
460 2252 584 2287 Metal.
612 2251 658 2288 iv.
683 2263 740 2299 42.
800 2252 855 2288 Cf.
888 2252 1094 2289 Helinand.
1124 2253 1255 2289 Chron.
1283 2253 1400 2290 xlviii.
1429 2254 1498 2290 sub
1523 2265 1556 2291 a.
1587 2264 1677 2302 1154
1704 2255 1852 2304 (Migne

376 2300 418 2334 P.
452 2300 494 2334 L.
527 2298 636 2336 ccxii.
675 2299 803 2346 1058):
843 2301 941 2336 Huic
975 2302 1144 2336 Adriano
1180 2312 1302 2346 papae
1334 2303 1544 2347 familiaris
1575 2304 1658 2348 fuit
1692 2305 1854 2340 Ioannes

376 2348 651 2383 salesberiensis
682 2353 714 2383 et
746 2349 821 2393 ipse
852 2349 1029 2392 Anqlicus
1057 2349 1214 2391 natione,
1248 2350 1311 2395 qui
1339 2351 1382 2384 de
1410 2352 1528 2386 eodem
1561 2351 1730 2387 Adriano
1760 2353 1854 2388 talia

376 2395 506 2438 refert:
535 2396 700 2430 ‘Audiui
710 2407 849 2441 papam
862 2397 1073 2431 Adrianum
1089 2398 1260 2431 dicentem
1275 2399 1370 2442 quod
1386 2398 1550 2433 Romano
1565 2400 1736 2443 pontifice
1752 2411 1855 2436 nemo

376 2443 544 2477 miserior
565 2447 625 2487 est,
650 2445 851 2479 conditione
875 2445 953 2478 eius
976 2445 1080 2478 nulla
1107 2444 1356 2481 miserabilior.
1408 2446 1605 2481 Fatebatur
1631 2448 1728 2482 enim
1752 2459 1788 2483 se
1813 2449 1855 2483 in

375 2490 498 2525 eadem
512 2491 612 2531 sede:
631 2493 702 2526 ete.
900 2499 939 2534 17
966 2492 1045 2526 uita
1053 2492 1289 2536 felicissima:
1310 2493 1475 2537 felicitas
1492 2492 1619 2529 Helin.
1809 2495 1851 2531 18

374 2537 568 2581 Spinosam
584 2539 673 2573 dicit
695 2538 901 2574 cathedram
923 2539 1080 2574 Romani
1097 2540 1306 2584 pontificis:
1335 2538 1455 2576 minio
1478 2540 1627 2577 notavit
1655 2540 1852 2579 Parkerus.

382 2586 434 2626 18,
471 2594 511 2629 19
541 2590 726 2621 mantum:
759 2598 790 2621 v.
822 2585 1002 2632 Ducange
1036 2585 1094 2622 ed.
1130 2588 1227 2632 1885,
1255 2598 1287 2621 v.
1316 2596 1409 2634 235:
1449 2589 1618 2624 Mantum
1643 2601 1730 2625 uero
1766 2591 1855 2626 oum

373 2632 535 2667 habitum
555 2634 652 2667 inter
660 2635 883 2679 praecipuas
901 2645 1123 2669 summorum
1140 2635 1360 2678 Pontificum
1380 2640 1485 2671 vestes
1501 2637 1589 2671 adeo
1607 2641 1646 2672 ut
1663 2638 1855 2683 diym'tato‘s

375 2680 630 2714 innascituram
668 2692 739 2726 per
775 2682 870 2716 illud
910 2682 1120 2735 acciperent.
1170 2681 1264 2718 Vide
1299 2681 1400 2718 locos
1441 2682 1488 2718 ab
1530 2683 1663 2719 eodem
1704 2684 1851 2731 citatos,

374 2725 512 2780 quibua
544 2726 631 2763 addi
661 2731 789 2774 potest
818 2727 918 2774 quod
951 2727 1147 2764 Nicolaum
1184 2729 1238 2763 111
1274 2728 1378 2775 loqui
1412 2729 1505 2766 facit
1539 2730 1681 2768 Dantes
1707 2733 1851 2777 Infern.

375 2784 448 2809 xix.
483 2775 550 2818 69:
592 2776 709 2822 Sappa·
742 2776 830 2812 ch'io
855 2776 923 2820 sui
952 2778 1072 2811 vestito
1100 2778 1157 2811 del
1186 2788 1282 2821 yrun
1316 2782 1450 2813 manto.
1609 2789 1656 2814 20
1684 2785 1852 2824 premat:

375 2832 446 2856 om.
468 2820 589 2858 Helin.
764 2833 807 2860 22
826 2824 895 2859 Sed
911 2835 1108 2869 numquam
1125 2826 1185 2860 etc
1201 2836 1208 2860 :
1238 2835 1355 2870 usque
1373 2824 1421 2860 ad
1439 2826 1551 2861 exisse
1569 2824 1686 2861 minio
1704 2826 1854 2864 notavit

376 2868 570 2906 Parkerun.
800 2881 855 2915 22,
873 2880 918 2916 23
945 2872 985 2907 in
1002 2872 1158 2908 claustro
1175 2872 1269 2908 beati
1285 2873 1373 2917 Bam
1385 2883 1393 2908 ε
1422 2874 1524 2919 apud
1548 2874 1749 2910 Valentiam
1765 2874 1852 2913 add.

485 2943 553 2977 ⁴¹0
