1988 3250
219 190 299 239 783
317 186 347 228 d
686 187 889 233 IOANN
890 185 950 232 IS
989 186 1507 232 SARESBERIENSIS
1604 186 1719 249 [mn.
1734 195 1829 233 vm

361 311 524 360 mento,
555 309 627 353 cui
660 309 864 353 resistere
893 311 941 353 et
973 309 1273 354 contradicere
1302 324 1393 353 non
1422 309 1651 354 audebunt
1679 324 1831 354 omnes

361 379 607 422 aduersarii
627 379 779 422 nostri.
840 378 972 432 Quo?
1000 379 1159 436 inquis.
1220 379 1379 436 Opera,
1398 379 1592 436 inquam,
1612 394 1725 437 quae
1744 379 1831 436 ipsi

363 447 548 499 faciunt,
574 447 878 491 testimonium
907 447 1144 505 perhibent
1173 447 1228 491 de
1258 448 1332 490 eis.
1393 447 1443 491 Si
1471 448 1615 492 locum
1645 448 1833 506 quaeris,

363 517 568 560 effectum
598 530 686 574 quo
715 516 770 559 de
799 530 957 559 causae
986 516 1240 560 sinceritate
1269 519 1442 560 constet
1470 517 1677 570 attende;
1706 518 1833 561 cuius

364 586 483 630 enim
522 601 633 644 opus
681 586 847 629 bonum
895 587 975 638 est,
1014 586 1160 642 ipsum
1208 599 1382 643 quoque
1420 586 1586 629 bonum
1625 590 1704 631 est.
1782 586 1832 630 Si
1851 596 1872 636 5

363 658 600 706 auctorem,
621 670 721 698 eum
750 655 826 712 qui
847 655 935 697 ait:
966 654 1007 696 A
1029 654 1250 698 fructibus
1270 670 1423 698 eorum
1443 656 1713 714 cognoscetis
1733 669 1835 707 eos;

366 739 457 768 non
503 725 621 768 enim
663 727 811 782 potest
849 724 981 767 arbor
1019 724 1137 767 mala
1176 724 1351 767 fructus
1392 725 1530 768 bonos
1569 725 1715 769 facere
1754 727 1836 768 aut

221 798 303 848 784
321 808 352 839 a
368 794 614 838 conuersim
649 793 781 836 arbor
813 793 930 836 bona
961 793 1134 836 fructus
1165 793 1317 837 malos.
1379 793 1562 838 Possent
1592 809 1673 852 pro
1703 794 1777 845 eis,
1797 793 1836 836 si

368 863 468 922 quis
491 866 643 906 tamen
663 866 731 906 est
751 863 827 919 qui
848 862 911 906 eis
931 866 1107 906 censeat
1126 862 1462 914 detrahendum,
1477 863 1607 921 plura
1626 863 1836 921 proponi;

366 933 444 976 sed
463 933 511 975 in
531 932 787 976 defensione
806 947 958 975 eorum
988 932 1070 975 hoc
1089 946 1229 975 unum
1249 932 1452 977 sufficiat.
1509 932 1698 977 Constat
1717 932 1836 976 enim
1856 950 1899 975 ιο

366 1003 473 1060 quia
498 1002 811 1060 Apostolorum
838 1004 1014 1058 oportet
1039 1001 1224 1044 adorare
1250 1002 1442 1060 uestigia
1468 1005 1514 1045 et
1540 1002 1638 1046 illos
1664 1017 1758 1046 esse
1784 1004 1838 1045 ut

366 1075 516 1130 patres
535 1071 826 1122 honorandos,
838 1071 1041 1115 colendos
1053 1074 1106 1113 ut
1125 1071 1337 1123 dominos,
1351 1071 1428 1129 qui
1445 1086 1596 1115 eorum
1611 1071 1839 1130 possident

366 1141 515 1185 sedem
531 1144 576 1184 et
595 1141 832 1184 imitantur
846 1140 999 1183 uitam.
1050 1140 1160 1183 Illos
1179 1141 1329 1198 potius
1348 1141 1455 1185 haec
1475 1141 1640 1199 pagina
1659 1140 1839 1198 respicit

368 1211 445 1269 qui
476 1211 640 1269 plumis
666 1211 895 1254 uehuntur
921 1210 1176 1267 pensilibus,
1197 1211 1244 1253 in
1265 1211 1503 1255 saturitate
1523 1211 1756 1268 disputant
1783 1210 1838 1254 de

367 1281 557 1332 ieiuniis,
588 1284 635 1324 et
674 1280 791 1337 quod
826 1280 975 1323 uerbis
1007 1283 1218 1324 astruunt
1249 1281 1456 1338 operibus
1487 1280 1748 1333 destruunt3
1789 1280 1837 1323 in
1856 1292 1897 1330 ¹⁵

367 1365 502 1395 curru
532 1350 722 1393 eunuchi
752 1350 931 1407 reginae
961 1349 1203 1407 Ethiopum
1232 1350 1394 1394 clausis
1420 1350 1557 1394 oculis
1584 1350 1840 1408 Scripturas

368 1420 576 1464 locuntur
602 1422 648 1462 et
675 1419 890 1470 lectitant,
920 1422 966 1462 et
995 1434 1096 1462 eum
1126 1419 1203 1476 qui
1230 1419 1346 1463 sicut
1372 1420 1470 1463 ouis
1493 1419 1550 1463 ad
1579 1420 1840 1463 occisionem

369 1490 529 1534 ductus
569 1492 637 1532 est
671 1491 716 1532 et
757 1502 806 1531 os
845 1502 975 1531 suum
1014 1503 1160 1532 coram
1198 1504 1244 1532 se
1284 1489 1496 1533 tondente
1536 1504 1626 1532 non
1665 1489 1842 1547 aperuit

370 1559 584 1616 respicere
599 1557 899 1615 dedignantur
910 1561 991 1600 aut
1005 1562 1242 1615 nequeunt,
1257 1574 1336 1602 nec
1351 1559 1616 1616 discipulum
1636 1559 1842 1602 ueritatis

323 1629 352 1668 b
372 1629 671 1685 interpretem,
691 1627 829 1670 donec
856 1627 1124 1671 descendant
1151 1628 1208 1670 ad
1229 1643 1367 1685 aquas
1387 1628 1548 1685 quibus
1568 1629 1842 1672 mundentur
1859 1641 1904 1667 πο

371 1697 429 1740 ab
466 1696 673 1754 operibus
719 1696 918 1747 mortuis,
957 1696 1202 1755 dignantur
1240 1698 1457 1756 colligere.
1534 1697 1706 1754 Vtique,
1737 1697 1843 1742 licet

372 1766 705 1824 Scripturarurn
752 1766 975 1810 insideant
1014 1767 1124 1810 rotis
1163 1770 1210 1810 et
1248 1770 1542 1824 pennatorum
1582 1767 1842 1810 animalium

372 1835 542 1893 impetu
582 1835 877 1893 perferantur,
917 1835 1071 1892 lingua
1110 1850 1273 1886 eorum,
1308 1850 1409 1879 cum
1449 1836 1503 1879 de
1542 1836 1843 1893 superioribus

370 1904 683 1961 disputauerit,
698 1907 866 1947 terram
889 1904 1023 1962 lingit
1035 1919 1045 1957 ;
1074 1919 1153 1948 nec
1174 1904 1431 1961 Scripturas
1451 1904 1722 1962 intelligunt,
1738 1905 1844 1963 quia

371 1988 448 2017 cor
480 1988 631 2017 eorum
664 1989 752 2017 non
783 1974 929 2032 aperit
963 1974 1247 2017 scientiarum
1281 1974 1500 2017 Dominus
1540 1974 1616 2031 qui
1656 1975 1844 2032 aperuit,
1863 1991 1903 2027 ²5

372 2043 488 2086 sicut
528 2043 575 2085 in
619 2042 806 2086 Actibus
845 2042 1160 2100 Apostolorum
1200 2043 1415 2100 scriptum
1455 2046 1534 2094 est,
1577 2058 1653 2086 cor
1692 2043 1845 2087 Lidiae

374 2111 666 2170 purpurariae
696 2115 748 2155 ut
777 2112 954 2155 audiret
983 2127 1035 2155 ea
1065 2127 1176 2169 quae
1207 2112 1469 2155 dicebantur
1503 2127 1530 2156 a
1563 2113 1711 2165 Paulo,
1732 2128 1846 2171 quae

375 2181 549 2225 fidelius
577 2181 735 2224 humili
763 2181 1015 2224 obedientia
1041 2181 1351 2224 mandatorum
1380 2196 1514 2238 quam
1544 2182 1846 2240 disputatione

375 2251 562 2295 uerbosa
583 2251 726 2294 Deum
749 2250 1009 2294 timentibus
1029 2250 1323 2294 innotescunt.
1385 2250 1477 2294 Fur
1496 2254 1646 2295 autem
1667 2252 1767 2309 quis
1786 2252 1847 2296 sit

374 2320 541 2377 duplici
570 2320 741 2363 ratione
768 2319 1002 2377 colligitur.
1021 2322 1030 2329 ’
1064 2318 1181 2362 Nam
1214 2319 1287 2363 ille
1322 2320 1398 2377 qui
1429 2320 1484 2364 de
1513 2320 1847 2365 conuersatione
1866 2337 1908 2372 30

375 2428 397 2463 4
424 2418 471 2455 de
489 2417 640 2463 causae]
658 2418 784 2455 deesse
801 2416 898 2454 CBA
1062 2427 1100 2462 ¹7
1128 2417 1337 2464 loquuntur
1353 2417 1385 2453 A
1545 2428 1592 2465 30
1617 2417 1790 2466 dupplici
1806 2418 1847 2455 M

375 2465 620 2502 comici-sione
638 2465 699 2502 CB

426 2556 446 2582 2
475 2548 592 2593 Opera
608 2548 705 2583 cte.:
731 2558 763 2582 v.
785 2545 914 2583 Ioann.
934 2557 965 2583 v.
986 2546 1040 2592 36.
1227 2555 1248 2591 3
1274 2547 1412 2582 locum.
1439 2545 1493 2583 De
1509 2545 1582 2584 hoc
1600 2545 1685 2584 loco
1703 2545 1751 2583 of.
1769 2545 1848 2584 Cic.

381 2594 532 2640 Top.18
551 2594 569 2677 ᾗ
589 2595 645 2638 67.
764 2594 788 2631 6
813 2596 845 2630 A
854 2594 1040 2640 fructibus
1057 2595 1155 2630 etc.:
1182 2592 1290 2630 Matt.
1309 2593 1372 2630 vii.
1394 2594 1447 2639 16,
1471 2603 1524 2640 17.
1648 2604 1690 2639 14
1708 2595 1850 2641 plumis

377 2644 471 2678 οιο.;
497 2653 528 2677 v.
571 2640 961 2688 uv.Sat.i.158,159.
1142 2650 1195 2687 15
1218 2642 1259 2677 16
1285 2642 1324 2676 in
1342 2653 1454 2677 cum-u
1471 2644 1568 2678 etc.:
1595 2653 1630 2677 v.
1646 2640 1731 2679 Act.
1747 2642 1846 2689 App.

378 2688 456 2725 viii.
484 2698 526 2733 ²7
541 2701 644 2735 seqq.
750 2699 809 2748 2ο
830 2699 871 2725 21
900 2689 1122 2725 mundentur
1136 2692 1232 2725 stoa
1262 2699 1293 2724 v.
1315 2688 1429 2725 Hebr.
1447 2687 1499 2726 ix.
1523 2699 1575 2734 14.
1682 2699 1726 2725 22
1751 2690 1848 2726 Sem·-

376 2741 574 2790 plurmum
595 2740 688 2773 etc.:
722 2748 752 2773 v.
780 2716 912 2773 Fl.zcch
930 2735 954 2773 i.
974 2745 1113 2782 sseqq.
1130 2747 1215 2772 cum
1239 2734 1352 2783 Greg.
1376 2734 1426 2772 M.
1452 2736 1555 2772 Hom.
1576 2737 1617 2772 in
1635 2737 1763 2773 much.
1785 2735 1849 2774 vii.

381 2784 440 2838 §8
460 2782 607 2830 (Mignc
627 2784 665 2819 P.
685 2784 730 2819 L.
748 2782 859 2820 lxxvi.
879 2784 959 2830 843,
977 2784 1022 2828 84
1053 2788 1073 2823 ).
1168 2792 1211 2829 25
1237 2785 1471 2820 εοῐεηειαηυη
1488 2785 1688 2821 Dominus:
1717 2794 1732 2822 1
1753 2782 1848 2831 Reg.

379 2842 419 2868 n.
438 2840 469 2878 3.
614 2833 836 2879 quiapemn't
853 2833 948 2868 etc..
975 2842 1006 2867 v.
1058 2832 1104 2868 οι.
1127 2829 1222 2877 App.
1240 2830 1313 2867 xvi.
1336 2841 1389 2878 14.

487 2901 556 2946 23⁶
