1988 3250
278 228 363 271 739
383 230 410 262 c
752 216 1014 262 IOANNIS
1055 217 1570 262 SARESBERIENSIS
1671 213 1783 277 [mn.
1797 223 1893 261 vnt

422 336 636 382 defuncta
654 337 743 382 uiri
759 352 892 382 cursu
907 341 1003 382 etas
1018 338 1317 396 ingredientes
1331 341 1557 382 actuosam
1567 337 1709 381 uitam
1722 335 1892 381 fauoris

422 406 710 450 nutrimentis
742 407 1102 464 prosequebatur.
1162 406 1283 460 Quas
1309 406 1521 457 Athenas,
1548 421 1682 463 quam
1716 405 1891 456 scolam,

423 491 538 533 quae
560 476 809 534 alienigena
835 476 985 520 studia
1008 476 1112 519 huic
1139 476 1404 519 domesticae
1430 475 1690 533 disciplinae
1713 477 1891 532 praetu-

423 545 580 589 lerim?
638 546 752 589 Inde
777 546 1036 589 oriebantur
1060 545 1239 590 Camilli
1279 545 1512 602 Scipiones
1549 545 1741 588 Fabricii
1763 543 1891 587 Fabii

423 618 470 658 et
485 615 694 658 Marcelli.
752 615 828 666 Ac,
843 630 899 658 ne
919 615 1097 672 singula
1118 615 1306 658 Romani
1326 614 1501 671 imperii
1521 614 1691 657 lumina
1710 627 1890 671 percur-
1909 631 1929 665 5

423 683 562 727 rendo
585 684 669 727 sim
697 684 882 742 longior,
901 684 1004 727 inde
1032 684 1114 727 celi
1139 683 1379 740 superioris
1405 683 1650 726 clarissima
1673 697 1776 740 pars
1796 681 1892 725 diui

424 751 608 797 Cesares
647 753 919 797 effulserunt.
993 753 1115 796 Haec
1150 753 1367 796 Valerius.
1427 752 1516 795 Sed
1548 754 1594 796 et
1627 752 1721 809 ipse
1754 751 1895 804 Plato,

424 836 526 866 cum
542 825 657 865 esset
671 823 797 866 diues
816 826 911 880 (pro
930 825 1128 879 tempore
1147 824 1298 865 tamen
1319 824 1364 864 et
1384 821 1664 875 conditione),
1681 823 1727 864 et
1741 821 1894 864 thoros

380 892 410 933 d
426 891 521 935 eius
540 891 761 950 Diogenes
787 892 943 935 lutatis
967 892 1153 949 pedibus
1179 891 1470 944 conculcaret,
1489 893 1541 934 ut
1567 893 1716 948 posset
1734 903 1894 934 uacare

424 961 739 1018 philosophiae,
774 961 910 1018 elegit
944 961 1273 1011 Achademiam‚
1303 960 1459 1003 uillam
1493 960 1551 1003 ab
1582 960 1692 1003 urbe
1725 959 1892 1017 procul,
1913 971 1955 1004 ιο

422 1044 513 1074 ιιοιι
552 1030 694 1074 solum
733 1031 953 1074 desertam
992 1030 1068 1074 sed
1108 1031 1243 1074 etiam
1282 1030 1575 1087 pestilentem,
1609 1031 1662 1072 ut
1700 1043 1808 1073 cura
1846 1031 1894 1073 et

423 1168 542 1226 lique
577 1169 646 1212 sui
688 1169 857 1212 nullam
892 1169 1026 1212 aliam
1061 1169 1278 1212 sentirent
1311 1169 1590 1226 uoluptatem
1622 1168 1709 1211 nisi
1741 1182 1894 1212 earum

423 1253 571 1282 rerum
600 1253 710 1295 quas
733 1238 965 1283 discerent.
1039 1238 1120 1282 Est
1147 1242 1298 1282 autem
1327 1239 1403 1282 uia
1430 1239 1635 1282 omnibus
1665 1237 1894 1296 praeclusa

422 1307 679 1364 disciplinis,
712 1307 750 1350 si
779 1322 923 1351 comes
952 1307 1198 1365 sapientiae
1228 1308 1444 1351 sobrietas
1479 1311 1723 1358 amouetur,
1759 1321 1893 1365 quam
1912 1316 1952 1350 ¹5

423 1377 579 1434 utique
614 1380 764 1420 tenere
798 1391 889 1419 non
928 1379 1116 1434 possunt
1156 1377 1233 1434 qui
1272 1377 1506 1420 clamitant
1544 1377 1664 1435 apud
1703 1376 1896 1421 insulsos

424 1446 574 1490 omnia
593 1446 718 1489 siccis
738 1445 852 1489 dura
878 1460 972 1489 esse
996 1446 1234 1504 proposita.
1296 1446 1391 1504 Ego
1415 1446 1594 1504 quidem
1621 1446 1727 1490 noui
1754 1446 1896 1489 homi-

423 1530 525 1558 nem
546 1515 675 1573 longe
695 1515 951 1558 inferiorem
973 1515 1157 1559 Platone
1179 1515 1280 1571 (nisi
1302 1516 1407 1573 quia
1423 1515 1707 1560 Christianus
1726 1518 1794 1559 est
1813 1529 1894 1559 nec

423 1584 595 1628 licitum
619 1584 813 1627 arbitror
841 1583 1098 1628 Christiano
1128 1583 1344 1641 praeferri
1365 1584 1436 1627 uel
1467 1583 1893 1640 Platonem)—noui,·

422 1654 616 1711 inquam,
640 1653 862 1697 hominem
886 1653 1199 1711 egrotatiuum,
1218 1654 1471 1697 morborum
1496 1654 1675 1697 incursu
1703 1653 1892 1705 assiduo,
1912 1664 1956 1690 ²0

422 1723 529 1766 dum
563 1726 714 1766 tamen
744 1738 834 1766 non
868 1725 1123 1766 excrescant
1160 1737 1294 1780 super
1331 1723 1378 1766 id
1418 1723 1536 1780 quod
1576 1722 1694 1767 ferre
1733 1725 1893 1780 potest,

268 1811 356 1851 740
375 1812 406 1842 a
422 1792 690 1850 gaudentem
710 1795 762 1835 ut
782 1792 927 1835 carnis
947 1792 1130 1835 lasciuia
1149 1794 1405 1836 conteratur
1425 1795 1470 1836 et
1490 1793 1675 1850 spiritus
1695 1792 1895 1850 erigatur

423 1864 470 1905 et
506 1861 739 1905 roboretur
777 1861 824 1904 in
863 1861 1136 1919 agnitionem
1177 1861 1275 1913 Dei,
1310 1865 1613 1919 contemptum
1649 1861 1818 1916 mundi,
1849 1863 1896 1905 et

422 1930 683 1974 exercitium
710 1930 906 1981 uirtutis,
931 1934 976 1974 et
1001 1931 1047 1973 id
1071 1931 1213 1974 solum
1243 1930 1578 1982 desiderantem,
1606 1931 1713 1974 dum
1740 1945 1895 1975 sensus

422 2000 596 2043 animae
626 2003 672 2043 et
701 1999 896 2057 corporis
931 2004 1167 2043 seruentur
1201 2000 1441 2044 incolumes
1471 2004 1516 2044 et
1551 2001 1645 2058 ipse
1678 2001 1895 2045 uiolentia
1913 2009 1956 2047 ²5

423 2069 692 2128 egritudinis
711 2084 738 2111 a
756 2069 964 2126 gerendis
984 2084 1073 2112 non
1090 2073 1333 2121 reuocetur,
1349 2070 1529 2127 aliquod
1544 2070 1781 2128 flagellum,
1796 2070 1895 2114 leue

423 2142 574 2183 tamen
607 2142 653 2182 et
679 2138 856 2183 infirmo
880 2138 1121 2189 tolerabile,
1141 2138 1196 2182 de
1220 2154 1356 2182 manu
1377 2139 1558 2182 Domini
1586 2142 1895 2197 expectantem

423 2211 470 2251 et
499 2207 851 2265 amplectentem.
921 2207 1136 2251 Platonici
1167 2223 1272 2266 ergo
1302 2211 1348 2251 et
1378 2208 1516 2252 Stoici
1549 2209 1596 2251 in
1627 2210 1896 2268 templorum

427 2308 445 2346 ς
472 2299 523 2335 At
541 2299 580 2335 M
746 2299 771 2336 6
793 2298 1000 2346 superioris
1017 2298 1114 2336 caeli
1132 2299 1171 2335 M
1347 2310 1391 2346 23
1417 2299 1615 2347 agnitione
1633 2300 1673 2337 M
1847 2301 1896 2339 28

423 2345 545 2393 ntoyci
563 2347 597 2383 A

473 2444 494 2480 7
520 2435 638 2471 Sedet
655 2437 731 2481 ipse
748 2436 852 2470 Plato
869 2436 944 2471 etc,
964 2445 1082 2482 usque
1101 2433 1149 2470 ad
1171 2436 1369 2471 dizscerent
1397 2434 1551 2472 Hieron.
1578 2437 1658 2474 adv.
1683 2438 1797 2475 Iovia.
1814 2434 1855 2475 ii.
1871 2446 1896 2484 9

426 2481 572 2529 (Migne
596 2483 636 2519 P.
666 2484 706 2518 L.
735 2481 840 2519 xxiii.
866 2483 966 2528 298).
1145 2483 1166 2518 8
1190 2494 1258 2528 pro
1282 2487 1437 2528 tempore
1465 2488 1586 2520 tamen
1613 2489 1646 2519 et
1673 2486 1894 2539 conditione.

427 2540 503 2566 non
521 2540 567 2565 ex
585 2529 830 2576 Hieronymo.
1034 2538 1075 2574 17
1101 2532 1224 2565 omnia
1242 2531 1341 2566 etc.:
1370 2543 1403 2566 v.
1421 2530 1510 2566 Hor.
1534 2532 1654 2567 Car-m.
1673 2531 1697 2568 i.
1719 2532 1772 2569 18.
1789 2542 1836 2578 33

423 2587 537 2632 supra
554 2576 602 2613 ad
620 2576 1181 2633 vi.19(617n)18,19
1207 2589 1269 2613 nec
1286 2578 1426 2613 licitum
1444 2580 1540 2615 etc.:
1566 2590 1597 2615 v.
1617 2579 1701 2625 Aug
1707 2579 1830 2616 ..doc
1846 2581 1894 2617 D.

425 2623 465 2662 ii.
489 2633 541 2668 14.
713 2634 760 2660 2ο
783 2624 963 2659 hommem
979 2626 1240 2669 caronnacum.
1268 2623 1323 2662 De
1339 2637 1378 2662 ne
1395 2624 1407 2660 i
1411 2636 1476 2672 pso
1495 2625 1684 2671 loquitur;
1674 2590 1757 2663 gcf.
1781 2638 1897 2675 supra

425 2670 465 2709 ii.
483 2681 531 2718 29
550 2670 636 2716 (476
651 2671 691 2714 Β)
712 2672 808 2715 Quid
824 2673 866 2707 dc
892 2673 1037 2707 medicis
1058 2674 1232 2717 practicis
1255 2674 1374 2708 dicam
1390 2638 1434 2708 ?p
1455 2674 1559 2709 Absit
1583 2678 1624 2709 ue
1647 2675 1691 2710 de
1713 2675 1772 2711 hie
1795 2676 1896 2721 quid·

422 2731 531 2776 quam
559 2730 772 2765 pov-uenum
799 2720 936 2766 loquar.
984 2720 1033 2755 In
1060 2731 1193 2755 manue
1217 2721 1312 2755 enim
1337 2732 1471 2762 eor-um,
1490 2722 1714 2767 amentibus
1738 2724 1897 2768 peccatis

423 2768 522 2809 mein,
552 2767 664 2801 nimiu
681 2767 895 2813 frequenter
918 2767 1048 2802 incido.
1274 2777 1331 2812 24,
1351 2776 1394 2814 25
1420 2779 1545 2804 ασκεω
1568 2771 1713 2823 animae
1729 2771 1820 2806 eta:
1847 2768 1895 2807 cf.

424 2812 619 2899 ‘'TEa-‚u
608 2825 640 2849 v.
659 2823 716 2859 23.
714 2861 766 2907 8)
855 2814 900 2851 28
926 2814 1105 2851 Platonici
1121 2815 1218 2852 eta·
1243 2795 1400 2852 Ilici-on.
1420 2817 1499 2853 adv.
1516 2816 1630 2853 Iovia.
1648 2815 1687 2854 ii.
1705 2826 1728 2864 9
1747 2815 1894 2865 (Migne

544 2859 649 2898 xxiii.
666 2870 713 2908 29

536 2933 600 2978 278
