1988 3250
136 185 235 227 w.
247 174 355 243 xxx]
642 178 1078 227 PomcssArIovs
1613 196 1694 237 ⁷97
1712 195 1742 225 a

134 302 245 354 illos,
265 302 472 360 quoniam
498 301 679 345 tradens
702 300 852 344 tradet
879 300 978 344 illos
1005 301 1126 344 Deus
1154 316 1304 345 eorum
1324 304 1409 347 tibi
1430 307 1475 348 et
1494 305 1596 348 sub-

133 371 276 428 iugati
306 373 438 414 erunt
465 370 549 413 sub
577 369 682 427 iugo
711 369 936 426 potentiae
963 371 1079 412 tuae.
1154 369 1203 412 Si
1233 374 1382 414 autem
1411 388 1500 416 non
1530 377 1598 418 est

131 439 313 483 offensio
331 439 483 496 populi
497 438 630 481 huius
641 452 787 481 coram
800 437 896 480 Deo
915 451 1007 488 suo,
1018 452 1107 480 non
1127 439 1369 495 poterimus
1385 442 1597 494 resistere,

133 508 340 566 quoniam
361 508 482 551 Deus
501 522 652 551 eorum
668 506 877 550 defendet
895 506 994 550 illos
1009 509 1055 550 et
1071 506 1234 550 erimus
1249 507 1296 550 in
1311 511 1597 566 opprobrium

14 587 15 591 ’
93 586 114 628 3
131 577 364 622 uniuersae
382 580 541 621 terrae.

131 715 237 776 Cap.
259 730 325 763 21.
387 717 612 762 Omnium
642 717 944 762 tirannorum
962 716 1111 774 finem
1140 731 1225 762 esse
1257 718 1493 762 vni-sermm
1507 738 1526 770 ,·
1557 724 1596 763 et

244 788 365 846 quod
393 788 451 832 in
480 803 549 833 eos
576 788 697 831 Deus
727 788 979 831 vindictam
1008 791 1180 839 excercet,
1201 787 1243 831 εἰ
1271 802 1443 832 manus
1471 793 1596 832 cesset

243 857 464 909 humana,
485 861 523 901 et
551 857 629 902 Ῑιοο
658 858 715 900 in
742 856 943 902 Iuliano
971 861 1177 914 apostata
1204 861 1243 901 et
1263 858 1425 901 multis
1443 872 1598 902 sacrae

243 927 509 984 Scripturas
523 931 647 984 patet
667 927 890 984 eaeemplis.

0 1019 14 1071 2³
71 1040 112 1066 ιο
187 1018 311 1062 Finis
327 1018 444 1061 enim
459 1017 738 1061 tirannorum
753 1017 954 1061 confusio
969 1020 1059 1070 est3
1083 1017 1140 1061 ad
1156 1017 1388 1061 interitum
1404 1018 1594 1076 quidem,

127 1088 166 1132 si
193 1088 241 1130 in
260 1087 432 1130 malitia
451 1090 760 1144 perseuerant;
791 1086 829 1130 si
853 1089 1129 1137 reuocentur,
1149 1087 1206 1130 ad
1226 1087 1416 1132 ueniam.
1476 1087 1594 1131 Nam

128 1161 174 1202 et
209 1157 293 1215 ipsi
327 1157 502 1215 flagello
539 1159 725 1214 paratur
764 1155 1029 1207 incendium,
1063 1171 1163 1200 cum
1200 1156 1247 1199 in
1279 1157 1593 1201 correctionem

126 1227 319 1270 filiorum
349 1240 401 1270 eo
430 1225 568 1269 fuerit
597 1239 703 1268 usus
734 1224 876 1268 Pater.
936 1224 995 1268 Et
1024 1224 1196 1282 inquit:
1227 1226 1350 1269 Acab
1374 1227 1592 1270 reueritus
1608 1229 1638 1268 b

2 1336 6 1355 2
127 1299 196 1340 est
222 1295 380 1339 faciem
400 1308 568 1347 meam3
597 1309 687 1337 non
711 1294 916 1338 inducam
945 1294 1110 1337 malum
1135 1295 1217 1338 hoc
1237 1295 1284 1338 in
1309 1295 1464 1339 diebus
1484 1296 1592 1340 eius.

69 1382 108 1417 ¹⁵
127 1366 191 1409 At
211 1365 382 1408 Iezabel
402 1365 449 1407 in
465 1364 625 1408 seuitia
639 1378 925 1421 perseuerans
939 1364 1157 1422 condigno
1171 1364 1448 1408 crudelitatis
1468 1366 1594 1409 exitu

125 1435 386 1493 sanguinem
416 1449 545 1477 suum
575 1433 758 1477 canibus
790 1433 1047 1491 lingendum
1077 1434 1284 1491 praebuit
1314 1435 1359 1477 in
1392 1435 1486 1478 loco
1516 1436 1593 1478 ubi

124 1503 385 1562 sanguinem
418 1503 664 1547 innocentis
696 1502 879 1546 Naboth
915 1503 1140 1546 linxerant
1171 1518 1310 1547 canes.
1386 1504 1515 1558 Quod
1554 1505 1592 1548 si

124 1573 190 1618 ita
222 1573 468 1617 innocentis
498 1572 737 1616 Nabuthae
767 1572 948 1630 sanguis
983 1573 1246 1630 exquiritur,
1276 1574 1493 1631 numquid
1523 1577 1593 1618 tot

125 1643 410 1688 innocentum
440 1642 621 1700 sanguis
651 1642 931 1699 irrequisitus
960 1642 1077 1686 erit?
1136 1642 1322 1685 Vineam
1353 1643 1460 1686 iusti
1491 1659 1593 1687 con·

65 1727 108 1753 ao
123 1713 295 1771 cupiuit
313 1711 518 1770 impietas
538 1714 584 1755 et
610 1711 657 1754 in
683 1711 1054 1769 permutationem
1075 1711 1169 1755 eius
1188 1712 1328 1755 totius
1348 1713 1473 1770 regni
1495 1713 1594 1757 iura.

123 1782 285 1828 amisit.
330 1782 521 1825 Punitur
539 1784 689 1824 autem
710 1780 882 1824 malitia
901 1796 1073 1838 semper
1091 1796 1119 1824 a
1132 1782 1344 1835 Domin03
1364 1783 1440 1826 sed
1455 1784 1591 1827 inter-

122 1852 229 1896 dum
263 1866 355 1903 su0,
389 1851 613 1895 interdum
648 1851 774 1908 quasi
807 1850 999 1894 hominis
1030 1851 1176 1894 utitur
1214 1852 1303 1894 telo
1343 1852 1390 1894 in
1430 1867 1590 1910 penam

122 1921 370 1979 impiorum.
448 1920 624 1963 Afflixit
665 1920 836 1964 Pharao
875 1921 1087 1978 populum
1128 1920 1212 1963 Dei
1256 1924 1302 1964 et
1340 1922 1397 1964 ab
1436 1923 1589 1965 eodem

122 1990 408 2050 grauissimis,
437 1990 551 2034 sicut
580 1990 627 2032 in
659 1990 813 2033 Exodo
842 1990 1017 2048 legitur,
1046 1990 1297 2048 flagellatus
1327 1995 1395 2035 est
1432 1992 1588 2050 plagis.

63 2076 104 2111 2⁵
123 2060 244 2114 Quas
275 2060 471 2104 breuiter
508 2062 560 2102 ut
593 2059 767 2103 fidelius
799 2062 1046 2111 teneantur,
1076 2064 1219 2104 metro
1252 2062 1588 2119 comprehensas
1605 2079 1629 2108 c

121 2129 274 2174 curaui
297 2130 510 2173 inserere:

238 2209 386 2252 Prima
414 2209 576 2252 rubens
605 2209 737 2260 unda,
767 2224 900 2252 ranae
930 2210 1141 2267 tabesque
1171 2211 1372 2254 secunda.

236 2267 347 2310 Inde
374 2267 502 2311 culex
531 2267 686 2319 tristis,
714 2271 816 2325 post
845 2283 996 2312 musca
1024 2269 1223 2312 nociuior
1252 2269 1362 2314 istis.

121 2399 146 2434 4
169 2387 381 2433 erimusque
398 2387 423 2425 S
537 2387 780 2434 obprobrium
796 2387 863 2424 SM
1006 2390 1029 2425 6
1053 2390 1303 2434 tyrannorum
1321 2389 1410 2426 CBS
1428 2392 1469 2425 in
1486 2391 1584 2428 rubr.

122 2448 200 2482 cap.
213 2436 332 2481 praes.
451 2444 493 2472 ια
517 2435 751 2472 correctione
770 2435 846 2472 0¹A
967 2445 1009 2481 17
1035 2437 1152 2472 nabot
1170 2436 1194 2472 S
1317 2440 1358 2473 18
1384 2437 1584 2475 Nabuthae

104 2477 335 2520 'innocentis
350 2481 391 2517 M
531 2481 727 2530 sanguinis
743 2483 805 2519 CB
948 2494 994 2528 24
1018 2487 1075 2520 est
1091 2496 1158 2521 om.
1178 2483 1203 2520 S

173 2602 215 2638 13
241 2592 342 2628 Acab
358 2591 453 2627 etc:
478 2603 511 2626 v.
531 2600 554 2645 3
567 2590 661 2638 Reg.
677 2591 754 2628 xxi.
773 2602 830 2638 29.
1053 2601 1092 2640 ις
1118 2594 1258 2629 Iezabel
1274 2595 1369 2630 etc.:
1397 2593 1584 2631 Memoria.

122 2639 271 2676 fallitur
296 2638 466 2682 Ioannes,
492 2649 557 2683 qm
581 2650 722 2684 poenas
749 2651 843 2685 quas
870 2639 1001 2676 Achab
1022 2640 1136 2677 luisse
1162 2643 1337 2677 narratur
1360 2641 1401 2676 in
1426 2653 1582 2678 uxorem

121 2686 203 2724 eius
231 2684 380 2722 Iezabel
407 2685 625 2730 transtulit3
659 2698 692 2722 v.
720 2697 741 2732 3
770 2687 862 2733 Reg.
889 2687 965 2724 xxi.
997 2698 1050 2733 19,
1076 2687 1166 2723 xxii.
1198 2690 1264 2734 38;
1302 2688 1350 2725 de
1376 2688 1523 2725 Iezabel
1547 2702 1582 2726 v.

122 2744 143 2780 3
161 2734 252 2780 Reg.
269 2731 345 2768 xxi.
363 2742 419 2778 23,
437 2742 460 2777 4
477 2732 568 2778 Reg.
585 2731 635 2768 ix.
653 2733 709 2778 36.
882 2745 927 2779 23
952 2736 1096 2771 Pharao
1109 2738 1203 2772 etc.:
1230 2748 1262 2771 v.
1279 2734 1397 2771 Exod.
1415 2736 1466 2771 vii
1478 2748 1580 2782 seqq.

122 2790 166 2824 27
191 2782 316 2816 Prima
335 2780 426 2816 etc.:
454 2778 509 2815 De
532 2779 633 2816 hisce
653 2779 843 2816 versiculis
861 2793 893 2818 v.
917 2782 1094 2818 Haureau
1118 2784 1188 2818 Les
1208 2784 1386 2827 me'lanqes
1404 2786 1583 2830 podtiquoe

120 2828 342 2864 d'Hildebere
363 2828 406 2863 de
427 2827 613 2863 Lavardin
636 2838 701 2873 pp.
722 2837 798 2871 121,
820 2838 895 2865 122.
944 2827 1085 2865 Dubito
1107 2831 1237 2865 tamen
1261 2840 1323 2874 an,
1347 2832 1391 2865 ut
1412 2830 1493 2866 vult
1514 2830 1581 2868 ills

1408 2909 1472 2944 37⁹
