1988 3250
212 224 281 264 811
298 224 330 264 a
655 221 919 267 IOANNIS
959 222 1476 268 SARESBERIENSIS
1594 221 1706 284 [ΗΒ.
1721 232 1823 268 vnr

345 342 535 386 alterum
575 346 855 401 segregretur
897 342 955 386 ab
996 343 1148 388 altero.
1223 342 1473 388 Cessabunt
1521 343 1652 401 plane
1699 343 1818 387 bella

344 412 507 463 ciuilia,
527 412 565 455 si
588 412 941 470 praesumptioni
959 412 1075 455 desit
1099 413 1366 456 temeritatis
1385 413 1575 457 adiutor.
1635 413 1730 457 Nec
1750 416 1819 456 est

346 481 424 538 qui
444 481 645 525 conciues
664 482 803 539 possit
822 496 980 539 urgere
999 482 1057 524 ad
1078 481 1287 533 furorem,
1317 482 1403 525 nisi
1434 497 1507 525 eos
1536 482 1818 539 aliquatenus

346 550 444 608 ipsa
477 550 666 594 delectet
707 551 891 594 insania.
952 551 1117 608 Vtique
1156 551 1395 594 necessitas
1433 551 1695 594 confurendi
1737 554 1818 594 aut

345 619 470 662 nulla
489 620 669 663 omnino
688 623 768 663 aut
788 624 840 662 ut
859 620 1050 663 multum
1070 619 1335 677 imaginaria
1354 622 1434 663 est.
1494 620 1617 664 Haec
1643 635 1818 677 quoque
1835 635 1856 670 5

346 689 579 746 permultis
612 689 906 746 maximisque
935 689 1142 746 periculis
1171 692 1309 746 patet,
1334 703 1522 745 quorum
1551 704 1680 732 nemo
1709 689 1820 732 satis

345 758 540 802 declinat
565 762 786 809 euentum,
814 759 900 801 nisi
929 761 1192 815 praecaueat
1222 757 1494 801 facultatem.
1552 758 1710 801 Innuit
1738 759 1821 802 hoc

345 830 478 885 poeta
503 828 794 885 grauissimus
821 831 912 878 aut,
936 827 973 870 si
994 828 1124 870 iuxta
1144 827 1472 880 Quintilianum
1492 828 1655 872 rectius
1675 827 1820 871 dicere

347 896 557 940 malueris
585 900 817 947 oratorem,
844 912 932 940 non
961 911 1172 953 repugno,
1195 896 1302 938 dum
1325 899 1498 940 constet
1516 897 1822 955 praecauenda

299 971 331 1011 b
350 981 443 1010 esse
463 966 598 1010 etiam
622 982 735 1024 quae
761 970 947 1024 possunt
974 966 1152 1008 euenire
1179 965 1376 1023 pericula
1405 969 1451 1009 et
1480 966 1820 1010 uniuersitatem
1840 984 1882 1008 10

348 1036 406 1078 ab
454 1049 544 1079 uno
593 1036 792 1092 quolibet
834 1035 931 1093 cogi
971 1050 1061 1078 non
1101 1049 1229 1092 posse
1267 1037 1321 1078 ut
1359 1035 1512 1079 sceleri
1551 1036 1822 1094 obsequatur

346 1106 502 1150 inuita.
562 1106 642 1149 Ait
671 1106 814 1149 enim:

464 1192 551 1236 Hic
571 1192 776 1249 quamuis
794 1192 918 1235 nullo
937 1191 1184 1235 maculatus
1202 1192 1418 1250 sanguine
1438 1192 1564 1235 miles

465 1265 577 1307 quae
597 1251 746 1307 potuit
766 1250 920 1293 fecisse
940 1250 1084 1293 timet.
1145 1250 1263 1303 Quid
1283 1253 1462 1307 pectora
1481 1250 1639 1308 pulsa?

465 1309 572 1365 quid
592 1324 754 1352 uesane
773 1309 944 1366 gemis?
973 1308 1080 1365 quid
1099 1307 1231 1351 fletus
1250 1308 1403 1351 fundis
1421 1308 1607 1353 inanes?
1843 1331 1884 1366 15

467 1367 562 1410 Nec
582 1371 626 1410 te
646 1370 803 1424 sponte
822 1370 903 1409 tua
922 1367 1074 1410 sceleri
1094 1381 1249 1423 parere
1269 1366 1455 1410 fateris?

466 1425 614 1482 Vsque
635 1425 801 1468 adeone
821 1425 952 1468 times
973 1439 1103 1482 quem
1124 1429 1176 1467 tu
1197 1424 1307 1468 facis
1327 1440 1420 1468 esse
1440 1425 1723 1471 timendum?

467 1483 662 1527 Classica
682 1484 759 1526 det
778 1483 893 1526 bello
911 1501 921 1535 3
951 1483 1070 1526 diros
1089 1486 1142 1526 tu
1162 1483 1336 1540 neglige
1356 1486 1514 1526 cantus
1531 1500 1540 1526 ε

465 1542 594 1598 signa
615 1542 757 1593 ferat;
787 1556 908 1584 cessa
925 1558 934 1584 :
963 1541 1053 1584 iam
1074 1541 1163 1584 iam
1183 1541 1328 1584 ciuilis
1350 1541 1497 1584 Erinis

465 1600 666 1644 concidet
686 1604 731 1643 et
752 1598 888 1643 Cesar
906 1614 1117 1657 generum
1138 1599 1343 1656 priuatus
1362 1599 1542 1643 amabit.
1842 1609 1886 1635 ²0

350 1687 436 1739 Sic,
463 1687 536 1738 sic,
566 1686 604 1730 si
637 1686 832 1730 Ecclesia
858 1685 943 1729 Dei
964 1686 1164 1744 erigatur
1192 1686 1240 1728 in
1265 1685 1462 1743 Spiritus
1490 1685 1756 1737 libertatem,
1785 1685 1823 1729 si

350 1756 647 1800 ministerium
668 1755 842 1799 sceleris
867 1755 1016 1799 subire
1043 1755 1270 1806 detrectet,
1301 1758 1381 1798 aut
1412 1755 1591 1798 omnino
1617 1755 1826 1799 scismata

352 1828 581 1884 sopientur
607 1829 698 1879 aut,
727 1828 933 1868 manente
961 1840 1170 1883 compage
1196 1825 1395 1876 unitatis,
1420 1824 1502 1868 soli
1527 1824 1645 1868 inter
1669 1839 1715 1868 se
1743 1824 1824 1867 sci-

311 1907 337 1937 c
353 1897 527 1940 smatici
543 1895 830 1939 dimicabunt.
872 1895 1060 1938 Interim
1080 1895 1307 1938 contineat
1328 1894 1521 1938 Ecclesia
1537 1909 1695 1937 manus
1710 1908 1825 1950 suas,

352 1966 562 2024 quoniam
612 1965 788 2022 gladius
828 1964 961 2017 Petri,
1001 1964 1077 2021 qui
1117 1964 1378 2022 sanguinem
1427 1963 1594 2007 carnali
1643 1963 1825 2006 sitiebat
1844 1977 1885 2012 σε

354 2036 526 2087 affectu,
547 2034 757 2077 mandato
778 2034 958 2077 Domini
979 2034 1036 2076 ad
1066 2048 1273 2091 praesens
1299 2033 1469 2091 tegitur
1497 2032 1546 2076 in
1573 2032 1750 2090 uagina,
1780 2035 1827 2076 et

354 2104 558 2162 discipuli
587 2104 810 2148 eradicare
839 2103 1010 2146 zizania
1038 2106 1325 2161 properantes
1355 2102 1690 2160 praecipiuntur
1714 2116 1826 2146 mes-

355 2190 475 2219 sores
502 2174 682 2231 angelos
708 2177 951 2231 expectare.
1013 2173 1123 2217 Oret
1153 2172 1341 2216 unitatis
1370 2172 1606 2230 integritas
1635 2174 1688 2214 ut
1714 2171 1761 2214 in
1781 2186 1828 2216 se

355 2245 537 2300 colligat
557 2243 821 2286 dissidentes
842 2243 954 2300 lapis
982 2242 1157 2293 incisus,
1188 2242 1234 2284 in
1260 2257 1347 2299 quo
1379 2241 1598 2284 fundatur
1622 2241 1828 2296 Ecclesia,

360 2370 373 2396 1
404 2358 584 2404 alterum]
603 2370 720 2394 unum
741 2358 802 2394 M:
826 2362 906 2404 post
924 2356 1086 2393 alterum
1105 2358 1189 2392 add.
1208 2358 1309 2393 recte
1328 2355 1352 2392 S
1499 2366 1542 2402 14
1566 2355 1679 2404 quae]
1698 2355 1770 2402 Qui
1787 2355 1828 2393 M

357 2417 402 2444 22
428 2407 619 2443 detrectat
636 2405 693 2441 BS
837 2415 882 2451 29
908 2404 1065 2441 incissus
1083 2404 1194 2440 GBS:
1220 2403 1396 2441 inscissus
1413 2403 1485 2440 AM

407 2517 429 2550 4
455 2506 690 2550 confurendi:
718 2504 799 2540 Hoc
822 2502 1057 2546 vocabulum,
1077 2502 1180 2539 cuius
1203 2514 1332 2538 sensus
1350 2502 1461 2540 facile
1482 2501 1732 2550 intellegitur,
1750 2514 1830 2539 11011

359 2553 543 2590 exhibent
563 2551 707 2588 Lexica.
885 2554 905 2587 8
926 2556 1032 2597 poeta
1046 2552 1311 2596 yrauiseimua:
1337 2562 1387 2586 sc.
1405 2549 1587 2587 Lucanus.
1723 2552 1831 2587 iuxta

362 2602 652 2646 Quintilianum:
678 2611 707 2635 v.
727 2597 883 2643 Quintil.
902 2600 991 2634 luae.
1013 2600 1072 2634 Or.
1092 2610 1125 2633 x.
1150 2609 1160 2634 1
1185 2597 1202 2644 ξ
1223 2608 1279 2643 90.
1397 2608 1437 2644 13
1462 2599 1535 2633 Hic
1550 2599 1718 2644 quamuis
1733 2599 1829 2635 etc.:

361 2648 450 2685 Luc.
470 2649 595 2683 Phara.
615 2646 661 2684 iv.
684 2647 853 2683 181-188.
950 2647 1044 2682 Hic:
1071 2646 1121 2681 Ee
1140 2645 1226 2681 Luc.
1373 2654 1415 2689 14
1438 2648 1568 2691 pulsa:
1590 2646 1720 2692 puteas
1743 2644 1831 2682 Luc.

365 2705 406 2742 15
432 2697 520 2743 quid
530 2697 661 2740 fletus:
680 2695 794 2740 fletui!
809 2694 897 2739 quid
914 2692 1002 2730 Luc.
1171 2694 1212 2729 18
1237 2694 1359 2729 diros:
1385 2704 1511 2728 saeuos
1528 2692 1615 2729 Luc.
1784 2702 1828 2730 21

361 2745 524 2790 Spiritus
547 2744 767 2778 libertatem:
795 2753 827 2776 v.
846 2751 865 2777 2
884 2740 966 2777 Cor.
987 2739 1040 2776 iii.
1063 2749 1118 2784 17.
1310 2749 1353 2786 25
1377 2741 1525 2785 ‚qladn‘ue
1550 2741 1650 2776 Petri
1672 2740 1770 2777 eto.:
1797 2751 1830 2779 v-

365 2790 497 2827 loann.
516 2789 617 2827 xviii.
640 2800 691 2831 ιο,
716 2799 768 2825 ιι.
959 2797 1001 2832 27
1027 2788 1201 2833 discipuli
1218 2788 1314 2824 eta:
1340 2799 1372 2823 v.
1391 2787 1501 2823 Matt.
1526 2787 1603 2823 xiii.
1628 2789 1755 2833 28-3o‚
1774 2797 1829 2834 39.

362 2842 407 2875 28
432 2839 587 2874 unitatis
604 2838 810 2883 intem-itan:
837 2847 885 2871 oc.
906 2835 1057 2882 integra
1075 2834 1254 2871 Ecclesia.
1400 2845 1446 2882 29
1471 2836 1567 2882 lapis
1583 2836 1721 2871 incisus
1736 2837 1832 2872 etc-2

362 2897 393 2923 v.
416 2885 485 2922 Im.
506 2884 633 2922 xxviii.
656 2887 721 2927 163
756 2882 850 2919 Dan.
869 2882 907 2919 ii.
926 2893 984 2929 44,
1003 2892 1070 2930 45;
1098 2882 1209 2920 Matt.
1228 2881 1300 2920 xvi.
1324 2882 1376 2919 18.

472 2949 539 2984 ⁴0⁴
