1988 3250
176 226 277 261 m.
291 214 404 277 xxv]
698 214 1140 261 PoucRATIovs
1665 216 1755 259 σεε
1772 227 1806 258 a

294 335 443 379 Huius
472 335 591 379 enim
619 334 798 378 ualidus
824 335 976 378 firmat
1004 338 1134 379 tenor
1161 337 1312 379 omnia
1338 336 1549 387 membra,

293 398 344 438 at
371 396 527 438 contra
555 393 752 437 eiusdem
782 392 1056 451 franguntur
1078 398 1240 438 cuncta
1268 394 1441 446 dolore;

324 452 403 496 uin
433 452 580 502 etiam,
609 451 697 495 nisi
726 466 835 495 cura
863 452 1001 504 iuuet,
1032 452 1194 495 uitiare
1223 452 1453 496 cerebrum

315 513 441 554 ertur
469 513 516 554 et
544 509 743 568 integros
771 509 895 554 illinc
923 514 1125 554 auertere
1155 525 1322 554 sensus.

136 625 159 665 5
178 609 284 654 Noli
324 623 429 666 ergo
466 622 611 666 neque
657 611 860 652 nostrum
898 622 1042 665 neque
1089 608 1355 652 secularium
1399 608 1650 666 principum
1666 614 1696 653 b

177 678 391 723 duritiam
415 677 576 729 metiri,
595 677 674 721 sed
692 678 892 722 omnium
912 678 1156 721 utilitatem
1177 677 1371 721 attende.

177 821 286 880 Cap.
309 830 378 877 25.
407 822 473 865 De
492 820 744 866 coherentia
763 821 928 878 capitis
948 825 986 865 et
1001 820 1308 864 membrorum
1327 820 1396 864 rei
1412 820 1623 878 publicae
1635 839 1655 871 ,-

293 895 334 935 et
372 891 494 948 quod
526 891 743 948 princeps
773 891 997 948 quaedam
1032 890 1186 947 imayo
1216 890 1400 934 deitatis
1431 894 1505 942 est,
1533 894 1573 934 et
1602 891 1656 934 de

293 961 490 1005 culmine
523 960 785 1012 maiestatis,
817 964 856 1004 d
890 961 943 1004 de
976 960 1048 1004 his
1076 974 1190 1018 quae
1217 964 1328 1004 eunt
1356 959 1415 1004 in
1432 959 1656 1018 fidelitate

118 1045 162 1074 10
293 1030 537 1075 amanda.

236 1122 373 1167 Michi
412 1137 519 1166 uero
558 1121 838 1166 satisfactum
875 1125 943 1166 est
977 1125 1023 1165 et
1062 1136 1299 1180 persuasus
1332 1136 1431 1165 sum
1471 1122 1657 1166 deuotos

178 1193 386 1237 humeros
404 1207 652 1250 supponere
671 1191 908 1249 potestati;
938 1206 1018 1236 nec
1038 1192 1169 1235 modo
1190 1191 1286 1235 fero
1305 1207 1402 1235 eam
1427 1192 1503 1235 sed
1524 1196 1656 1249 grata

178 1266 247 1308 est
265 1262 372 1306 dum
392 1261 488 1306 Deo
507 1261 706 1305 subiecta
730 1263 798 1305 est
821 1264 867 1305 et
890 1261 1011 1304 illius
1038 1262 1238 1305 ordinem
1260 1262 1474 1319 sequitur.
1532 1261 1654 1305 Alio-

179 1332 301 1391 quin,
322 1332 360 1375 si
380 1331 547 1375 diuinis
567 1331 810 1374 reluctetur
829 1331 1053 1374 mandatis
1073 1334 1118 1375 et
1138 1346 1208 1374 me
1224 1331 1529 1375 theomachiae
1548 1346 1656 1374 suae

118 1417 162 1453 η
179 1401 292 1446 uelit
320 1416 414 1445 esse
443 1401 718 1459 participem,
747 1400 888 1444 libera
916 1415 1023 1444 uoce
1060 1400 1303 1458 respondeo
1335 1401 1480 1444 Deum
1512 1402 1656 1445 cuiuis

178 1471 348 1516 homini
368 1470 721 1529 praeferendum.
772 1470 846 1514 Sic
861 1485 966 1528 ergo
981 1471 1218 1515 cohereant
1233 1470 1447 1515 inferiora
1459 1472 1655 1530 superio·

177 1541 314 1594 ribus,
349 1541 412 1584 sic
443 1540 654 1584 uniuersa
684 1540 883 1583 membra
916 1555 962 1584 se
998 1540 1221 1585 subiciant
1249 1541 1386 1599 capiti
1416 1545 1468 1584 ut
1498 1541 1656 1599 religio

178 1613 383 1654 seruetur
416 1609 662 1654 incolumis.
734 1609 844 1652 Rem
884 1609 1111 1668 politicam
1146 1610 1313 1669 legitur
1351 1611 1555 1655 Socrates
1587 1611 1655 1654 in·

179 1679 379 1724 stituisse
418 1683 465 1724 et
503 1680 551 1722 in
582 1694 680 1723 eam
711 1678 884 1722 dedisse
915 1683 1150 1738 praecepta
1186 1695 1298 1738 quae
1332 1695 1360 1724 a
1399 1681 1655 1724 sinceritate
1672 1693 1698 1723 c

120 1764 166 1791 ao
181 1749 425 1807 sapientiae
460 1749 587 1807 quasi
619 1749 811 1806 quodam
844 1748 969 1792 fonte
1002 1753 1189 1793 naturae
1221 1765 1402 1794 manare
1432 1750 1656 1795 dicuntur.

181 1819 279 1864 Hoc
319 1822 469 1863 autem
498 1818 547 1862 in
586 1833 759 1862 summa
797 1818 1035 1875 colligitur,
1064 1823 1118 1862 ut
1157 1834 1270 1876 quae
1310 1820 1358 1862 in
1398 1834 1446 1863 re
1476 1819 1655 1877 publica

179 1889 419 1933 humiliora
452 1891 570 1939 sunt,
589 1888 807 1931 maiorum
847 1888 989 1932 officio
1023 1888 1284 1946 diligentius
1323 1892 1655 1934 conseruentur.

179 1958 518 2004 Institutionem
558 1957 751 2009 Traiani,
791 1958 917 2001 cuius
956 1958 1123 2001 mentio
1162 1959 1366 2016 superius
1412 1958 1533 2002 facta
1576 1963 1656 2010 est,

183 2027 442 2086 diligentius
461 2027 619 2085 relege,
640 2030 685 2070 et
706 2027 813 2070 haec
835 2027 971 2070 latius
990 2028 1239 2085 conscripta
1259 2028 1470 2071 inuenies.
1514 2028 1657 2072 Nobis

122 2111 166 2147 ⁸5
181 2099 331 2141 autem
360 2097 468 2140 haec
495 2096 550 2139 de
574 2096 749 2140 unitate
773 2097 932 2154 capitis
958 2100 1004 2140 et
1035 2097 1332 2140 membrorum
1359 2098 1417 2141 ad
1447 2112 1656 2155 praesens

180 2165 346 2211 dixisse
372 2165 574 2216 sufficiat,
598 2166 680 2210 hoc
710 2166 880 2210 adiecto
908 2166 1027 2224 quod
1057 2167 1378 2224 praemisimus,
1399 2167 1518 2224 quod
1547 2168 1655 2211 lesio

181 2235 352 2294 capitis,
389 2238 443 2279 ut
488 2235 805 2293 praediximus,
844 2235 901 2278 ad
944 2237 1094 2279 omnia
1133 2236 1333 2280 membra
1376 2237 1571 2281 refertur
1610 2242 1656 2281 et

181 2305 393 2362 cuiusque
407 2304 594 2348 membri
610 2305 775 2348 uulnus
790 2305 955 2349 iniuste
971 2306 1216 2364 irrogatum
1233 2306 1290 2349 ad
1305 2307 1465 2364 capitis
1484 2311 1657 2365 spectat

182 2373 404 2418 iniuriam.
455 2373 665 2418 Ceterum
686 2374 804 2431 quod
824 2375 1038 2418 aduersus
1058 2379 1194 2433 caput
1213 2380 1294 2420 aut
1314 2377 1654 2421 uniuersitatem

123 2461 168 2499 30
182 2443 479 2487 membrorum
528 2443 630 2487 dolo
673 2443 791 2486 malo
840 2444 1014 2487 malitia
1063 2446 1320 2502 praesumit,
1370 2446 1537 2490 crimen
1586 2451 1654 2490 est

182 2513 494 2570 grauissimum
514 2516 560 2557 et
579 2514 831 2571 proximum
847 2514 1087 2572 sacrilegio,
1102 2515 1220 2571 quia,
1238 2515 1354 2559 sicut
1373 2516 1486 2559 illud
1506 2516 1650 2560 Deum
1666 2519 1699 2563 (Ι

184 2584 434 2639 attemptat,
465 2582 532 2626 ita
572 2585 618 2626 et
651 2583 774 2626 istud
813 2584 1071 2642 principem,
1102 2599 1233 2642 quem
1267 2589 1444 2629 constat
1482 2601 1575 2629 esse
1605 2587 1652 2629 in

185 2701 208 2738 8
231 2711 368 2748 ymago
385 2700 426 2736 M
570 2711 613 2738 12
637 2701 848 2749 subponere
866 2702 933 2739 SM

238 2810 279 2846 18
304 2810 392 2845 Rem
415 2811 600 2856 politicam
624 2813 720 2848 etc-2
745 2811 791 2849 cf.
817 2811 984 2850 chalcid.
1013 2814 1147 2850 Comm.
1173 2817 1215 2850 in
1241 2816 1332 2852 Tim.
1357 2817 1453 2852 Plae.
1479 2828 1533 2853 cc.
1563 2825 1594 2863 5,
1619 2817 1656 2854 6.

187 2865 235 2903 29
262 2857 423 2893 ceemm
438 2858 536 2896 etm:
561 2869 596 2895 v.
611 2857 697 2905 Dig.
714 2858 833 2895 xlviii.
851 2870 884 2904 4.
906 2870 936 2897 1.

255 2927 338 2948 wu-
351 2927 372 2947 u
890 2927 916 2954 χ,
1500 2929 1544 2966 73
