1988 3250
185 293 283 326 car.
295 279 398 340 xxr]
686 277 1125 323 POLICRATICVS
1662 281 1744 330 691
1764 278 1793 317 b

182 399 397 443 uiolentia
445 399 710 447 reserantur,
753 395 957 452 confugit
1005 395 1063 438 ad
1111 398 1230 438 artes
1280 394 1482 438 fallaciae
1530 409 1647 438 suae.

184 467 357 518 Omnia,
372 481 484 524 quae
496 466 747 509 libertatem
767 466 1046 522 impugnant,
1059 477 1172 520 quae
1188 463 1463 506 decretorum
1476 467 1650 507 statuta

184 537 450 587 conuellunt,
470 538 516 578 et
543 549 655 591 quae
686 533 889 591 religioni
919 533 1142 576 contraria
1171 536 1289 582 sunt,
1315 535 1412 575 tota
1442 533 1649 575 libertate

185 605 379 664 Spiritus
416 605 673 648 detestatur.
753 602 991 659 Synonem,
1025 604 1078 644 ut
1117 601 1337 658 simplices
1371 603 1417 644 et
1450 601 1650 644 credulos

147 696 166 729 5
184 673 511 724 circumueniat‚
530 672 760 715 miraberis
783 671 975 714 rediisse.
1038 670 1230 714 Simulat
1258 673 1303 713 et
1330 670 1582 713 dissimulat
1606 674 1651 713 et

184 746 378 788 astutam
407 743 524 800 gerit
553 742 636 784 sub
665 744 840 799 pectore
870 740 1073 797 uulpem3
1105 739 1255 783 Stoico
1285 739 1443 796 quouis
1470 739 1651 782 liberior

185 815 264 864 est,
280 812 447 856 Catone
463 810 659 868 rigidior.
709 810 790 853 Est
805 824 978 866 quoque
994 809 1220 852 interdum
1241 808 1482 866 simplicior
1502 808 1651 859 Paulo,

185 882 362 926 doctore
390 881 591 940 gentium
620 880 861 930 sollicitior,
888 878 1135 922 feruentior
1167 879 1318 931 Petro;
1353 882 1399 922 et
1428 878 1468 921 ei
1498 878 1652 921 uiuere

187 950 392 996 Christus
418 953 486 994 est
512 953 558 993 et
583 949 696 992 mori
725 949 921 1001 lucrum;
951 963 1031 992 nec
1057 948 1277 1006 gloriatur
1303 948 1350 990 in
1377 948 1538 1004 aliquo,
1565 947 1652 990 nisi

131 1043 173 1069 10
187 1021 235 1064 in
255 1035 381 1065 cruce
402 1019 582 1070 Christi,
602 1033 735 1075 quam
762 1018 927 1076 iugiter
953 1021 1104 1075 portat
1129 1018 1175 1060 in
1196 1032 1375 1075 corpore
1396 1020 1449 1060 ut
1468 1017 1652 1074 spiritus
1670 1032 1694 1062 c

187 1089 337 1134 saluus
363 1089 434 1140 sit,
460 1088 642 1132 dissolui
669 1087 907 1131 dumtaxat
930 1088 1112 1144 cupiens
1139 1091 1183 1130 et
1211 1101 1304 1130 esse
1334 1101 1434 1130 cum
1461 1086 1653 1130 Christo.

187 1159 428 1203 Mortificat
447 1172 554 1214 ergo
573 1172 748 1201 carnem
769 1172 868 1200 cum
890 1157 1015 1200 uitiis
1036 1160 1081 1200 et
1101 1156 1467 1214 concupiscentiis
1488 1159 1545 1207 et,
1564 1171 1654 1199 non

186 1229 302 1273 sieut
334 1227 469 1272 ceteri
504 1227 744 1278 hominum,
773 1241 873 1270 cum
909 1227 1162 1270 hominibus
1192 1226 1356 1283 degens
1387 1226 1528 1269 uitam
1559 1226 1656 1283 agit

187 1297 429 1356 angelicam
459 1299 505 1341 et
534 1297 582 1339 in
613 1296 848 1340 celestibus
882 1300 1180 1339 conuersatur.
1240 1295 1450 1338 Ieiunant
1482 1295 1529 1338 hi
1554 1309 1655 1338 con-

132 1388 170 1423 ¹5
187 1368 324 1420 tinue,
352 1367 448 1410 sine
477 1365 802 1410 intermissione
833 1368 974 1415 orant,
1005 1365 1121 1408 clare
1156 1368 1306 1408 tamen
1337 1368 1383 1408 et
1414 1370 1466 1408 ut
1500 1364 1657 1407 audiat

187 1436 357 1494 hospes,
375 1436 541 1493 asperis
571 1439 616 1478 et
639 1434 828 1478 sordidis
859 1435 1057 1478 uestibus
1087 1434 1337 1477 induuntur
1367 1437 1413 1477 et
1442 1434 1655 1491 populum

188 1505 428 1563 increpant.
487 1506 699 1562 Arguunt
726 1504 905 1555 clerum,
932 1504 986 1547 de
1013 1504 1211 1547 moribus
1238 1503 1509 1561 corrigendis
1536 1503 1655 1546 solli-

189 1575 330 1619 citant
341 1574 616 1632 principatus
630 1576 675 1617 et
687 1576 942 1631 potestates,
951 1573 1256 1616 testimonium
1272 1573 1357 1616 sibi
1372 1572 1658 1629 adquirentes

191 1643 388 1688 iustitiae
418 1643 456 1687 si
488 1643 609 1687 uitae
643 1643 883 1686 detrahant
923 1643 1104 1686 alienae.
1165 1642 1228 1686 Vt
1268 1657 1375 1686 uero
1415 1641 1540 1684 fraus
1574 1642 1658 1685 sub

135 1736 178 1762 ,ο
193 1713 436 1757 honestatis
459 1713 601 1771 specie
628 1713 919 1765 conualescat‚
939 1712 1229 1755 laudabilium
1255 1712 1454 1755 uirorum
1475 1711 1659 1768 collegia

193 1785 420 1840 expetunt,
450 1782 612 1826 arduas
642 1782 836 1825 subeunt
867 1782 1173 1839 professiones,
1203 1784 1432 1824 ostentant
1465 1781 1661 1824 difficilia

192 1855 238 1896 et
275 1851 540 1895 familiarius
571 1851 656 1894 sibi
687 1851 870 1908 propitii
902 1851 1128 1909 possibilia
1163 1853 1208 1894 et
1243 1865 1356 1908 quae
1396 1850 1660 1893 humaniora

193 1923 298 1965 sunt
336 1923 626 1978 exequuntur.
698 1920 757 1964 Se
797 1935 902 1978 ergo
933 1920 1100 1971 Basilii,
1131 1919 1372 1972 Benedicti,
1401 1919 1657 1977 Augustini,
1674 1921 1702 1962 d

193 2017 218 2052 4
241 2006 421 2044 Sinonem
436 2005 512 2042 AM
653 2008 676 2044 6
701 2006 840 2053 Stoyco
857 2006 890 2042 A
1035 2017 1075 2044 21
1105 2007 1224 2044 ardua
1241 2006 1280 2042 M

198 2129 222 2138 ῃ
243 2093 274 2130 3,
292 2094 315 2128 4
341 2085 502 2119 liberum
517 2085 698 2130 Spiritus:
722 2095 755 2119 v.
773 2082 888 2120 acor.
905 2082 960 2119 iii.
982 2092 1036 2127 17.
1118 2094 1140 2127 4
1164 2084 1365 2128 Synonem:
1392 2094 1426 2118 v.
1440 2081 1554 2140 Verg.
1568 2083 1662 2139 Aeni.

194 2139 414 2215 ῗιὸὲἔὲἓῖῖ
434 2176 530 2214 pm.
547 2131 872 2224 &mazar
898 2142 929 2222 ζ·
949 2130 1290 2224 Ῑέιῗᾰηῗαὲςῖὰὲοἱί·
1306 2177 1353 2213 cf.
1373 2131 1663 2214 Lffz‘f'fiss’hfflff

197 2225 282 2308 38}
379 2226 593 2294 ’simplicfor
606 2226 743 2279 Isauloz
769 2237 799 2261 v.
819 2224 941 2282 προς.
958 2224 983 2294 ἰἶ
1005 2235 1057 2261 12.
1178 2227 1199 2261 8
1216 2227 1362 2279 ‘doctore
1383 2226 1567 2279 ,ty-cytisum:
1594 2224 1618 2260 i.
1630 2236 1662 2261 e.

282 2270 367 2308 aulo
380 2299 388 2315 ,
413 2283 446 2308 v.
468 2281 483 2308 1
501 2271 598 2309 Tim.
614 2284 654 2308 u.
668 2281 702 2317 7.
775 2274 982 2309 solltcittor.
1007 2284 1039 2308 v.
1052 2283 1073 2309 2
1092 2272 1174 2308 Cor.
1188 2284 1236 2308 xi.
1251 2273 1306 2314 28,
1318 2272 1397 2308 Col.
1410 2284 1449 2308 n.
1463 2283 1493 2315 1,
1509 2283 1521 2308 1
1536 2271 1665 2308 Thess.

196 2330 238 2355 11.
251 2329 284 2355 2.
377 2320 500 2355 uiuere
512 2321 606 2356 eta:
633 2319 797 2367 Philipp.
811 2319 835 2356 i.
851 2330 906 2356 21.
1036 2330 1059 2366 9
1083 2332 1147 2356 nec
1154 2321 1338 2366 ylore'atur
1348 2322 1419 2356 etc.
1438 2332 1445 2355 :
1473 2331 1503 2355 v.
1517 2318 1599 2355 Gal.
1614 2318 1662 2355 vi.

199 2374 364 2460 iaz-p.
424 2376 484 2459 ξς.»
503 2376 542 2404 ¹¹
569 2368 1009 2460 ‘mma
1410 2368 1668 2450 &3554er

199 2465 446 2496 conuersatur:
464 2459 627 2508 v.Philip
657 2461 730 2498 .iii.
743 2472 798 2498 20.
900 2471 938 2509 15
956 2464 1032 2499 sine
1043 2427 1304 2499 inte'miisfftbm
1314 2426 1438 2498 mat:
1459 2474 1490 2498 v.
1507 2472 1520 2498 1
1537 2461 1664 2498 Thess.

199 2518 233 2542 v.
253 2516 306 2551 17.
401 2509 494 2543 clare
502 2509 595 2544 etc.:
651 2520 720 2545 ers.
731 2510 805 2546 Sat.
823 2508 861 2545 ii.
874 2511 908 2546 8.
1041 2520 1085 2555 23
1111 2511 1269 2546 Basilii:
1296 2509 1333 2545 S.
1351 2508 1523 2551 Basilius,
1542 2508 1667 2545 dictus

201 2552 370 2608 Magnus,
383 2553 580 2601 episcopus
588 2554 847 2610 Caesariensis,
855 2556 919 2602 qui
930 2568 1032 2593 anno
1044 2568 1112 2603 329
1122 2559 1235 2593 natus
1249 2559 1288 2594 et
1299 2568 1400 2593 anno
1412 2566 1482 2603 379
1494 2558 1667 2593 mortuus

201 2602 268 2643 est,
287 2612 430 2647 prunus
451 2602 642 2656 monachis
664 2605 779 2639 vitam
803 2615 1042 2640 communem
1064 2604 1269 2652 agentibus
1292 2604 1462 2650 regulam
1485 2603 1600 2647 dedit,
1620 2604 1667 2639 de

201 2646 1050 2744 qqugssffimhazefflcffieffigffiffim
1071 2651 1667 2742 Ἧωθὲῗέῑιιὶἕῖἶοῗίωὲῗέῗ

202 2705 544 2796 gffiIorientalibqi'
550 2742 677 2780 floruit
694 2745 784 2782 ordo
802 2726 1023 2788 Basilianus,
1039 2711 1107 2782 {ed
1122 2710 1238 2782 {tiam
1255 2746 1295 2781 in
1313 2711 1668 2783 Italiaumoxlai’teria

203 2788 386 2824 nonnulla
397 2787 541 2831 habuit,
556 2801 712 2836 quorum
729 2792 851 2828 adhuc
868 2795 991 2829 exstat
1007 2793 1103 2829 illud
1120 2792 1409 2830 celeberrimum
1426 2793 1525 2838 quod
1542 2794 1668 2828 Grotta

196 2837 343 2883 serrata
358 2835 468 2889 uulgo
484 2840 734 2884 nuncupatur.
830 2841 1027 2893 ‘Benedicti
1040 2852 1049 2876 ι
1078 2852 1190 2885 quem
1208 2839 1399 2878 Ecclesiae
1422 2839 1669 2876 occidentalis

205 2882 382 2937 monachi
400 2893 520 2936 paene
537 2895 665 2920 omnes
681 2887 723 2921 ut
739 2887 997 2931 patriarcham
1014 2888 1182 2924 venerati
1198 2890 1296 2923 sunt.
1443 2889 1643 2932 Auyustini
1660 2898 1668 2922 :

205 2940 310 2966 cuius
331 2930 509 2966 instituta
525 2941 686 2968 canones
702 2944 793 2978 quos
808 2933 941 2970 dicunt
956 2934 1146 2980 regulares
1176 2934 1283 2980 sequi
1301 2933 1460 2980 professi
1475 2935 1575 2970 sunt.

1498 2997 1560 3031 ¹¹9
