1988 3250
171 262 274 298 mr.
285 250 389 312 m]
675 249 1117 298 POLICRATICVS
1648 253 1739 310 679
1756 266 1782 298 e

170 372 432 416 ambitiosus
443 373 624 430 quidam
636 373 878 416 monachus
889 373 947 416 ad
959 373 1197 425 abbatiam,
1204 388 1338 432 quam
1350 380 1637 433 praeemerat‚

171 443 407 485 uocaretur
425 445 471 485 et
496 442 571 485 ille
590 441 852 485 modestiam
879 442 1094 486 simulans
1119 446 1173 486 ut
1195 444 1373 488 auidius
1399 448 1637 502 peteretur,

170 522 284 554 onus
313 510 551 569 refugeret,
580 514 803 554 recusaret
831 511 1043 554 honorem
1070 514 1117 554 et
1142 526 1189 555 se
1215 513 1364 569 palam
1392 517 1545 558 tantae
1571 516 1636 559 rei

170 578 391 624 fateretur
429 580 690 638 indignum3
734 580 882 632 Plane,
911 581 1060 638 inquit
1087 581 1303 639 princeps,
1334 583 1546 640 indignus
1577 598 1634 635 es,

129 665 152 703 5
170 649 277 707 quia
315 663 414 692 eam
454 649 568 693 clam
607 649 715 692 data
752 650 887 693 michi
921 652 1051 693 tanta
1085 651 1273 708 pecunia
1310 650 1633 710 (summamque
1647 654 1677 696 d

169 718 403 775 expressit)
425 719 585 763 emisti.
643 718 743 770 Sed,
760 718 1117 776 quandoquidem
1137 733 1218 777 per
1236 734 1306 763 me
1326 734 1416 764 non
1435 724 1528 764 stat
1547 736 1635 779 quo

170 787 318 830 minus
342 788 488 845 pactio
518 788 767 846 impleatur,
788 788 977 831 liberum
1002 803 1072 832 me
1096 789 1250 832 haberi
1275 790 1444 833 iustum
1469 794 1560 843 est;
1592 795 1639 835 et

171 859 224 901 tu
249 857 428 900 domum
452 857 615 909 redeas,
637 860 683 901 et
706 858 783 915 qui
803 858 966 916 dignus
995 861 1063 902 est
1088 858 1331 903 destitutae
1354 861 1640 917 praeficiatur

171 926 386 970 ecclesiae.
445 926 533 970 Sed
556 941 674 970 nunc
697 927 827 984 longe
852 927 984 971 aliter
1006 928 1202 971 succedit
1227 930 1477 973 excusatori
1497 930 1638 973 ambi-

109 1009 156 1037 ,ιο
171 996 308 1049 tioso;
332 997 440 1040 haec
459 996 577 1040 enim
595 999 641 1040 et
659 997 748 1040 alia
767 1012 901 1054 quam
921 997 1051 1055 plura
1070 998 1340 1055 multiplicat
1358 1002 1412 1042 ut
1430 999 1640 1043 credatur

171 1065 288 1109 nolle
308 1065 425 1123 quod
444 1066 618 1123 appetit
637 1069 683 1110 et
702 1066 883 1110 tandem
903 1067 1045 1124 gratis
1065 1067 1260 1126 accipere
1277 1068 1395 1126 quod
1410 1069 1638 1126 praeemit.

171 1134 300 1179 Vnde
328 1138 556 1192 tamquam
586 1136 659 1179 uir
687 1136 929 1180 modestiae
960 1137 1200 1194 singularis
1228 1138 1416 1195 capitur,
1440 1138 1640 1182 trahitur

173 1205 221 1248 et
232 1204 289 1247 ad
302 1204 556 1248 cathedram
569 1205 946 1249 conclamantibus
961 1206 1117 1256 turbis,
1132 1206 1467 1250 concinentibus
1480 1209 1637 1259 choris,

170 1273 458 1318 multitudine
478 1288 654 1332 pressus
674 1274 920 1318 deducitur.
981 1275 1075 1320 Nec
1102 1275 1283 1334 prodest
1310 1277 1638 1335 ignobilitatem

113 1353 154 1389 ⁸⁵
171 1343 470 1401 praetendisse
496 1344 642 1387 carnis
668 1347 748 1387 aut
774 1344 1017 1402 sanguinis,
1037 1359 1088 1388 eo
1116 1345 1234 1402 quod
1262 1346 1520 1404 imperatori
1549 1361 1639 1391 non

172 1412 401 1470 quaeritur
419 1427 641 1456 successor
660 1413 736 1457 sed
756 1413 965 1470 piscatori
982 1428 992 1467 3
1023 1413 1141 1457 fabri
1163 1415 1291 1466 Filio,
1310 1430 1400 1459 non
1421 1416 1639 1474 Augusto.

173 1481 412 1526 Scientiam
432 1485 639 1526 accurata
661 1483 888 1527 excusatio
913 1483 1064 1542 prodit
1090 1487 1136 1528 et
1162 1484 1394 1543 religiosus
1419 1500 1513 1530 esse
1537 1501 1639 1530 con-

171 1551 368 1595 uincitur
393 1566 450 1595 ex
476 1566 528 1595 eo
553 1552 671 1610 quod
695 1552 915 1596 inuitatus
940 1554 1174 1598 ascendere
1193 1554 1364 1598 diutius
1390 1556 1614 1599 recusauit
1629 1570 1639 1610 ;
1656 1556 1746 1597 680
1764 1567 1796 1597 a

171 1620 296 1665 uisus
315 1623 382 1664 est
401 1621 519 1664 enim
539 1621 731 1665 noluisse
751 1622 828 1680 qui
848 1623 1037 1667 distulit.
1098 1623 1222 1677 Quae
1246 1639 1353 1668 uero
1382 1625 1437 1668 de
1460 1626 1640 1669 canoni·

113 1701 159 1728 ιο
173 1689 258 1734 bus
277 1690 361 1734 sibi
388 1690 606 1748 opposuit,
626 1691 782 1735 habita
809 1692 980 1737 ratione
1007 1693 1090 1738 loci
1118 1694 1330 1751 temporis
1350 1698 1396 1738 et
1415 1709 1639 1752 personae,

173 1759 307 1804 simili
327 1760 403 1804 uia
422 1760 700 1804 tendentium
721 1760 778 1804 ad
798 1762 986 1806 honores
1005 1763 1122 1807 socia
1142 1763 1386 1807 multitudo
1400 1764 1639 1822 dispensat.

173 1827 224 1873 Si
249 1828 304 1873 de
333 1830 638 1887 praesentibus
667 1830 753 1874 niti
783 1835 1010 1888 nequeunt
1039 1835 1119 1875 aut
1148 1833 1412 1890 praeteritis,
1434 1833 1639 1878 futurum

172 1897 476 1942 uaticinantur
517 1899 778 1957 profectum.
858 1900 932 1944 Sic
971 1900 1157 1944 callidus
1200 1916 1374 1960 mango,
1414 1902 1520 1945 dum
1562 1903 1639 1960 qui

174 1966 328 2011 durius
365 1968 573 2026 prouehit
611 1983 773 2026 equum
809 1971 889 2012 aut
918 1969 1091 2027 pullum
1121 1970 1359 2028 probitatis
1388 1972 1641 2030 incognitae

116 2048 157 2084 τε
174 2036 428 2094 gradarium
447 2038 671 2095 promittit
691 2038 738 2081 in
759 2037 963 2081 futurum
979 2042 1024 2082 et
1045 2039 1200 2083 fractis
1220 2041 1443 2097 gressibus
1464 2042 1642 2086 mollius

174 2104 447 2151 incedentem
461 2107 735 2166 propensiori
751 2107 881 2151 laude
897 2107 944 2151 in
959 2108 1184 2152 stabulum
1200 2109 1370 2154 incauti
1385 2112 1641 2155 mercatoris

173 2175 386 2221 extrudit.

176 2271 279 2330 Cap.
304 2285 370 2328 19.
411 2273 477 2317 De
495 2273 563 2317 his
588 2274 671 2330 qui
697 2274 1016 2331 impudentius
1034 2276 1240 2328 irruunt,
1260 2277 1353 2321 sine
1372 2277 1638 2323 dissimula-

289 2341 410 2385 tione
457 2342 732 2396 ambitionis,
771 2359 880 2402 quos
927 2360 1069 2403 neque
1109 2346 1229 2391 ratio
1268 2362 1347 2391 ‘nec
1390 2349 1641 2393 auctoritas

115 2427 162 2464 3⁰
292 2410 536 2467 reprimere
558 2416 708 2469 potest.
771 2427 773 2429 ’

235 2488 496 2535 Consistunt
534 2506 558 2536 e
597 2493 774 2551 regione
823 2509 957 2551 quam
1006 2496 1186 2552 plurimi
1231 2512 1511 2554 nequaquam
1551 2498 1639 2541 dis-

177 2558 436 2602 simulantes
460 2562 735 2618 propositum
761 2564 838 2607 sed
865 2564 1121 2608 ambitionis
1148 2566 1274 2623 quasi
1295 2566 1366 2626 (ut
1393 2567 1480 2610 dici
1508 2568 1638 2626 solet)
1654 2567 1685 2606 b

180 2670 223 2706 17
248 2664 404 2698 acurata
435 2661 564 2699 CBSM
733 2675 782 2702 20
821 2667 861 2704 et
892 2677 1055 2713 persone
1088 2668 1274 2715 temporis
1307 2668 1373 2706 0¹:
1414 2681 1571 2717 persone
1600 2672 1641 2708 et

175 2708 357 2754 temporis
373 2709 406 2745 A
421 2722 532 2756 mam.

228 2804 272 2839 16
293 2804 485 2848 piscatori:
508 2814 561 2840 sc.
577 2803 700 2840 Petro.
787 2806 896 2851 fabo-u·
911 2806 1030 2842 Filio:
1055 2818 1105 2843 sc.
1123 2806 1282 2844 Christo.
1414 2818 1459 2854 23
1485 2819 1639 2855 manyo:

178 2849 260 2886 Hoc
276 2850 496 2886 vocabulum
509 2850 555 2887 de
572 2863 760 2887 servorum
771 2852 1027 2889 venditoribus
1039 2854 1187 2900 saepius
1203 2856 1429 2902 usurpatum
1443 2856 1491 2892 ad
1505 2867 1641 2892 merca-

177 2899 304 2934 turam
321 2896 586 2934 iumentariam
600 2899 804 2936 transferre
820 2899 968 2936 videtur
985 2900 1086 2938 Suet.
1110 2903 1212 2948 Veep.
1229 2912 1266 2947 4.

237 2974 318 2994 wus
333 2974 354 2993 u
898 2973 921 2999 z
1466 2969 1529 3012 169
