1988 3250
97 230 199 282 041³.
215 215 287 279 1x]
612 219 1055 266 POLICRATICVS
1588 222 1680 262 600
1699 229 1726 261 c

98 341 285 385 militem
305 341 577 399 gloriosum?
636 341 811 384 Horum
831 341 978 384 uirtus
998 341 1046 383 in
1068 355 1120 384 eo
1139 341 1333 384 maxime
1353 341 1572 392 elucescit,

97 411 136 468 si
170 410 337 454 clerum
367 413 414 454 et
441 411 655 454 inermem
684 410 892 453 militiam
922 413 1003 453 aut
1033 410 1134 453 telis
1163 413 1244 453 aut
1274 410 1441 467 linguis
1469 425 1571 454 con-

98 478 285 523 fodiant.
358 479 447 523 Sed
486 479 587 536 quis
625 482 694 522 est
731 493 839 522 usus
877 479 1066 522 militiae
1104 479 1366 523 ordinatae?
1438 479 1571 522 Tueri
1589 476 1618 516 d

99 548 351 600 Ecclesiam,
406 548 639 606 perfidiam
687 548 963 606 impugnare,
1011 548 1307 592 sacerdotium
1356 549 1574 598 uenerari,

57 633 79 673 ⁵
97 632 344 675 pauperum
389 617 646 675 propulsare
702 617 901 668 iniurias,
949 632 1109 675 pacare
1157 617 1445 675 prouinciam,
1494 631 1575 674 pro

98 686 316 730 fratribus
347 688 416 742 (ut
445 687 711 730 sacramenti
741 687 870 730 docet
898 686 1145 744 conceptio)
1175 686 1362 729 fundere
1393 686 1574 743 sangui-

97 770 199 799 nem
229 759 287 808 et,
306 756 344 799 si
374 771 486 814 opus
516 759 595 808 est,
616 756 811 799 animam
841 771 1014 813 ponere.
1076 756 1388 799 Exultationes
1415 755 1499 798 Dei
1528 756 1575 798 in

97 828 281 883 gutture
315 840 467 869 eorum
503 828 549 869 et
580 825 719 884 gladii
755 826 971 883 ancipites
1004 826 1051 869 in
1084 826 1291 869 manibus
1330 840 1482 869 eorum
1517 824 1576 867 ad

98 894 346 939 faciendam
366 895 612 939 uindictam
632 895 679 938 in
700 895 968 947 nationibus,
983 895 1306 953 increpationes
1327 895 1374 937 in
1389 895 1577 952 populi&

39 977 82 1008 zo
99 964 156 1007 ad
175 964 422 1022 alligandos
442 979 567 1022 reges
587 979 739 1008 eorum
767 964 814 1007 in
844 964 1129 1022 compedibus
1150 968 1196 1008 et
1224 964 1394 1007 nobiles
1423 979 1576 1008 eorum

98 1033 147 1076 in
170 1033 355 1076 manicis
375 1033 542 1077 ferreis.
604 1033 694 1076 Sed
724 1047 812 1090 quo
843 1033 965 1077 fine'l
1023 1034 1096 1076 An
1126 1036 1179 1076 ut
1209 1032 1352 1076 furori
1381 1033 1577 1077 uanitati

99 1102 316 1146 auaritiae
355 1103 566 1154 seruiant‚
605 1117 664 1145 an
704 1102 910 1159 propriae
949 1102 1208 1146 uoluntati?
1268 1102 1577 1159 Nequaquam.

99 1171 212 1216 Sed:
241 1172 304 1215 Vt
324 1171 493 1215 faciant
512 1172 560 1214 in
580 1172 644 1216 eis
671 1171 885 1214 iudicium
915 1172 1238 1229 conscriptum;
1267 1172 1315 1214 in
1342 1186 1431 1228 quo
1457 1172 1578 1229 quis-

100 1256 185 1299 que
209 1256 299 1284 non
328 1244 422 1285 tam
451 1256 583 1284 suum
608 1256 741 1299 quam
767 1241 850 1294 Dei
881 1241 1141 1298 angelorum
1172 1245 1218 1284 et
1248 1241 1478 1284 hominum
1508 1256 1576 1284 se-

42 1324 80 1360 15
100 1310 254 1368 quitur
291 1325 348 1354 ex
387 1311 612 1367 aequitate
652 1314 698 1354 et
736 1311 914 1368 publica
954 1310 1153 1353 utilitate
1192 1310 1441 1353 arbitrium.
1511 1310 1575 1354 Vt

99 1378 282 1431 faciant,
306 1379 515 1436 inquam;
551 1379 668 1437 quia,
689 1379 805 1422 sicut
835 1379 1031 1422 iudicum
1062 1379 1231 1422 dictare
1261 1379 1486 1429 iudicium,
1508 1379 1574 1422 ita
1591 1384 1672 1424 601
1691 1395 1721 1424 a

100 1451 146 1493 et
168 1448 356 1492 istorum
380 1448 584 1492 faciendo
610 1463 813 1492 exercere
843 1449 1034 1492 officium
1062 1452 1139 1492 est.
1200 1448 1391 1505 Vtique:
1422 1448 1576 1492 Gloria

100 1518 208 1562 haec
227 1520 296 1561 est
314 1518 520 1561 omnibus
544 1518 709 1561 sanctis
729 1518 837 1562 eius.
897 1517 1015 1560 Nam
1043 1521 1089 1561 et
1115 1518 1223 1561 haec
1250 1520 1434 1575 agentes
1460 1518 1576 1560 mili-

101 1589 170 1631 tes
211 1587 355 1631 sancti
394 1590 502 1631 sunt
539 1590 586 1631 et
619 1587 667 1630 in
702 1602 754 1630 eo
789 1587 1008 1630 fideliores
1047 1587 1238 1645 principi
1273 1601 1361 1644 quo
1395 1592 1578 1632 seruant

19 1669 87 1702 -οο
103 1656 344 1700 studiosius
363 1657 494 1700 fidem
516 1656 624 1709 Dei3
654 1660 700 1700 et
726 1657 911 1700 uirtutis
941 1671 1046 1700 suae
1074 1656 1231 1700 utilius
1256 1656 1445 1713 gloriam
1475 1671 1577 1714 pro-

0 1731 2 1737 ’
102 1729 296 1779 mouent,
317 1741 405 1784 quo
424 1726 600 1770 fidelius
619 1726 704 1770 Dei
725 1726 794 1769 sui
819 1726 867 1768 in
887 1726 1093 1770 omnibus
1112 1726 1300 1784 gloriam
1320 1732 1552 1784 quaerunt.

102 1855 209 1915 Cap.
223 1871 264 1915 9.
285 1856 415 1912 Quod
423 1856 541 1914 fides
555 1857 645 1901 Deo
659 1856 808 1900 debita
823 1856 882 1900 sit
898 1856 1054 1900 cuiuis
1068 1856 1248 1900 homini
1261 1858 1578 1915 praeferenda,

351 1941 431 1970 ‘noe
450 1931 665 1971 seruatur
684 1926 865 1971 homini
884 1926 981 1969 nis-2:
1001 1926 1091 1969 Deo
1110 1930 1330 1972 seruetur.

160 2023 255 2068 Nec
288 2023 428 2068 refert
461 2023 581 2067 fideli
615 2024 714 2081 quis
746 2023 911 2066 militet
945 2038 1003 2066 an
1038 2022 1220 2074 infideli,
1255 2023 1362 2067 dum
1398 2027 1578 2068 tantum

0 2098 6 2147 j·
43 2109 86 2147 ²3
101 2093 265 2138 militet
283 2093 371 2137 fide
391 2093 612 2137 incolumi.
672 2093 950 2136 Diocletiano
971 2095 1017 2136 et
1040 2093 1216 2136 Iuliano
1243 2097 1289 2137 et
1308 2094 1408 2138 aliis
1428 2095 1578 2152 impiis

102 2162 313 2220 leguntur
334 2163 548 2206 militasse
573 2163 725 2206 fideles
749 2166 795 2206 et
825 2162 888 2206 eis
918 2162 965 2204 in
995 2161 1252 2206 defensione
1282 2164 1346 2207 rei
1376 2164 1579 2221 publicae

102 2234 330 2290 tamquam
373 2232 648 2290 principibus
688 2232 820 2276 fidem
870 2232 1124 2275 exhibuisse
1174 2236 1220 2276 et
1269 2234 1578 2278 reuerentiam.

105 2351 123 2380 1
150 2341 313 2380 maxime
331 2341 372 2378 in
390 2354 434 2380 eo
452 2342 498 2378 Αι
641 2351 662 2378 2
688 2340 832 2388 linguis
849 2342 917 2378 aut
934 2340 1023 2377 telis
1036 2340 1076 2376 M

153 2455 170 2483 1
197 2448 346 2482 mflitom
367 2449 560 2493 ylortosum
578 2459 586 2482 :
619 2445 743 2490 qualis
761 2447 818 2482 est
835 2444 1089 2482 Terentianus
1105 2445 1248 2482 Thraso
1264 2458 1273 2488 ;
1306 2445 1354 2482 cf.
1372 2458 1486 2493 supra
1503 2459 1535 2483 c.
1554 2458 1575 2493 3

104 2491 190 2548 (594
202 2503 229 2530 Β
241 2493 370 2540 seqq.).
506 2504 526 2540 3
557 2495 668 2529 Tum·
684 2496 754 2530 etc.
769 2506 776 2528 :
803 2493 852 2529 cf.
870 2493 1024 2529 Petrum
1044 2492 1265 2529 Blesensem
1284 2493 1438 2529 Ioannis
1455 2493 1576 2530 nostri

103 2540 341 2588 discipulum,
361 2543 432 2588 Ep.
450 2551 497 2587 94
517 2541 661 2588 (Migne
678 2542 718 2577 P.
736 2542 780 2577 L.
799 2540 906 2577 ccvii.
926 2541 1012 2586 294)
1038 2541 1108 2576 Sed
1131 2546 1164 2576 et
1188 2542 1293 2576 hodie
1317 2543 1453 2577 tirones
1477 2554 1577 2578 enses

103 2590 283 2634 recipiunt
298 2591 341 2626 de
362 2591 487 2632 altari,
503 2594 544 2625 ut
562 2591 808 2635 profiteantur
823 2600 859 2624 se
874 2590 979 2632 filios
999 2589 1190 2630 Ecclesiae,
1208 2594 1313 2634 atque
1338 2591 1387 2624 ad
1408 2591 1576 2625 honorem

101 2638 302 2680 sacerdotii,
319 2639 367 2672 ad
384 2638 570 2672 tuitionem
580 2648 801 2682 pauperum,
818 2637 866 2671 ad
883 2637 1085 2671 uindictam
1102 2638 1360 2680 maleficiorum
1377 2642 1409 2671 et
1428 2639 1577 2682 patriae

103 2682 347 2719 liberationem
358 2685 523 2729 ,alodium
539 2686 724 2730 accepisse.
841 2692 861 2727 7
887 2684 1144 2719 Exultationes
1160 2686 1252 2720 etc.:
1278 2682 1336 2719 Ps.
1354 2683 1467 2719 cxlix.
1484 2685 1575 2726 6—8;

104 2731 338 2767 exaltationes
352 2731 470 2768 habet
485 2730 616 2777 Vulg.;
641 2742 672 2766 v.
692 2729 866 2766 Sabatier
881 2729 930 2766 ad
947 2729 1019 2766 loc.
1189 2741 1232 2776 13
1263 2732 1307 2766 Vt
1315 2733 1464 2775 faciant
1481 2734 1574 2767 etc.:

105 2775 163 2813 Pe.
179 2776 292 2815 cxlix.
310 2787 344 2832 9.
484 2787 524 2822 17
555 2778 682 2814 Gloria
699 2780 769 2814 etc.
787 2789 795 2813 :
824 2777 882 2813 Ps.
899 2777 1012 2813 cxlix.
1031 2787 1065 2823 9.
1201 2787 1247 2813 22
1273 2777 1366 2813 Cum
1385 2790 1466 2824 cap.
1484 2788 1507 2822 9
1524 2778 1572 2814 cf.

106 2823 142 2860 S.
159 2824 326 2860 Anselmi
348 2825 398 2861 ad
413 2824 652 2862 Willelmum
671 2825 708 2860 II
726 2826 773 2862 de
791 2825 866 2861 fide
883 2823 962 2861 Deo
980 2827 1020 2861 et
1036 2824 1119 2871 regi
1136 2824 1267 2862 debita
1283 2824 1494 2862 orationem
1511 2837 1575 2870 ap.

106 2869 277 2909 Eadmer.
292 2873 388 2909 Hist.
403 2873 491 2910 Now.
507 2871 537 2908 ii
556 2872 702 2919 (Migne
718 2874 759 2909 P.
775 2873 818 2909 L.
837 2871 922 2909 clix.
939 2874 1039 2918 401).

1424 2939 1467 2973 ο3
