1988 3250
158 187 257 223 mr.
273 175 416 238 xv111]
673 175 1110 222 POLICRATICVS
1638 177 1718 229 788
1737 186 1768 218 a

156 297 387 341 Auaritiae
411 299 561 340 autem
587 298 681 339 tam
707 298 973 353 praeruptae
999 295 1153 338 extitit
1178 298 1230 338 ut
1249 299 1350 353 post
1372 297 1455 340 hoc
1475 297 1623 340 incen-

156 366 279 410 dium
318 365 454 416 urbis,
487 379 620 422 quam
654 378 701 407 se
733 364 966 421 Augustus
1001 378 1057 406 ex
1097 364 1294 407 lateritia
1331 380 1623 408 marmoream

156 435 397 479 reddidisse
426 434 683 484 iactauerat‚
702 433 922 476 neminem
949 432 1007 475 ad
1035 432 1244 489 reliquias
1266 448 1414 476 rerum
1442 449 1623 477 suarum

156 503 278 547 adire
292 503 552 561 permiserit.
587 501 772 552 Cuncta,
789 516 901 558 quae
915 501 1119 544 flammae
1135 515 1311 558 quoquo
1326 502 1456 545 modo
1472 517 1623 559 super-

119 584 139 620 5
156 573 348 624 fuerant,
382 572 475 630 ipse
509 571 719 623 abstulit3
769 570 935 614 centies
968 573 1154 613 centena
1194 570 1317 612 milia
1356 572 1620 614 sextertium

154 657 304 686 annua
323 657 350 685 a
365 644 523 685 senatu
537 640 728 685 conferri
746 640 831 683 sibi
847 639 1108 697 imperauit3
1138 639 1352 696 plurimos
1367 642 1622 682 senatorum

154 711 279 755 nulla
304 713 487 754 extante
510 725 642 754 causa
670 709 798 753 bonis
821 709 1043 766 priuauit3
1072 708 1399 765 negotiatorum
1424 708 1621 750 omnium

154 781 238 824 sub
266 795 357 824 una
390 780 474 832 die,
503 779 738 823 tormentis
772 792 944 835 quoque
979 777 1204 827 adhibitis,
1234 792 1408 820 omnem
1444 777 1623 834 penitus

153 864 333 894 censum
362 848 584 892 abstorsit.
644 846 934 892 Crudelitatis
963 850 1113 889 autem
1142 846 1263 889 rabie
1294 846 1358 889 ita
1383 846 1624 888 effrenatus

95 933 137 960 ιο
154 922 223 963 est
261 921 314 962 ut
352 918 589 976 plurimam
629 919 808 960 senatus
842 919 1014 974 partem
1055 916 1334 966 interficeret,
1374 918 1622 972 equestrem

153 987 352 1032 ordinem
391 1001 502 1045 pene
550 986 824 1030 destitueret.
904 984 992 1028 Sed
1042 999 1097 1027 ne
1146 984 1394 1041 parricidiis
1443 984 1621 1040 quidem

154 1057 398 1109 abstinuit;
441 1058 641 1106 matrem,
671 1054 869 1104 fratrem,
898 1068 1104 1104 sororem,
1139 1068 1323 1097 uxorem
1367 1056 1621 1110 ceterosque
1639 1061 1667 1099 b

154 1141 305 1171 omnes
331 1128 542 1183 cognatos
575 1127 621 1168 et
646 1124 917 1182 propinquos
943 1123 1039 1166 sine
1069 1123 1335 1166 hesitatione
1365 1124 1622 1180 prostrauit.

153 1195 298 1239 Auxit
326 1195 440 1238 hanc
469 1194 627 1238 molem
658 1193 868 1237 facinoris
898 1193 992 1236 eius
1023 1193 1251 1236 temeritas
1290 1193 1534 1250 impietatis
1574 1193 1622 1236 in

94 1277 136 1314 15
153 1265 310 1308 Deum.
389 1263 507 1307 Nam
555 1263 725 1321 primus
775 1262 940 1305 Romae
990 1261 1269 1306 Christianos
1308 1262 1536 1320 suppliciis
1575 1267 1623 1306 et

153 1334 371 1378 mortibus
394 1333 540 1377 affecit
566 1348 616 1377 ac
643 1347 723 1390 per
749 1347 901 1375 omnes
928 1331 1180 1389 prouincias
1200 1332 1297 1389 pari
1318 1332 1621 1389 persecutione

153 1403 395 1448 excruciari
415 1402 665 1460 imperauit.
724 1402 964 1459 Ipsumque
984 1416 1144 1444 nomen
1170 1401 1416 1458 exstirpare
1436 1405 1621 1444 conatus

151 1472 428 1516 beatissimos
455 1471 623 1516 Christi
651 1470 872 1529 apostolos
900 1470 1080 1513 Petrum
1108 1484 1235 1513 cruce
1264 1470 1449 1513 Paulum
1471 1471 1621 1528 gladio

152 1541 390 1586 interfecit.
459 1541 567 1584 Mox
600 1539 878 1584 acerbissime
917 1540 1123 1582 miseram
1167 1539 1397 1582 ciuitatem
1439 1540 1621 1583 obortae

93 1627 137 1652 ao
154 1611 348 1669 undique
388 1625 642 1668 oppressere
681 1609 837 1653 clades.
913 1609 1031 1652 Nam
1071 1609 1365 1666 subsequente
1405 1613 1622 1653 autumno

153 1683 282 1724 tanta
310 1680 410 1723 urbi
441 1679 696 1738 pestilentia
725 1679 929 1722 incubuit
958 1682 1010 1722 ut
1040 1678 1229 1736 triginta
1259 1679 1382 1721 milia
1412 1679 1621 1722 funerum

151 1748 200 1792 in
238 1749 455 1793 rationem
496 1749 796 1792 Libicinianae
836 1748 1053 1793 uenirent.
1133 1748 1392 1791 Britannica
1431 1749 1621 1806 denique

151 1817 296 1862 clades
317 1832 340 1862 e
367 1818 558 1877 uestigio
584 1818 755 1869 accidit,
776 1833 864 1875 qua
884 1818 973 1861 duo
1003 1818 1240 1875 praecipua
1268 1818 1431 1875 oppida
1458 1833 1621 1875 magna

152 1887 318 1932 ciuium
345 1888 648 1945 sociorumque
675 1888 799 1932 clade
827 1891 872 1931 et
892 1887 995 1931 cede
1016 1887 1191 1945 direpta
1210 1891 1327 1930 sunt.
1388 1888 1620 1931 Praeterea
1637 1902 1662 1932 e

92 1971 136 2006 ²5
153 1957 202 2000 in
231 1957 400 2002 oriente
438 1958 612 2016 magnis
643 1958 879 2000 Armeniae
913 1957 1154 2015 prouinciis
1188 1957 1362 2000 amissis
1396 1957 1621 2001 Romanae

152 2026 346 2084 legiones
364 2027 448 2070 sub
474 2027 628 2085 iugum
653 2027 877 2070 Particum
902 2027 1075 2079 missae,
1095 2041 1284 2084 egreque
1305 2027 1424 2069 Siria
1447 2030 1623 2071 retenta

152 2099 233 2140 est.
292 2096 348 2139 In
377 2096 486 2140 Asia
513 2100 605 2140 tres
634 2097 778 2147 urbes,
797 2096 879 2139 hoc
900 2099 968 2139 est
995 2095 1200 2138 Laodicie
1221 2095 1434 2153 Ierapolis
1454 2095 1621 2146 Colose,

154 2168 299 2209 terrae
324 2167 448 2208 motu
475 2165 771 2209 conciderunt.
834 2165 955 2208 Haec
977 2164 1160 2207 Orosius
1181 2165 1297 2217 fere;
1326 2166 1452 2208 cuius
1472 2166 1621 2208 uerbis

155 2237 201 2278 et
229 2248 359 2278 sensu
384 2249 435 2278 eo
458 2234 670 2278 libentius
696 2237 800 2278 utor
827 2234 945 2291 quod
964 2234 1054 2278 scio
1075 2233 1381 2278 Christianum
1402 2238 1448 2278 et
1468 2234 1619 2292 magni

94 2318 138 2353 30
154 2303 419 2360 discipulum
467 2303 708 2361 Augustini
752 2308 934 2360 propter
982 2303 1239 2361 religionem
1290 2304 1392 2346 fidei
1442 2309 1619 2347 nostrae

153 2371 335 2415 ueritati
374 2371 630 2429 diligentius
668 2372 894 2416 institisse.
969 2372 1091 2416 Haec
1132 2372 1309 2430 quidem
1349 2377 1535 2430 possunt
1573 2377 1620 2416 et

153 2441 272 2498 apud
311 2440 420 2484 alios
458 2441 690 2485 historicos
728 2442 920 2485 inueniri
962 2441 1180 2495 diffusius,
1220 2442 1296 2499 qui
1341 2443 1620 2486 tirannorum

154 2509 409 2553 atrocitates
448 2513 494 2553 et
533 2510 679 2554 exitus
718 2511 899 2554 miseros
937 2511 1114 2568 plenius
1152 2512 1362 2555 scribunt.
1423 2512 1547 2565 Quae
1580 2512 1619 2555 si

157 2612 200 2648 17
226 2601 414 2657 extirpare
431 2602 490 2657 AS
709 2613 756 2640 20
779 2605 989 2658 autumpno
1006 2603 1080 2639 AM
1263 2650 1270 2658 ι
1292 2614 1333 2640 21
1362 2616 1437 2639 xxx
1454 2603 1619 2640 CBASM

153 2649 416 2743 {gaggi-333³}
423 2650 558 2687 demde
575 2649 642 2686 SM
741 2651 787 2687 26
811 2662 912 2698 syna
928 2651 968 2687 M
1077 2652 1122 2687 28
1148 2651 1414 2688 consciderunt
1433 2651 1466 2686 A
1571 2662 1617 2698 32

205 2793 250 2829 19
273 2783 516 2819 acerbissime:
538 2785 736 2819 aceruatim
751 2781 855 2820 Oros.
1061 2794 1106 2820 22
1131 2785 1408 2821 Libicinianae:
1432 2786 1619 2822 Libitinae

154 2830 257 2868 Oros.
401 2839 447 2877 ²9
475 2830 724 2866 Christianum
740 2831 833 2868 etc.:
858 2842 890 2868 v.
907 2830 1010 2869 Oros.
1030 2830 1054 2868 i.
1068 2831 1212 2878 prolog.

1444 2886 1508 2928 36³
