1988 3250
151 231 247 265 οΑΡ.
269 215 381 278 xxv]
672 211 1109 258 POLICRATICVS

150 338 325 381 Marcus
364 334 618 386 Castricius,
650 334 856 376 libertate
889 332 1203 383 inflammatus,
1243 344 1322 373 nec
1361 330 1494 373 minis
1533 343 1613 372 nec

149 407 319 450 uiribus
357 405 499 455 cessit,
538 404 672 446 immo
711 401 879 446 consuli
926 400 1090 444 dicenti
1137 414 1183 442 se
1229 399 1391 442 habere
1430 399 1612 456 gladios,

149 475 397 533 respondit:
444 474 502 516 Et
541 487 622 530 ego
661 486 810 514 annos.
871 469 1055 513 Seruius
1095 468 1249 519 Galba,
1284 482 1364 524 pro
1405 468 1612 524 Pompeio

149 545 381 603 obligatus,
413 557 513 587 cum
553 543 600 584 in
636 541 732 584 foro
767 539 1102 583 conueniretur:
1146 538 1242 588 Gai,
1274 537 1434 594 inquit,
1465 536 1610 586 Cesar,
1630 552 1655 581 c

115 630 134 664 5
149 628 229 673 pro
269 613 475 670 Pompeio
513 625 674 668 genero
713 609 935 666 quondam
970 611 1050 650 tuo
1084 608 1220 650 tertio
1255 607 1349 649 eius
1380 606 1613 649 consulatu

149 682 378 742 pecuniam
423 679 651 738 spopondi,
692 693 780 736 quo
826 678 1004 721 nomine
1052 691 1170 720 nunc
1217 676 1426 732 appellor.
1494 674 1614 727 Quid

148 752 307 810 agam?
365 750 438 793 An
467 748 738 806 dependam?
798 747 949 790 Palam
981 749 1114 803 atque
1144 748 1296 802 aperte
1327 745 1366 787 ei
1397 744 1613 787 bonorum

151 820 363 878 Pompeii⁴
384 819 686 862 uenditionem
726 816 1035 874 exprobrando
1074 819 1127 858 ut
1166 830 1193 858 a
1231 814 1446 858 tribunali
1492 827 1611 855 sum-

149 894 400 934 moueretur
431 891 678 940 meruerat3
711 887 787 930 sed
822 886 933 928 illud
960 886 1057 943 ipsa
1087 884 1428 928 mansuetudine
1459 883 1613 925 mitius

93 977 134 1001 ιο
149 963 301 1018 pectus
345 974 418 1002 aes
459 959 652 1001 alienum
695 956 892 1013 Pompeii
942 971 998 998 ex
1044 969 1125 998 suo
1167 955 1272 997 fisco
1313 954 1426 996 solui
1471 953 1612 995 iussit.

151 1029 408 1073 Pisistratus
437 1027 776 1071 Atheniensium
806 1026 1023 1076 tirannus,
1053 1039 1153 1068 cum
1183 1038 1284 1067 eum
1314 1038 1430 1066 uxor
1464 1023 1613 1065 horta-

148 1102 273 1142 retur
301 1101 354 1142 ut
386 1097 575 1155 capitale
607 1095 871 1153 supplicium
906 1097 1101 1137 sumeret
1132 1094 1186 1136 de
1217 1092 1491 1136 adolescente
1524 1091 1614 1148 qui,

149 1168 266 1211 filiae
299 1167 392 1210 eius
430 1181 577 1209 amore
612 1179 856 1216 succensus,
891 1179 987 1207 eam
1022 1164 1068 1206 in
1107 1163 1184 1206 uia
1222 1162 1400 1220 publica
1433 1162 1611 1204 obuiam

150 1236 298 1280 fuerat
328 1236 561 1286 osculatus,
593 1234 842 1292 respondit:
883 1233 932 1276 Si
966 1248 1038 1276 eos
1070 1233 1146 1290 qui
1179 1247 1259 1275 nos
1291 1235 1445 1275 amant
1477 1231 1612 1273 inter-

93 1318 133 1353 15
149 1306 330 1357 ficimus,
350 1306 457 1363 quid
478 1305 689 1349 faciemus
705 1304 774 1346 his
795 1304 957 1361 quibus
972 1303 1073 1346 odio
1093 1302 1274 1345 sumus?
1320 1301 1419 1343 Vox
1435 1300 1614 1357 quidem

149 1376 245 1420 ciue
269 1376 444 1434 dignior
470 1389 603 1432 quam
630 1375 820 1424 tiranno,
841 1387 953 1430 quae
981 1376 1027 1415 et
1051 1372 1169 1414 filiae
1196 1370 1482 1414 laudabiliter
1507 1370 1615 1412 tulit
1631 1369 1661 1409 d

150 1445 359 1490 iniuriam
398 1448 444 1488 et
483 1444 750 1488 laudabilius
791 1458 930 1486 suam.
991 1442 1130 1492 Idem,
1162 1456 1189 1484 a
1223 1441 1438 1497 Trasippo
1473 1440 1614 1483 amico

150 1514 358 1559 conuiciis
386 1515 433 1557 in
462 1529 570 1558 cena
596 1514 690 1557 sine
717 1514 804 1556 fine
831 1513 1061 1562 laceratus,
1089 1515 1134 1554 et
1163 1511 1361 1554 animum
1390 1512 1435 1552 et
1462 1524 1614 1552 uocem

151 1584 208 1628 ab
227 1585 295 1628 ira
314 1584 512 1628 cohibuit
538 1586 596 1636 et,
620 1583 724 1626 licet
750 1597 851 1625 eum
876 1582 1118 1638 Trasippus
1138 1580 1307 1637 impetu
1328 1579 1615 1622 temulentiae

93 1675 135 1700 ιο
152 1657 282 1711 sputo
321 1654 368 1697 in
402 1668 450 1697 os
485 1654 580 1697 eius
614 1653 752 1696 eiecto
786 1651 1055 1708 resperserit,
1086 1650 1201 1693 filios
1233 1653 1280 1692 et
1312 1648 1528 1692 familiam
1560 1649 1617 1691 ab

151 1723 319 1767 ultione
350 1723 551 1775 retraxit,
571 1725 833 1780 posteroque
863 1721 935 1764 die
965 1720 1208 1777 supplicem
1238 1722 1284 1762 et
1314 1718 1614 1761 uoluntariam

150 1792 205 1836 de
239 1807 285 1836 se
315 1795 502 1836 mortem
538 1792 791 1850 exigentem
824 1791 930 1834 data
965 1790 1052 1833 fide
1084 1790 1130 1832 in
1170 1788 1385 1846 pristinae
1424 1788 1614 1845 gradum

150 1862 368 1906 amicitiae
407 1862 582 1919 recepit.
653 1860 952 1904 Nobilissimis
990 1860 1163 1902 ciuibus
1210 1858 1417 1900 fortunae
1463 1861 1614 1900 tamen

150 1931 337 1989 disparis
357 1946 384 1974 a
407 1935 563 1974 senatu
590 1931 810 1988 Hispania
836 1929 1065 1988 prouincia
1090 1928 1380 1985 delegabatur
1406 1927 1615 1970 audiente

95 2014 136 2054 ⁸3
153 2000 308 2044 Seruio
342 2000 539 2058 Sulpicio
571 2001 732 2044 humili
765 2000 864 2043 uiro
892 1999 969 2042 sed
999 1998 1213 2041 liberrimi
1244 1998 1440 2055 spiritus.
1501 1996 1614 2040 Cum

152 2083 256 2127 ergo
267 2070 439 2113 senatui
455 2071 589 2113 etiam
601 2070 790 2127 populus
805 2069 1100 2127 praestitisset
1114 2082 1340 2111 assensum
1354 2082 1364 2119 ;
1392 2066 1616 2109 Neutrum

155 2138 278 2182 mitti
305 2139 442 2182 michi
470 2139 624 2197 placet,
655 2140 803 2196 inquit
831 2139 1067 2196 Sulpicius,
1095 2138 1304 2195 quoniam
1335 2137 1450 2180 alter
1479 2136 1616 2179 nichil

154 2207 300 2258 habet,
327 2208 457 2251 alteri
482 2208 618 2252 nichil
648 2212 716 2252 est
741 2209 874 2261 satis3
903 2223 1041 2265 aeque
1062 2208 1225 2250 malam
1246 2206 1419 2250 licentis
1440 2206 1615 2264 imperii

1629 216 1712 261 707
1733 210 1763 250 b

154 2276 411 2334 magistram
438 2277 638 2321 iudicans
662 2278 857 2335 inopiam
888 2281 1022 2334 atque
1051 2277 1304 2320 auaritiam.
1366 2276 1615 2319 Romanum
1632 2285 1714 2335 708
1736 2295 1766 2324 a

94 2362 138 2396 30
155 2359 327 2403 quoque
353 2347 572 2390 consulem
599 2347 789 2393 Brutum
818 2347 1074 2390 Lusitaniae
1103 2347 1416 2404 imperatorem
1443 2346 1616 2403 legatus

155 2487 179 2524 6
203 2497 251 2533 ap
253 2485 347 2523 ellor
363 2484 451 2522 GBS
592 2497 615 2534 9
632 2492 716 2534 post
693 2486 876 2582 lsiffisss
833 2489 916 2523 add.
933 2498 1000 2524 sua
1017 2485 1050 2522 A
1195 2497 1245 2541 ⁸11
1275 2485 1574 2541 atthenieusium
1592 2484 1617 2522 S

159 2538 201 2571 12
226 2498 486 2570 adhulescente
501 2532 551 2569 A¹
1018 2543 1062 2580 27
1088 2533 1206 2571 michi
1222 2533 1350 2581 placet
1367 2535 1471 2570 mitti
1488 2533 1530 2569 (3ι

156 2675 240 2749 νᾶ
250 2666 406 2749 {graius
415 2667 564 2750 attrita
581 2665 663 2702 val.
681 2665 780 2703 Max.
799 2665 846 2702 vi.
867 2664 923 2712 αξ
943 2676 1204 2703 11.11
1232 2667 1449 2702 Pisistratus
1464 2667 1559 2702 etc.:
1584 2678 1617 2703 v.

156 2760 205 2796 vi.
225 2770 247 2804 4
265 2759 282 2805 §
298 2723 357 2801 ἓξ
371 2723 443 2795 ivibil
459 2722 588 2796 eamean
605 2771 628 2796 a
640 2724 820 2814 Scipio²1i3e
830 2713 1495 2806 {Zfflgffimsssquegosusslggl
1497 2694 1618 2797 GMal’bxa

157 2809 199 2844 et
215 2787 366 2843 Aureli'o
384 2806 596 2843 consulibus
611 2806 756 2843 dictum
773 2818 849 2844 esse
866 2810 1044 2844 narratur
1060 2808 1159 2852 quod
1176 2819 1199 2843 a
1222 2808 1365 2862 Ioanne
1390 2807 1464 2853 ipsi
1490 2807 1618 2845 Servio

157 2853 326 2900 Sulpicio
342 2853 464 2891 datur.
605 2864 650 2900 29
665 2855 870 2892 Romanum
885 2856 981 2892 etc.·
972 2879 982 2891 .
1007 2867 1040 2891 v.
1058 2853 1142 2891 Val.
1160 2855 1260 2892 Max--
1278 2854 1327 2892 vi.
1343 2866 1367 2900 4
1385 2857 1462 2891 ext.
1484 2865 1514 2891 1.

1439 2935 1504 2960 221
