1988 3250
177 178 278 212 CAP.
294 165 440 226 XXIII]
691 163 1131 210 POLICRATICVS
1661 163 1734 203 812
1751 163 1782 202 b
1806 178 1810 185 ¹

177 287 289 341 Quis
323 287 504 331 Petrum
544 285 766 336 Pisanum,
799 283 872 328 cui
906 283 1058 326 nullus
1096 286 1186 327 aut⁴
1214 284 1295 326 uix
1334 283 1494 326 similis
1532 282 1647 326 alter

176 358 274 400 erat
311 355 359 398 in
397 355 552 399 curia?
625 353 738 407 Quis
785 355 1011 396 recenseat
1060 352 1284 409 episcopos
1333 352 1410 408 qui
1461 352 1508 394 in
1548 355 1646 395 tota

175 425 270 469 fere
315 424 451 468 Italia
496 422 794 467 corruerunt?
879 421 1095 471 Profecto,
1144 420 1251 463 dum
1308 422 1465 463 ruinae
1524 421 1645 464 ilh'us

174 493 359 537 extabat
396 494 515 536 etate
554 494 708 535 nostra
746 490 970 543 memoria,
1001 489 1256 533 incredibile
1290 493 1359 532 est
1392 489 1644 546 quempiam

137 583 158 618 5
174 561 284 605 adeo
313 561 471 604 misere
500 560 785 603 ambitiosum
825 573 918 602 esse
959 561 1012 601 ut
1047 557 1285 601 Ecclesiam
1325 558 1524 601 scindere
1554 572 1644 600 non

174 630 397 675 formidet.
457 630 693 674 Neminem
714 629 780 672 ita
799 628 1028 685 stupidum
1049 642 1142 670 esse
1160 627 1291 670 credo
1310 627 1387 684 qui
1408 641 1498 669 non
1517 627 1646 670 malit
1663 638 1688 668 c

173 714 221 744 se
247 700 384 744 deleri
413 715 548 757 quam
575 702 628 742 ut
657 713 739 756 pro
768 713 820 742 eo
849 701 979 742 tanta
1004 698 1086 741 fiat
1114 696 1323 740 turbatio.
1382 696 1445 746 Si,
1472 696 1645 739 delictis

173 769 339 813 nostris
367 769 663 828 exigentibus,
693 768 949 812 carnificum
991 767 1178 810 istorum
1220 766 1454 823 quisquam
1495 780 1645 808 ascen-

174 838 291 882 derit
319 839 467 882 sedem
498 838 618 882 Petri
647 841 693 882 et
722 838 779 881 ad
808 837 1156 895 gubernaculum
1183 836 1313 879 nauis
1336 836 1431 879 eius
1455 834 1647 878 Domino

10 886 38 971 ’ἷῇ
115 926 160 954 ιο
175 908 438 966 indignante
477 908 718 958 accesserit,
768 907 899 964 plane
947 906 1235 963 naufragium
1284 920 1374 948 non
1423 904 1646 948 immerito

175 976 322 1029 faciet,
355 992 456 1022 cum
484 980 530 1021 et
565 977 722 1021 Petrus
763 979 948 1020 uocatus
984 990 1012 1019 a
1051 974 1243 1018 Domino
1282 974 1339 1018 ad
1384 974 1645 1017 ualidiorem

174 1047 359 1091 territus
393 1061 549 1090 auram
583 1046 776 1104 coeperit
809 1045 961 1102 mergi,
994 1048 1040 1088 et
1079 1044 1209 1088 nauis
1245 1059 1358 1101 quae
1404 1044 1647 1087 Dominum

174 1116 368 1160 habebat
396 1120 617 1160 uectorem
643 1116 697 1159 de
727 1115 870 1158 salute
898 1115 1111 1172 desperet,
1143 1114 1280 1157 donec
1310 1112 1517 1158 Christus
1547 1114 1646 1157 dor-

175 1186 318 1230 miens
360 1186 564 1244 precibus
604 1186 834 1230 excitetur.
905 1183 1070 1241 Vtique
1115 1184 1193 1241 qui
1237 1183 1396 1227 misere
1437 1184 1649 1235 ascendit,

2 1235 5 1279 ἶ
37 1235 42 1286 ³.
117 1272 159 1308 ¹⁵
177 1259 353 1300 rotatur
381 1255 584 1299 miserius
614 1258 659 1299 et
688 1254 932 1298 miserrime
966 1254 1205 1306 deicietur3
1234 1269 1313 1297 nec
1344 1253 1455 1297 letos
1482 1254 1650 1297 habent

175 1326 325 1369 exitus
354 1340 468 1383 quae
497 1325 614 1368 malo
643 1327 749 1367 sunt
778 1324 986 1368 inchoata
1014 1323 1246 1381 principio.
1305 1323 1538 1367 Discordia
1557 1338 1649 1367 cer-

173 1391 396 1436 tissimum
420 1391 672 1449 iniquitatis
692 1393 738 1434 et
756 1390 957 1434 defectus
976 1390 1188 1434 indicium
1210 1394 1304 1444 est;
1332 1390 1552 1448 siquidem

674 1478 882 1520 minimas
901 1491 1050 1521 rerum
1069 1477 1288 1522 discordia
1308 1478 1474 1528 turbat,
1569 1476 1573 1481 ’
1665 1479 1694 1520 d

289 1551 442 1595 pacem
461 1551 635 1580 summa
652 1538 819 1581 tenent.

35 1598 47 1655 ᾗ
117 1641 161 1667 ⁸0
178 1627 347 1672 Phetou
378 1629 426 1672 in
460 1629 637 1680 fabulis,
671 1628 779 1672 dum
809 1631 1017 1686 paternos
1046 1643 1203 1673 currus
1230 1629 1421 1680 affectat,
1451 1629 1650 1673 incendit

176 1698 326 1742 orbem
353 1702 399 1742 et
426 1699 608 1742 tandem
635 1698 917 1742 miseratione
938 1698 1022 1742 Dei
1043 1702 1088 1743 et
1114 1699 1208 1757 ipse
1227 1714 1462 1744 succensus
1480 1700 1649 1743 corruit

175 1783 394 1827 praeceps,
415 1783 548 1814 curru
568 1768 761 1812 disiecto.
820 1768 944 1812 Tunc

695 1861 781 1905 isse
800 1861 918 1905 diem
938 1861 1032 1905 sine
1052 1861 1142 1905 sole
1162 1861 1341 1905 ferunt:

176 1955 233 2004 et,
253 1953 359 1997 dum
378 1953 540 2012 flagrat
561 1953 754 1997 Ecclesia
773 1967 982 1996 succensa
1001 1954 1218 2007 scismate,
1239 1954 1446 1999 Christus
1466 1955 1648 1998 uidetur

118 2038 162 2074 ²5
176 2022 339 2066 abesse.
396 2022 568 2068 Ycarus
586 2037 772 2081 quoque,
792 2023 898 2066 dum
919 2023 1063 2067 elatus
1083 2023 1269 2067 iuuenili
1296 2024 1480 2068 leuitate
1501 2024 1647 2068 fertur

176 2092 225 2135 in
255 2091 410 2144 celum,
439 2093 622 2136 marinis
650 2093 860 2138 fluctibus
889 2093 1117 2151 mergitur.
1177 2093 1386 2138 Deiectus
1425 2095 1544 2138 enim
1579 2099 1648 2139 est

175 2212 470 2297 glizxitgkiltvast
493 2212 658 2251 exstabit
674 2213 716 2250 M
810 2225 1039 2260 quemquam
1057 2213 1082 2251 S
1208 2216 1252 2252 16
1276 2213 1432 2252 incoata
1446 2215 1481 2252 A
1602 2218 1645 2254 18

176 2371 260 2415 Ray.
278 2371 413 2416 Pontif.
436 2372 536 2407 Rom.
561 2369 586 2407 i.
607 2371 716 2416 780);
739 2382 774 2408 a.
803 2380 891 2416 1127
913 2371 960 2408 ab
986 2371 1158 2409 Honorio
1184 2372 1222 2408 11
1244 2372 1394 2419 legatus
1417 2372 1459 2409 in
1482 2372 1644 2420 Syriam,

177 2416 315 2454 deinde
345 2416 387 2453 in
414 2417 610 2454 Poloniam
636 2418 795 2458 missus:
819 2419 977 2455 Romam
1006 2431 1173 2457 reversus
1202 2420 1250 2456 ab
1276 2421 1500 2458 Innocentio
1530 2421 1566 2458 11
1594 2421 1645 2458 ad

177 2464 403 2502 Anacletum
421 2464 457 2500 11
475 2465 663 2511 migravit,
679 2477 753 2512 quo
770 2467 898 2503 tamen
915 2469 1065 2503 mortuo
1083 2468 1131 2504 ad
1150 2467 1367 2506 Innocentii
1386 2472 1512 2515 partes
1530 2469 1644 2506 rediit

179 2513 243 2557 (de
269 2512 352 2566 {Mas
376 2511 505 2550 Latris
534 2514 629 2550 Tres.
652 2515 694 2549 de
714 2515 844 2550 Clam.
866 2515 982 2560 1183).
1031 2514 1136 2551 Obiit
1160 2518 1322 2570 mortem
1346 2527 1379 2552 a.
1403 2518 1492 2562 1138
1517 2516 1644 2560 (Pauli

175 2559 1644 2656 3P112¹2'‹'‚'zoophgiffssssffmss'i'zffffi'fflssfflfflffleffiSbffsffifftssffi

177 2665 211 2690 v.
229 2653 341 2690 Matt.
358 2652 433 2690 xiv.
453 2664 509 2698 29,
527 2664 584 2699 30.
683 2665 725 2691 ι2
751 2661 783 2690 et
799 2657 909 2692 nauis
925 2659 1020 2692 etc.:
1048 2668 1079 2692 v.
1099 2657 1210 2693 Matt.
1229 2656 1306 2694 viii.
1325 2669 1370 2704 ²3
1380 2670 1482 2705 seqq.
1599 2661 1642 2696 18

177 2702 351 2737 minimae
366 2703 458 2737 eta:
486 2701 573 2738 Luc.
589 2702 720 2738 Pham.
737 2701 776 2738 ii.
799 2711 879 2748 272,
898 2712 978 2748 273.
1169 2714 1216 2740 20
1239 2706 1376 2742 Pluton
1400 2709 1499 2742 etc.:
1524 2718 1558 2743 v.
1576 2706 1642 2743 Ov.

143 2791 149 2796 ‚
177 2749 264 2785 Met.
279 2747 320 2784 ii.
342 2758 356 2785 1
370 2759 471 2794 seqq.
651 2759 697 2794 23
722 2751 790 2785 ἰεεο
805 2751 902 2788 eta:
926 2749 991 2788 Ov.
1006 2752 1092 2788 Met.
1108 2750 1149 2788 ii.
1168 2761 1248 2798 331.
1428 2762 1473 2800 25
1504 2754 1644 2790 Yoam

177 2798 274 2834 etc.:
298 2808 331 2832 v.
349 2794 413 2832 Ov.
429 2797 514 2832 Met.
532 2794 609 2833 viii.
629 2805 693 2843 195
705 2807 807 2843 seqq.

1465 2880 1535 2915 ⁴⁰?
