1988 3250
139 225 239 260 σΑΡ.
253 214 366 275 xm]
663 213 1101 262 POLICRATICVS
1627 218 1712 270 607
1730 220 1760 259 b

7 325 19 371 ‚²
38 378 74 395 Ἃ
137 333 221 378 bus
259 349 450 392 namque
490 335 701 379 Romanis
742 335 1002 393 ciuibusque
1040 336 1177 380 iurati
1216 337 1479 395 impugnare
1517 352 1608 382 non

0 457 13 469 Η
135 406 344 462 poterant
364 418 473 461 quos
492 407 766 448 sacramento
786 404 972 448 militiae
992 410 1276 462 susceperant
1296 405 1606 450 defendendos.
1625 415 1652 444 0

0 470 23 522 ἢ
137 472 211 517 Sic
234 487 408 530 quoque
435 473 573 516 Gaius
604 472 741 518 Curio
769 474 885 517 bello
912 474 1164 517 Dardanico
1190 474 1308 518 circa
1334 474 1608 527 Dirachium,

0 522 22 607 ξ
135 556 236 586 cum
253 557 402 592 ,unam
431 542 487 586 de
514 543 709 600 quinque
736 543 984 601 legionibus
1010 543 1264 587 sediti0fflm
1291 543 1489 594 uidisset,
1509 559 1607 587 eam

0 617 21 679 ς
97 626 119 664 5
135 611 367 669 procedere
386 611 517 655 iussit
531 612 744 655 inermem
760 612 1106 669 discinctamque
1121 612 1168 654 in
1188 615 1424 669 conspectu
1444 614 1608 656 armati

0 686 3 694 “
133 680 354 724 exercitus
399 683 645 724 stramenta
687 682 832 739 coegit
870 696 1029 734 secare,
1067 684 1291 739 postremo
1336 684 1487 724 autem
1534 682 1607 725 die

0 686 18 816 ἑ
133 749 339 794 similiter
368 749 532 793 fossam
565 750 801 794 discinctos
835 750 999 794 milites
1034 750 1201 803 facere;
1251 749 1473 807 nullisque
1508 765 1606 807 pre-

131 819 256 863 cibus
275 819 462 878 legionis
480 819 711 877 impetrari
739 820 796 862 ab
816 834 868 863 eo
891 820 1041 877 potuit
1064 835 1120 863 ne
1141 820 1269 877 signa
1288 819 1383 862 eius
1402 819 1607 863 summit-

132 890 248 932 teret
273 903 520 946 nomenque
546 888 742 932 aboleret
754 902 764 941 ;
795 888 960 932 milites
988 892 1140 932 autem
1170 889 1217 931 in
1247 888 1606 946 supplementum

14 991 19 1000 ,,
73 971 116 1002 ιο
131 957 321 1001 aliarum
340 957 564 1016 legionum
585 958 827 1002 distribuit.
885 956 990 1002 Non
1010 958 1128 1001 enim
1156 958 1509 1002 restituebantur
1527 958 1606 1015 qui

131 1031 386 1071 meruerant
412 1027 582 1085 priuari
609 1027 799 1086 cingulo,
823 1030 1063 1085 antequam
1090 1042 1164 1071 eos
1193 1042 1299 1085 prae
1328 1027 1486 1071 ceteris
1513 1028 1603 1070 uir-

130 1099 280 1141 tutum
307 1097 468 1141 merita
493 1098 773 1156 insignirent.
834 1097 1001 1141 Milites
1023 1098 1112 1154 qui,
1125 1112 1181 1140 ex
1208 1096 1431 1142 Cannensi
1451 1111 1605 1155 pugna

129 1166 346 1220 cedentes,
358 1167 406 1210 in
423 1166 627 1211 Ciciliam
645 1167 827 1211 fuerant
843 1167 1026 1225 relegati
1046 1167 1386 1225 postulauerant
1405 1181 1432 1209 a
1453 1166 1603 1211 Marco

130 1235 338 1280 Marcello
361 1236 538 1280 consule
558 1240 611 1280 ut
637 1236 685 1280 in
711 1236 930 1294 praelium
957 1236 1234 1281 ducerentur.
1293 1236 1377 1279 Ille
1397 1239 1602 1279 senatum
1617 1236 1647 1277 d

71 1314 112 1356 ¹5
129 1305 363 1358 consuluit,
382 1307 650 1363 senatusque
674 1306 858 1363 negauit
884 1306 1056 1363 placere
1076 1305 1161 1349 sibi
1181 1305 1245 1348 eis
1265 1305 1484 1348 committi
1509 1320 1602 1348 rem

128 1374 351 1432 publicam
379 1374 455 1432 qui
484 1389 580 1418 eam
611 1374 920 1418 deseruissent.
981 1374 1189 1418 Marcello
1218 1378 1368 1417 tamen
1399 1375 1603 1431 permisit

129 1443 274 1488 facere
289 1444 406 1502 quod
421 1444 671 1497 uideretur;
691 1444 788 1502 lege
803 1447 955 1487 tamen
970 1444 1245 1502 praescripta
1261 1458 1317 1486 ne
1333 1443 1433 1500 quis
1448 1458 1600 1487 eorum

126 1528 309 1558 munere
347 1516 529 1558 uacaret
559 1529 672 1557 neue
707 1514 950 1557 donaretur
982 1514 1180 1572 praemio
1208 1516 1290 1556 aut
1324 1513 1489 1556 honore
1519 1517 1601 1557 aut

126 1586 429 1642 reportaretur
459 1583 507 1626 in
541 1583 733 1634 Italiam,
769 1583 876 1626 dum
912 1583 1019 1627 Peni
1054 1583 1102 1626 in
1134 1597 1187 1626 ea
1216 1582 1417 1626 fuissent.
1477 1582 1599 1625 Dum

69 1675 112 1701 ,ο
126 1667 234 1696 uero
275 1652 453 1711 cingulo
501 1652 679 1710 spoliati
719 1656 836 1704 sunt,
876 1653 940 1696 eis
985 1667 1065 1696 nec
1107 1667 1184 1696 era
1229 1651 1486 1709 procedunt,
1517 1666 1599 1696 nec

125 1722 394 1766 militaribus
431 1722 679 1780 priuilegiis
716 1723 915 1781 gaudent
952 1737 1032 1766 nec
1071 1722 1239 1765 habent
1278 1721 1458 1778 aliquod
1496 1736 1599 1765 cum

123 1792 274 1851 gladio
299 1792 446 1836 teloue
466 1792 786 1836 commercium.
846 1792 1040 1850 Ideoque
1067 1791 1256 1849 prouida
1279 1791 1598 1835 constitutione

124 1861 342 1906 maiorum
382 1864 450 1906 est
487 1861 664 1920 gladius
699 1862 892 1905 insertus
926 1861 1105 1919 cingulo
1139 1864 1192 1904 ut
1231 1860 1392 1904 collato
1430 1860 1598 1904 honore

123 1931 290 1989 cinguli
309 1933 505 1989 potestas
521 1945 694 1988 quoque
710 1931 850 1988 ipsius
869 1930 1007 1988 gladii
1022 1930 1304 1987 aliquatenus
1318 1929 1600 1988 intelligatur

40 2054 49 2067 ι
66 2008 107 2050 25
124 1999 295 2045 collata.
355 2000 415 2043 Et
446 2004 563 2044 recte
592 2000 771 2058 cingulo
804 1999 1039 2043 decoratur
1067 1999 1125 2042 ad
1156 1999 1365 2042 militiam
1396 2000 1598 2056 quisquis

88 2107 97 2120 .
122 2069 301 2120 accedit,
333 2069 439 2127 quia
470 2084 570 2112 eum
603 2069 861 2127 expeditum
894 2083 988 2112 esse
1017 2069 1075 2112 ad
1110 2068 1264 2111 munia
1297 2068 1362 2112 rei
1394 2069 1597 2126 publicae

0 2147 22 2173 Γ
121 2138 252 2183 officii
290 2139 360 2183 sui
400 2139 637 2182 necessitas
676 2138 828 2196 exigit
907 2138 1093 2196 Accingi
1133 2152 1326 2195 namque
1371 2138 1485 2182 solet
1523 2139 1594 2182 cui
1612 2141 1700 2182 608
1721 2151 1751 2180 a

120 2208 314 2267 gerenda
342 2208 600 2260 imminent;
632 2211 678 2251 et
707 2208 778 2252 cui
806 2207 982 2251 uacatio
1010 2207 1146 2250 datur
1175 2207 1278 2251 licet
1308 2221 1401 2250 esse
1431 2207 1598 2251 discin-

0 2334 2 2338 7
122 2280 256 2322 ctum.
314 2278 443 2321 Vnde
458 2277 570 2320 illud
586 2278 634 2320 in
654 2277 769 2320 libro
789 2277 1067 2335 Regnorum:
1098 2276 1203 2320 Non
1222 2291 1362 2334 aeque
1376 2277 1595 2334 glorietur

2 2383 4 2395 ,1
64 2365 110 2402 30
124 2347 344 2392 accinctus
370 2350 423 2390 ut
449 2347 712 2399 discinctus3
742 2347 848 2404 quia
872 2346 1105 2390 solicitudo
1129 2346 1293 2389 laboris
1319 2346 1594 2391 imminentis

0 2403 14 2421 ¹'
121 2416 341 2475 gloriandi
380 2416 605 2460 licentiam
644 2431 734 2459 non
773 2415 975 2459 admittit
1015 2420 1060 2459 et
1098 2414 1270 2458 otiandi
1316 2415 1500 2459 libertas
1546 2420 1593 2460 et

121 2485 332 2530 securitas
358 2485 522 2543 quietis
547 2485 807 2543 plerumque
832 2485 1138 2529 extollentiam
1158 2485 1291 2543 parit.
1349 2483 1591 2543 Cingulum

120 2605 154 2651 8,
172 2615 196 2652 9
219 2605 462 2643 submitteret
479 2603 546 2642 SM
689 2615 738 2652 30
761 2603 933 2642 accintus
948 2604 983 2641 A

169 2725 190 2761 3
217 2715 334 2751 Gaius
357 2715 469 2751 Curio
495 2715 566 2752 etc.
585 2724 704 2760 usque
733 2713 782 2750 ad
804 2714 991 2750 dietm'buit
1005 2724 1030 2749 z.
1052 2713 1224 2750 Frontin.
1241 2715 1352 2750 Serae.
1375 2712 1423 2749 iv.
1445 2723 1460 2749 1
1483 2713 1501 2760 ξ
1529 2723 1588 2759 43.

0 2795 5 2810 ,Ι
119 2762 144 2799 6
163 2767 360 2809 postremo:
378 2767 522 2808 postero
538 2760 710 2798 Frontin.
847 2772 889 2798 12
914 2763 1051 2797 Milites
1067 2763 1161 2798 etc.:
1188 2761 1363 2797 Frontin.
1377 2763 1490 2797 Strat.
1503 2760 1550 2796 iv.
1568 2769 1585 2797 1

0 2821 9 2863 ᾗ
121 2807 140 2856 ἦ
158 2819 218 2855 44.
377 2819 418 2854 ¹3
447 2810 635 2847 ciciliam:
661 2810 827 2846 Siciliam
844 2807 1016 2845 Frontin.
1187 2818 1227 2853 ¹7
1254 2810 1326 2854 leye
1342 2813 1462 2844 tamen
1473 2820 1588 2855 prae·

0 2866 3 2879 ³
118 2858 278 2904 am'pta:
302 2858 390 2893 dum
405 2855 575 2894 Frontin.
717 2866 764 2903 ²9
786 2857 870 2892 Non
886 2867 995 2903 aeque
1011 2856 1104 2893 etc.:
1132 2866 1155 2903 3
1172 2855 1265 2903 Reg.
1280 2867 1340 2892 xx.
1364 2865 1419 2894 11.

1432 2934 1477 2970 3⁵
