1988 3250
125 189 231 224 ou.
246 175 370 238 xvn]
660 174 1098 220 POLICRATICVS

130 302 307 343 terrena
326 311 406 356 per
431 295 662 354 superbiae
685 295 848 339 scalam
875 295 1132 338 ambitionis
1151 297 1197 338 et
1215 295 1430 338 uitiorum
1449 295 1597 353 gradi-

130 367 214 411 bus
233 366 497 409 innitentem
517 365 565 407 in
591 364 708 407 ouile
737 363 936 406 ascendit
966 362 1146 407 Christo
1174 367 1439 421 contempto,
1459 365 1506 407 id
1530 367 1597 408 est

131 436 332 494 neglecta
357 438 478 478 recta
502 434 579 477 uia
605 435 651 476 et
676 433 811 490 plana
836 432 1027 475 sinuosis
1054 432 1345 476 amfractibus
1375 433 1599 476 liminaria

131 505 312 550 suffodit
345 507 426 548 aut
456 503 676 562 parietum
701 502 930 546 iuncturas
959 502 1169 559 irrumpit
1201 505 1281 545 aut
1312 517 1391 559 per
1425 502 1600 559 tegulas

93 592 113 627 5
130 574 307 618 infusus
326 572 536 623 illabitur,
549 571 748 630 profecto
768 570 845 614 fur
859 573 927 614 est
942 574 987 613 et
1006 570 1134 614 latro.
1184 570 1272 623 Qui
1292 585 1400 613 uero
1420 570 1600 613 Christo

130 643 356 702 aperiente
395 642 571 692 ostium,
600 641 647 684 id
686 644 754 685 est
794 640 988 684 Ecclesia
1026 643 1225 691 uocante,
1261 640 1522 697 ingreditur,
1555 642 1602 682 et

129 712 411 771 postmodum
443 711 526 754 sub
557 710 716 754 umbra
739 710 930 768 pastoris
960 708 1148 752 efficitur
1174 712 1439 767 persecutor,
1460 708 1505 750 id
1534 711 1602 750 est

131 782 294 840 spoliat
324 783 492 825 mactat
523 780 683 824 occidit
715 783 761 823 et
790 779 949 837 perdit,
971 779 1047 822 fur
1077 778 1359 822 indubitatus
1391 780 1471 821 est.
1531 778 1599 820 Tu

130 851 234 895 uide
269 851 317 894 in
349 865 437 909 quo
463 850 606 908 gradu
635 849 828 908 ponendi
858 849 1099 892 uideantur
1127 848 1289 906 quibus
1319 863 1408 891 non
1438 848 1601 891 sufficit

74 938 114 965 ιο
131 920 275 964 diuini
297 921 406 963 iuris
426 920 606 963 licentia
627 919 809 963 tondere
837 921 882 962 et
911 918 1124 961 deuorare
1154 932 1287 976 pecus
1316 917 1403 960 nisi
1434 917 1599 960 secula-

133 990 251 1033 rium
278 989 425 1047 legum
450 989 687 1046 implorent
710 987 880 1031 auxilia
906 990 952 1030 et
976 987 1182 1031 officiales
1209 987 1459 1045 principum
1488 985 1599 1029 facti

132 1074 186 1104 ea
223 1059 498 1103 committere
537 1072 626 1101 non
669 1060 882 1102 uerentur
925 1071 1038 1116 quae
1078 1056 1208 1101 facile
1248 1057 1363 1100 alius
1413 1056 1601 1113 quilibet

130 1129 394 1187 publicanus
442 1128 683 1172 erubescat.
763 1126 951 1170 Interim
1001 1126 1225 1185 uoluptati
1274 1126 1472 1169 seruient
1520 1127 1601 1168 aut

132 1198 359 1250 auaritiae,
380 1200 426 1242 et
445 1197 522 1256 qui
542 1212 615 1241 eos
635 1196 863 1255 elegerunt
883 1196 955 1239 uel
979 1196 1255 1239 admiserunt
1281 1196 1328 1238 in
1352 1195 1599 1239 custodiam

74 1290 114 1326 1⁵
132 1267 202 1312 sui
223 1267 550 1326 depopulantur
568 1270 614 1310 et
633 1269 853 1324 premunt,
873 1269 1148 1324 mortemque
1173 1280 1324 1309 eorum
1345 1265 1599 1308 desiderant

133 1351 243 1395 quos
262 1336 405 1380 foueri
432 1336 664 1394 oportebat
693 1336 740 1378 in
760 1350 890 1379 carne
911 1339 957 1379 et
976 1335 1149 1392 spiritu.
1209 1335 1381 1378 Tenent
1400 1334 1601 1392 profecto

131 1406 387 1450 memoriter
431 1405 542 1448 illud
591 1405 924 1464 propheticum:
976 1405 1085 1448 Ecce
1124 1404 1335 1448 constitui
1376 1407 1421 1447 te
1469 1419 1603 1461 super

131 1478 287 1534 gentes
325 1478 370 1519 et
408 1490 546 1534 regna
583 1478 637 1519 ut
675 1475 839 1518 euellas
878 1477 924 1518 et
962 1474 1165 1518 destruas
1205 1478 1251 1518 et
1289 1473 1518 1532 disperdas
1557 1476 1604 1516 et

134 1545 308 1590 edifices
335 1548 382 1588 et
410 1545 595 1603 plantes⁸
656 1544 779 1599 Quae
800 1559 905 1602 ergo
925 1544 1129 1602 plantata
1149 1544 1429 1594 inuenerunt,
1450 1544 1602 1586 nitun-

75 1637 119 1663 ,ο
135 1617 213 1659 tur
237 1614 439 1666 auellere,
458 1617 511 1658 ut
530 1614 735 1658 edificent
761 1614 846 1657 sibi
871 1613 1051 1657 domum
1072 1613 1252 1657 Domini
1274 1613 1321 1656 in
1341 1613 1601 1656 muneribus

135 1699 293 1728 manus
324 1687 404 1728 aut
437 1684 615 1742 linguae
647 1687 727 1727 aut
757 1683 968 1741 obsequii,
998 1686 1078 1726 aut
1110 1698 1183 1726 eos
1214 1683 1491 1726 substituant
1522 1698 1599 1726 ex-

132 1753 347 1812 plantatis
371 1768 481 1812 quos
508 1754 634 1812 eligit
653 1754 827 1798 affectio
847 1754 1004 1806 carnis,
1025 1753 1071 1796 id
1100 1757 1168 1796 est
1194 1758 1274 1796 aut
1300 1753 1474 1811 genitos
1501 1767 1528 1795 a
1555 1767 1602 1795 se

133 1827 214 1868 aut
233 1823 317 1867 sibi
337 1823 395 1867 ab
414 1823 513 1867 aliis
532 1824 769 1868 carnaliter
787 1823 972 1881 genitos.
1016 1823 1287 1867 Immensum
1310 1823 1381 1866 hic
1402 1822 1603 1880 aperitur

134 1907 246 1951 opus
265 1896 310 1936 et
328 1893 404 1936 uia
424 1892 592 1937 calamo
611 1892 853 1946 dilatatur;
881 1892 958 1935 sed
979 1892 1183 1944 subsisto,
1198 1907 1382 1950 parcens
1402 1892 1603 1935 articulis

76 1980 118 2016 ²5
137 1962 214 2020 qui
252 1962 438 2020 publicis
477 1962 726 2020 aspectibus
764 1962 1042 2020 ingeruntur.
1115 1962 1165 2005 Si
1197 1962 1297 2019 quis
1339 1964 1489 2004 autem
1531 1962 1602 2005 hic

138 2032 365 2090 quippiam
395 2031 481 2076 dici
508 2032 663 2075 durius
691 2032 1032 2090 calumpniatur,
1052 2032 1090 2075 si
1121 2047 1172 2075 ea
1199 2047 1312 2089 quae
1339 2047 1367 2074 a
1397 2032 1601 2089 patribus

136 2101 256 2144 dicta
276 2103 381 2144 sunt
399 2101 567 2159 legerit,
587 2101 721 2145 michi
743 2101 872 2145 facile
892 2102 1069 2145 ueniam
1090 2102 1352 2160 indulgebit.
1413 2101 1461 2144 Si
1483 2102 1599 2144 enim

135 2170 342 2214 tirannus
374 2170 581 2214 secularis
611 2170 707 2214 iure
741 2171 895 2214 diuino
930 2174 975 2214 et
1005 2172 1200 2215 humano
1230 2171 1476 2228 perimitur,
1503 2171 1604 2228 quis

137 2240 366 2284 tirannum
395 2239 443 2282 in
471 2239 714 2284 sacerdotio
740 2240 1014 2298 diligendum
1039 2245 1215 2284 censeat
1235 2243 1315 2283 aut
1342 2241 1603 2285 colendqu

75 2321 120 2354 30
139 2309 269 2363 Quod
299 2309 338 2352 si
369 2308 490 2352 istud
522 2309 702 2352 uidetur
733 2310 951 2361 acerbum,
981 2310 1108 2353 illum
1144 2310 1221 2367 qui
1256 2325 1345 2353 non
1379 2310 1464 2353 nisi
1497 2325 1605 2353 uera

137 2377 401 2435 loquebatur
429 2380 475 2421 et
502 2378 648 2422 dulcia
676 2378 724 2421 in
761 2380 1057 2437 patrocinium
1087 2379 1254 2423 aduoco
1284 2379 1463 2422 beatum
1495 2379 1602 2422 Gre-

137 2447 324 2506 gorium,
339 2446 416 2504 qui
435 2447 634 2491 acerbius
653 2448 740 2492 ista
759 2450 1049 2507 persequitur.
1100 2449 1171 2500 Et,
1182 2452 1236 2492 ut
1254 2452 1401 2493 cetera
1420 2452 1602 2500 taceam,

139 2572 162 2608 3
187 2561 461 2599 amfranctibus
476 2561 527 2598 0:
553 2562 789 2600 anfractibus
803 2563 858 2600 At
883 2563 1148 2602 anfranctibus
1165 2565 1190 2601 S
1348 2566 1371 2602 6
1395 2564 1563 2602 hostium
1581 2564 1606 2602 S

139 2619 185 2646 22
211 2609 328 2654 elegit
345 2609 369 2645 S
509 2618 554 2654 27
579 2609 710 2657 legent
726 2610 804 2647 (ΞΒι

187 2723 209 2749 2
235 2714 276 2748 in
292 2714 387 2749 ouile
403 2714 562 2749 ascendit
578 2715 672 2750 etc-z
698 2726 731 2752 v.
749 2714 880 2751 Ioann.
897 2727 932 2751 x.
955 2724 986 2751 1.
1156 2724 1209 2758 10,
1229 2725 1268 2752 11
1297 2717 1374 2752 nisi
1388 2718 1607 2752 secularium

138 2761 257 2807 layum
272 2762 485 2806 implorent:
511 2760 632 2797 minio
647 2761 794 2798 notavit
806 2762 1003 2799 Parkerus.
1150 2773 1192 2809 17
1216 2764 1307 2799 Ecce
1323 2766 1492 2800 constitui
1507 2767 1579 2800 etc.
1598 2774 1606 2800 :

140 2807 215 2846 Ier.
232 2807 257 2844 i.
279 2818 333 2845 10.
474 2818 522 2844 20
545 2810 709 2854 edificent
725 2811 819 2846 etc.:
843 2821 876 2846 v.
894 2809 940 2848 Is.
959 2809 1031 2846 xlv.
1051 2819 1107 2856 13.

1432 2889 1498 2925 ³57

1612 177 1743 228 '184¹’

1616 373 1642 404 C

1616 1266 1645 1306 d

1621 2110 1698 2162 785
1717 2121 1747 2150 a
