1988 3250
541 599 775 644 INCIPIT
815 599 997 644 LIBER
1036 599 1332 644 SEPTIMVS
1374 598 1774 644 POLICRATICI.

263 763 351 812 63⁵
371 763 400 802 b
1026 748 1275 781 PROLOGVS.

476 840 709 884 EGREssus
722 840 824 883 aula
837 840 1071 884 curialium
1078 840 1365 884 declinassem
1377 840 1597 884 consortia
1608 842 1890 897 nugatorum,

417 909 504 952 nisi
525 924 595 952 me
616 909 663 951 in
683 909 780 966 ipso
800 909 953 953 limine
973 910 1213 952 abeuntem
1238 912 1343 952 tuae
1370 909 1693 967 praeceptionis
1712 908 1890 951 detinu-

415 978 523 1022 isset
541 979 795 1022 auctoritas.
858 978 972 1023 Cum
988 979 1108 1022 enim
1128 979 1214 1022 tibi
1234 978 1378 1022 cordis
1398 979 1484 1022 mei
1505 979 1736 1037 angustias
1751 978 1889 1021 denu-
1906 988 1928 1024 5

414 1048 566 1091 darem
595 1051 641 1091 et
669 1048 724 1091 de
754 1049 966 1105 temporis
991 1063 1041 1092 ac
1068 1049 1190 1091 uitae
1218 1049 1391 1092 iactura
1417 1062 1719 1106 conquererer,
1739 1047 1890 1091 omnia

414 1132 497 1167 me,
513 1117 658 1174 quoad
674 1117 795 1160 Deus
814 1117 937 1160 aliud
959 1118 1178 1161 reuelaret
1194 1121 1449 1175 statumque
1465 1132 1612 1160 meum
1626 1117 1890 1160 reformaret

413 1186 462 1228 in
482 1186 651 1237 melius,
672 1186 780 1229 forti
801 1187 949 1230 animo
970 1187 1167 1243 perferre
1187 1187 1460 1244 praecepisti,
1482 1186 1672 1229 suadens
1691 1188 1745 1228 ut
1767 1199 1889 1228 more

413 1255 725 1306 laborantium,
741 1256 817 1312 qui
839 1256 1071 1299 cantilenis
1092 1259 1138 1299 et
1157 1271 1317 1300 uocum
1333 1256 1564 1300 dulcedine
1583 1255 1747 1299 laboris
1766 1254 1889 1298 tedia

412 1324 676 1382 propulsant
695 1328 775 1367 aut
795 1325 1017 1376 minuunt,
1033 1340 1181 1368 rerum
1202 1325 1500 1383 temporisque
1519 1324 1752 1382 dispendia
1771 1339 1887 1368 com·
1907 1337 1950 1362 10

412 1408 654 1451 pensarem.
726 1394 845 1437 Nam
885 1398 931 1438 et
970 1395 1287 1438 itinerantibus
1319 1395 1395 1438 uia
1427 1395 1600 1439 facilior
1630 1394 1812 1438 uidetur
1841 1396 1888 1437 et

413 1463 601 1514 breuior,
625 1463 664 1506 si
694 1463 907 1507 iocundae
935 1464 1204 1507 narrationis
1235 1464 1436 1508 sensibus
1466 1467 1547 1508 aut
1574 1464 1696 1507 uocis
1726 1463 1886 1507 dulcis·

412 1547 546 1576 sonae
576 1532 767 1576 modulis
798 1537 1032 1577 recreetur.
1090 1533 1164 1577 Sic
1195 1537 1240 1577 et
1269 1549 1340 1577 me
1372 1533 1574 1577 lectionis
1598 1536 1679 1576 aut
1703 1532 1888 1576 alterius

413 1602 543 1646 officii
574 1602 723 1646 studio
754 1602 878 1645 iubes
905 1603 1108 1646 insistere
1139 1606 1197 1654 et,
1217 1604 1254 1646 si
1283 1603 1406 1646 aliud
1431 1618 1520 1647 non
1544 1603 1811 1654 conceditur,
1833 1602 1888 1646 de

372 1683 398 1712 c
414 1687 484 1715 me
504 1672 600 1729 ipso
625 1675 671 1715 et
691 1672 829 1715 uariis
850 1671 1057 1716 fortunae
1079 1673 1236 1716 formis
1256 1673 1465 1730 conqueri
1493 1673 1651 1716 saltem
1681 1672 1817 1716 michi
1842 1675 1888 1716 et
1908 1686 1949 1724 15

414 1742 566 1784 Musis.
626 1741 819 1784 Grandis
840 1742 957 1784 enim
979 1742 1206 1799 profectus
1227 1746 1294 1785 est
1314 1743 1371 1785 ad
1391 1742 1715 1800 philosophiam
1740 1742 1887 1799 adspi-

413 1811 533 1854 ranti
554 1810 739 1854 uirtutis
759 1811 806 1852 in
826 1825 873 1854 se
893 1810 1122 1868 deplorare
1143 1811 1378 1856 defectum.
1439 1812 1510 1855 Ad
1535 1812 1642 1855 haec
1667 1811 1775 1869 quid
1802 1811 1888 1855 tibi

412 1879 702 1937 respondeam
722 1880 914 1923 comicus
934 1881 1148 1938 suggerit,
1170 1881 1276 1937 quia

482 1980 645 2016 omnes,
674 1980 775 2008 cuin
805 1965 1017 2016 ualemus,
1048 1968 1168 2009 recta
1196 1966 1379 2010 consilia
1409 1966 1602 2024 aegrotis
1631 1966 1812 2020 damus3

482 2027 534 2067 tu
563 2027 726 2074 autem,
755 2023 792 2067 si
823 2024 895 2067 hic
924 2024 997 2075 sis,
1025 2024 1157 2068 aliter
1186 2025 1361 2068 sentias.
1905 2039 1949 2065 ao

413 2110 487 2154 Sic
518 2111 579 2154 sic
609 2125 637 2153 a
665 2110 916 2167 captiuatis,
944 2126 1131 2168 quorum
1161 2126 1328 2169 organa
1359 2112 1405 2154 in
1436 2111 1643 2155 salicibus
1673 2126 1886 2169 suspensa

411 2183 530 2231 sunt,
567 2183 845 2237 quaeruntur
883 2180 1020 2223 uerba
1055 2181 1310 2224 cantionum
1345 2195 1458 2238 quae
1492 2180 1664 2224 cantari
1705 2181 1886 2225 omnino

410 2252 638 2307 nequeunt
658 2253 738 2291 aut
758 2263 846 2292 non
867 2250 1010 2293 solent
1030 2250 1077 2292 in
1098 2253 1217 2293 terra
1237 2250 1391 2293 aliena.
1453 2250 1577 2294 Licet
1599 2250 1717 2293 enim
1738 2251 1886 2296 uirtus

410 2318 598 2362 iniurias
637 2318 914 2375 captiuitatis
953 2319 1128 2377 ignoret
1166 2322 1247 2362 aut
1286 2334 1366 2363 suo
1406 2319 1574 2377 priuari
1618 2335 1706 2363 non
1746 2320 1887 2378 possit

413 2428 428 2455 1
460 2417 658 2464 Incipiunt
686 2416 857 2464 capitula
886 2417 973 2454 libri
1002 2417 1153 2472 septimi
1180 2418 1233 2454 B:
1268 2417 1465 2465 Incipiunt
1495 2418 1666 2502 capitula
1695 2418 1786 2455 libri
1811 2418 1886 2456 VII

410 2465 504 2503 CM:
532 2465 611 2502 Inci
643 2465 727 2502 iunt
745 2465 915 2511 capitula
930 2465 1000 2501 VII
1021 2466 1121 2502 Libri
1145 2465 1169 2502 S
1195 2471 1227 2501 et
1296 2471 1327 2502 ει
1352 2467 1512 2520 capitula
1573 2478 1593 2502 x
1624 2466 1760 2503 liciunt
1785 2466 1886 2514 capi·

410 2513 494 2550 tuln.
512 2478 849 2567 Cssznffixpliciunt
860 2512 1130 2568 capitulalibi‘i
1146 2513 1214 2548 VII
1229 2479 1295 2549 Idm
1325 2513 1466 2568 Incipit
1478 2478 1683 2568 Liberzn.
1698 2513 1811 2551 Prolo
1840 2526 1884 2551 us

409 2560 459 2597 C:
488 2561 628 2607 Incipit
673 2560 751 2596 rolo
808 2572 823 2595 s
842 2559 929 2595 libri
953 2563 1109 2607 septimi
1132 2560 1217 2597 BA:
1247 2561 1389 2607 Incipit
1414 2561 1593 2608 prologus
1618 2561 1707 2598 libri
1728 2561 1799 2598 VII
1870 2573 1881 2600 2

411 2607 552 2654 Incipit
569 2619 637 2654 pro
655 2618 747 2653 ogua
800 2606 836 2643 11
854 2606 957 2643 Libri
975 2607 1000 2644 S
1146 2618 1202 2653 12,
1223 2618 1264 2654 13
1290 2608 1482 2647 dulcisone
1500 2608 1559 2645 Bs

459 2705 479 2740 3
507 2695 681 2739 Emensus
697 2696 768 2730 etc.
784 2706 792 2730 :
818 2694 850 2729 A
868 2696 976 2739 nuqis
992 2695 1173 2730 eur-altum
1191 2694 1239 2731 ad
1257 2697 1402 2740 i’esta‘yi'a
1425 2697 1722 2743 philosophorum
1746 2696 1884 2735 tramit

411 2741 556 2778 Noster.
711 2752 732 2786 4
758 2747 862 2778 tuae:
903 2754 950 2779 se.
979 2741 1144 2778 'rhomae
1175 2742 1411 2780 cancellarii.
1560 2753 1612 2790 15,
1635 2745 1677 2781 16
1712 2745 1823 2781 michi·
1849 2750 1883 2781 ot

410 2791 551 2826 Mucia:
577 2801 608 2825 v.
629 2788 706 2825 Cic.
727 2790 832 2824 Brut.
854 2798 898 2835 50
919 2788 937 2836 ξ
962 2790 1047 2833 ¹873
1074 2789 1123 2825 cs.
1144 2789 1298 2826 Hieron.
1316 2791 1386 2836 Ep.
1407 2790 1430 2827 l.
1450 2800 1470 2827 2
1497 2790 1643 2837 (Migne
1668 2793 1709 2828 P.
1729 2793 1771 2828 L.
1788 2790 1881 2830 xxii.

438 2840 508 2881 η).
609 2846 651 2883 ι9
675 2848 795 2873 omnen
815 2839 910 2872 cta:
939 2836 1020 2873 Ter.
1041 2838 1137 2873 And.
1157 2836 1211 2872 iii.
1235 2848 1263 2874 i.
1284 2847 1316 2883 9,
1347 2848 1398 2874 ιο.
1496 2849 1543 2875 20
1565 2844 1707 2875 autem:
1733 2838 1883 2878 addidit

431 2895 585 2921 oannes.
730 2893 771 2922 21
800 2895 938 2931 oroana
956 2886 1053 2922 cta:
1081 2897 1112 2922 v.
1132 2884 1191 2922 Pa.
1208 2885 1352 2923 cxxxvi.
1373 2895 1454 2932 2-4.

519 2964 566 3000 90
