1988 3250
268 203 342 251 651
361 210 392 241 a
732 199 994 244 IOANNIS
1034 197 1550 243 SARESBERIENSIS
1680 197 1790 254 [ΜΒ.
1805 207 1878 240 vn

404 412 511 470 Cap.
535 413 573 458 8.
603 413 732 467 Quod
754 413 914 458 uirtus
932 412 1078 457 unica
1097 412 1186 456 uia
1205 415 1266 456 est
1290 410 1644 468 philosophandi
1669 413 1710 454 et
1733 410 1879 454 eundi

519 483 582 526 ad
611 482 939 526 beatitudinem
951 501 970 533 ;
1000 487 1038 526 et
1059 482 1112 526 de
1130 481 1280 525 tribus
1307 480 1531 538 yradibus
1554 480 1877 533 accedentium,

520 555 560 595 et
580 552 634 596 de
653 551 802 596 tribus
821 551 944 595 sectis
957 551 1341 609 philosophomm.

462 655 792 707 Verumtamen,
813 655 918 712 quia
937 670 1027 698 non
1051 669 1203 698 omnes
1223 655 1372 697 omnia
1390 655 1588 711 possunt,
1614 655 1659 695 et
1680 652 1877 710 Spiritus

402 725 481 768 ubi
501 725 601 768 uult
621 725 774 782 spirat,
794 728 840 768 et
861 724 1070 780 frequens
1090 726 1158 766 est
1181 726 1234 766 ut
1257 738 1420 773 eorum,
1442 737 1554 779 quae
1575 737 1602 765 a
1622 722 1876 765 doctoribus
1895 741 1915 776 5

403 795 706 852 proferuntur,
756 794 1061 837 multitudinis
1113 794 1173 836 sit
1225 793 1463 850 multiplex
1511 792 1774 842 intellectus,
1819 806 1877 834 ex

356 865 386 904 b
403 865 552 908 uerbis
596 864 791 908 Socratis
835 866 880 906 et
920 862 1118 906 Platonis
1161 866 1306 906 sectae
1344 862 1512 905 multae
1555 862 1877 918 profluxerunt,

402 948 554 977 omnes
583 937 734 977 tamen
764 933 821 975 ad
851 947 990 975 unum
1020 932 1098 975 sed
1128 932 1255 989 quasi
1283 947 1364 989 per
1391 931 1540 975 uarias
1569 931 1749 974 semitas
1775 944 1876 988 pro-

402 1005 621 1060 perantes.
678 1002 800 1046 Illud
829 1005 979 1045 autem
1010 1016 1097 1058 quo
1127 1001 1325 1044 omnium
1361 999 1694 1044 rationabilium
1729 999 1877 1057 uergit

402 1072 594 1116 intentio
629 1086 737 1115 uera
771 1071 1004 1114 beatitudo
1035 1073 1116 1114 est.
1181 1070 1326 1114 Nemo
1361 1070 1526 1114 etenim
1562 1071 1630 1112 est
1668 1068 1746 1125 qui
1784 1083 1875 1112 non
1895 1087 1938 1112 xo

401 1141 514 1184 uelit
548 1156 640 1184 esse
672 1141 855 1193 beatus;
897 1140 974 1183 sed
1008 1140 1066 1183 ad
1101 1140 1184 1183 hoc
1218 1140 1337 1196 quod
1371 1139 1626 1182 desiderant
1658 1152 1750 1181 non
1784 1152 1877 1181 una

400 1210 477 1253 uia
496 1225 648 1254 omnes
667 1210 891 1253 incedunt.
951 1209 1052 1252 Vna
1070 1211 1222 1252 tamen
1242 1211 1310 1252 est
1328 1208 1534 1251 omnibus
1553 1207 1630 1250 uia
1648 1207 1876 1264 proposita

400 1280 478 1323 sed
508 1280 634 1337 quasi
664 1283 806 1322 strata
835 1279 959 1337 regia
987 1279 1206 1322 scinditur
1234 1278 1282 1320 in
1308 1278 1489 1321 semitas
1514 1277 1692 1321 multas.
1751 1277 1874 1321 Haec

400 1352 551 1392 autem
581 1349 727 1392 uirtus
757 1352 824 1392 est
837 1363 846 1402 ;
881 1364 986 1391 nam
1016 1348 1102 1391 nisi
1132 1363 1212 1405 per
1240 1348 1456 1391 uirtutem
1485 1361 1615 1390 nemo
1646 1346 1703 1390 ad
1732 1345 1873 1390 beati-

399 1418 602 1461 tudinem
642 1418 802 1476 pergit.
863 1418 990 1462 Citra
1024 1418 1209 1461 uirtutis
1240 1432 1375 1475 opera
1407 1416 1525 1460 forte
1560 1416 1660 1473 quis
1691 1418 1737 1460 et
1770 1431 1870 1474 pro·
1891 1432 1933 1468 ¹5

399 1488 608 1532 culdubio
643 1489 737 1531 sine
778 1488 984 1545 operibus
1023 1487 1081 1530 ad
1115 1487 1439 1530 beatitudinem
1469 1487 1679 1537 trahitur,
1703 1486 1780 1530 sed
1819 1501 1871 1530 eo

399 1556 550 1600 nullus
570 1557 655 1600 nisi
683 1557 867 1600 uirtutis
890 1557 1093 1614 passibus
1119 1556 1276 1614 pergit.
1335 1555 1492 1599 Virtus
1518 1570 1623 1613 ergo
1643 1555 1893 1599 felicitatis·

399 1626 608 1669 meritum
630 1629 709 1677 est,
730 1626 920 1669 felicitas
943 1626 1128 1669 uirtutis
1155 1625 1415 1683 praemium.
1475 1625 1534 1668 Et
1560 1625 1668 1668 haec
1692 1625 1872 1682 quidem

357 1710 383 1741 c
400 1694 517 1738 bona
546 1699 652 1739 sunt
681 1710 865 1746 summa,
894 1695 1085 1738 alterum
1114 1695 1227 1746 uiae,
1257 1694 1447 1738 alterum
1476 1695 1661 1752 patriae.
1719 1694 1764 1737 N
1766 1694 1872 1738 ichil

398 1765 516 1808 enim
538 1765 707 1808 uirtute
727 1765 1038 1822 praestantius,
1054 1765 1160 1807 dum
1177 1764 1281 1808 exul
1301 1764 1611 1822 peregrinatur
1625 1778 1653 1806 a
1668 1763 1871 1815 Domino,
1898 1781 1944 1806 ao

397 1835 534 1878 nichil
565 1834 778 1878 felicitate
813 1835 983 1886 melius,
1012 1835 1119 1877 dum
1154 1834 1265 1878 ciuis
1296 1837 1455 1892 regnat
1489 1836 1535 1877 et
1568 1833 1735 1891 gaudet
1768 1848 1870 1878 cum

397 1903 602 1948 Domino.
667 1904 785 1947 Sunt
823 1907 973 1947 autem
1014 1905 1120 1948 haec
1160 1904 1366 1947 omnibus
1405 1903 1505 1946 aliis
1544 1902 1870 1960 praestantiora

397 1973 502 2031 quia
534 1973 680 2016 uirtus
715 1974 864 2016 omnia
898 1974 1082 2031 agenda,
1117 1973 1308 2017 felicitas
1341 1973 1491 2017 omnia
1524 1972 1720 2030 optanda
1753 1987 1869 2016 com-

395 2043 619 2100 plectitur.
675 2043 881 2086 Felicitas
901 2047 1051 2086 tamen
1071 2043 1233 2086 uirtuti
1253 2044 1451 2100 praestat
1471 2042 1576 2099 quia
1595 2042 1642 2084 in
1662 2041 1868 2085 omnibus

395 2112 694 2169 praestantius
723 2116 791 2155 est
820 2116 1002 2169 propter
1030 2112 1148 2169 quod
1177 2112 1347 2169 aliquid
1373 2126 1507 2168 quam
1537 2111 1654 2168 quod
1685 2114 1867 2169 propter
1885 2127 1927 2162 25

393 2181 576 2239 aliquid.
639 2182 741 2224 Non
773 2182 890 2225 enim
922 2182 1032 2224 felix
1057 2185 1124 2225 est
1153 2182 1253 2238 quis
1283 2185 1335 2225 ut
1362 2184 1479 2224 recte
1503 2182 1620 2238 agat,
1645 2181 1721 2224 sed
1749 2185 1867 2225 recte

394 2251 489 2308 agit
538 2255 591 2294 ut
637 2251 826 2294 feliciter
867 2251 1005 2295 uiuat.
1075 2251 1203 2295 Vnde
1248 2254 1294 2294 et
1338 2250 1611 2294 Socraticum
1662 2250 1774 2293 illud
1819 2251 1867 2294 in

395 2319 751 2363 Saturnaliorum
788 2320 900 2364 libro
932 2320 1162 2364 laudatur:
1205 2320 1372 2363 Multos
1403 2320 1603 2363 homines
1632 2325 1867 2378 propterea

393 2457 416 2494 9
442 2445 766 2483 ratiocinabilium
784 2445 839 2482 CS
987 2447 1028 2484 18
1053 2448 1111 2483 eet
1128 2445 1307 2483 meritum
1325 2445 1370 2481 A¹

444 2570 457 2598 1
487 2561 580 2597 Cum
599 2573 631 2598 c.
652 2563 673 2597 8
690 2560 860 2598 conferre
884 2560 974 2597 licet
996 2559 1198 2597 Abaelardi
1225 2562 1274 2596 D·
1270 2562 1417 2606 aloqum
1440 2560 1549 2607 (Opp.
1575 2561 1631 2599 ed.
1660 2561 1798 2599 Cousin
1822 2562 1864 2600 ii.

393 2621 457 2656 pp
472 2610 544 2665 644
555 2619 678 2655 acqqa
706 2607 967 2655 praeuertimp
943 2620 1006 2692 pp.
1024 2610 1104 2662 669,
1122 2610 1202 2653 675,
1219 2609 1298 2654 679,
1316 2609 1415 2653 683).
1606 2620 1628 2654 4
1655 2622 1727 2646 non
1745 2622 1866 2649 omnen

391 2658 515 2692 omnia
530 2661 704 2710 poscunt·
730 2668 762 2693 v.
781 2655 891 2702 Verg.
909 2657 962 2691 Ec
1006 2654 1083 2691 viii.
1102 2657 1159 2701 63.
1249 2666 1302 2748 αἳ..
1324 2664 1341 2701 5
1368 2657 1530 2702 Spiritus
1546 2657 1609 2692 ubi
1626 2658 1839 2704 uultspirat

392 2703 526 2740 Ioann.
554 2702 607 2739 iii.
635 2706 667 2739 8.
825 2714 866 2748 ¹3
890 2707 1005 2739 aerata
1035 2715 1093 2748 my
1098 2706 1154 2739 ia:
1188 2701 1245 2738 An
1292 2714 1347 2739 ιοο
1377 2704 1433 2739 eho
1461 2704 1580 2749 kiny's
1605 2705 1794 2751 hethay3
1829 2717 1863 2744 v.

393 2749 575 2796 Ducangc
601 2750 669 2787 sub
694 2762 770 2787 voc.
788 2749 875 2795 ;.cf
895 2749 1050 2787 Pollock
1069 2715 1109 2786 {z
1136 2749 1327 2786 Maitland
1354 2751 1508 2796 Ili-story
1529 2753 1575 2796 os
1592 2753 1704 2797 Enylr
1701 2754 1749 2788 ⁸1·
1774 2754 1864 2789 Lam

392 2798 449 2836 ed.
472 2797 603 2843 1898i.
623 2810 684 2844 pp.
705 2808 760 2843 44
782 2807 839 2845 45.
997 2808 1044 2834 20
1064 2810 1133 2844 pet·
1132 2810 1194 2843 W
1173 2800 1361 2834 rinatura
1383 2800 1492 2834 Domi
1480 2811 1562 2836 mo.
1590 2811 1621 2835 v.
1640 2810 1659 2836 2
1679 2798 1762 2837 Cor.
1780 2812 1811 2838 v.
1826 2802 1867 2842 6.

389 2855 436 2892 27
462 2847 683 2883 Socraticum
702 2847 796 2883 illud
811 2847 903 2884 otest
930 2857 961 2883 v.
980 2845 1144 2883 Macrob.
1161 2846 1237 2882 Sat.
1255 2844 1294 2882 ii.
1313 2847 1334 2883 8
1354 2844 1372 2893 ξ
1396 2847 1449 2883 16.

503 2918 565 2952 118
