1988 3250
191 251 278 292 590
297 240 328 281 d
674 240 938 285 IOANNIS
978 241 1495 286 SARESBERIENSIS
1644 240 1753 302 [ΜΒ.
1769 253 1820 286 Ἡ

347 360 630 419 proconsules
669 361 890 412 cohibent,
926 361 1032 418 quia
1071 362 1142 418 (ut
1183 361 1270 406 dici
1309 362 1439 419 solet)
1479 362 1686 420 operibus
1722 361 1819 419 lupi

205 445 282 485 591
301 447 331 476 a
348 431 688 488 congratulatur
711 445 883 482 coruus,
907 434 953 474 et
981 431 1186 475 ministro
1213 432 1466 489 iniquitatis
1492 432 1656 489 impius
1682 431 1819 475 iudex

346 500 593 557 applaudit.

404 569 502 613 Hoc
531 571 683 612 autem
710 567 916 611 omnibus
945 568 1016 611 his
1042 582 1128 611 usu
1153 568 1361 619 innotuit,
1381 569 1602 626 principes
1629 583 1819 626 quorum

344 638 546 682 infideles
574 641 693 690 sunt,
713 637 819 681 socii
846 637 1010 688 furum,
1031 652 1140 695 quos
1167 652 1267 681 cum
1294 638 1342 680 in
1369 638 1583 681 maleficio
1609 638 1818 689 uiderint,
1837 646 1857 681 5

345 711 533 752 currunt
547 723 648 751 cum
664 708 739 760 eis,
752 707 993 750 adicientes
1008 707 1261 764 iniquitatis
1276 711 1450 765 partem
1470 711 1523 750 ut
1538 707 1648 750 lucri
1665 722 1818 764 quam-

345 791 534 834 cumque
553 776 771 834 recipiant
797 776 1059 833 portionem.
1119 776 1169 819 Si
1197 777 1404 820 misertus
1433 776 1572 820 fueris
1599 775 1820 834 pauperis,

345 847 384 890 si
405 861 606 890 occasum
633 846 833 889 iustitiae
857 846 1045 896 fleueris‚
1066 846 1104 889 si
1131 846 1379 889 decreueris
1409 846 1657 896 subuenire,
1677 846 1715 889 si
1742 846 1817 889 ob-

344 916 510 959 mutire
539 915 688 966 audes,
711 917 765 958 ut
794 914 851 957 ad
882 915 1060 973 singula
1089 929 1202 972 quae
1231 915 1387 958 dicunt
1416 918 1497 958 aut
1525 914 1699 958 faciunt
1728 929 1818 958 non

345 985 531 1028 dixeris:
550 985 675 1042 Euge
691 999 814 1042 euge,
826 985 1136 1028 accusantibus
1149 985 1417 1028 Herodianis
1436 984 1552 1029 lesae
1572 984 1819 1027 maiestatis
1838 1002 1880 1027 ιο

344 1054 501 1097 reddes
540 1068 687 1097 coram
726 1054 929 1110 praeside
969 1053 1198 1096 rationem.
1273 1052 1358 1098 Cui
1401 1053 1488 1097 nisi
1526 1054 1574 1096 in
1613 1054 1820 1097 omnibus

343 1123 636 1181 adquieueris‚
677 1122 830 1167 Cesari
869 1123 1157 1176 contradices,
1197 1126 1243 1166 et
1283 1123 1494 1181 quicquid
1537 1123 1687 1174 dictet,
1730 1123 1817 1166 nisi

345 1193 407 1236 sic
439 1195 513 1236 eat
544 1195 590 1235 et
623 1192 711 1235 nisi
744 1192 806 1236 sic
841 1195 942 1243 stet,
974 1195 1042 1235 est
1075 1192 1123 1234 in
1157 1207 1390 1249 personam
1429 1193 1547 1250 regis
1577 1195 1819 1249 contraque

297 1266 328 1306 b
346 1277 564 1306 coronam.
624 1261 885 1319 Consurget,
905 1261 1265 1318 ingeminabitur,
1286 1265 1332 1306 et
1351 1277 1490 1319 usque
1510 1262 1567 1305 ad
1591 1262 1731 1305 nubes
1750 1262 1818 1304 in-

345 1332 540 1375 ualescet
559 1331 812 1374 officialium
827 1330 994 1373 clamor
1012 1330 1323 1388 replicantium
1337 1345 1445 1374 uoce
1464 1346 1653 1389 magna:
1683 1330 1817 1374 Hunc
1838 1345 1876 1379 15

345 1401 599 1444 inuenimus
629 1399 962 1442 subuertentem
991 1399 1205 1456 populum
1235 1402 1280 1442 et
1308 1399 1616 1456 prohibentem
1645 1400 1819 1443 tributa

345 1470 444 1513 dari
472 1469 625 1514 Cesari
652 1471 977 1527 negantemque
1004 1467 1210 1512 Cesarem
1237 1483 1385 1526 regem
1411 1483 1505 1512 esse
1529 1472 1574 1512 et
1599 1469 1818 1512 ministris

346 1540 441 1583 eius
470 1540 681 1582 uniuersa
710 1538 764 1581 de
788 1538 885 1581 iure
912 1538 1065 1591 licere;
1101 1538 1219 1581 hunc
1245 1538 1498 1581 inuenimus
1527 1541 1817 1582 euacuantem

344 1613 555 1667 paternas
581 1609 711 1666 leges,
730 1622 871 1651 nouas
898 1607 1266 1660 introducentem,
1288 1610 1334 1651 et
1359 1608 1687 1651 uetustissimae
1713 1623 1815 1651 con·

344 1679 595 1722 suetudinis
624 1680 1000 1734 contemptorem;
1034 1677 1168 1720 huius
1201 1677 1265 1720 rei
1297 1680 1432 1721 testes
1461 1692 1625 1722 sumus.
1685 1678 1814 1731 Quod
1834 1695 1877 1719 20

345 1749 384 1792 si
405 1752 531 1791 tuam
550 1762 743 1805 purgare
767 1747 962 1790 uolueris
982 1747 1280 1790 innocentiam
1301 1750 1381 1790 aut
1400 1761 1481 1804 pro
1500 1747 1674 1790 iustitia
1694 1748 1815 1804 quic-

345 1833 479 1875 quam
510 1820 721 1869 astruere,
742 1816 780 1859 si
805 1815 1035 1860 Christum
1065 1816 1231 1859 dixeris
1261 1831 1409 1874 regem
1439 1831 1544 1869 esse,
1571 1817 1642 1860 cui
1673 1817 1816 1875 magis

343 1890 548 1945 oporteat
569 1901 702 1944 quam
718 1886 972 1929 hominibus
992 1886 1174 1938 obediri,
1189 1886 1226 1929 si
1245 1886 1461 1929 Ecclesiae
1477 1886 1571 1929 eius
1587 1887 1816 1943 (quoniam

342 1957 426 2000 hoc
456 1956 780 2000 odiosissimum
811 1955 896 2014 est)
915 1955 1095 2012 aliquod
1125 1955 1362 2012 protuleris
1391 1955 1688 2013 priuilegium,
1713 1970 1814 2000 con-

343 2027 472 2069 tinuo
506 2025 803 2068 uociferantes
842 2025 1134 2067 intonabunt:
1177 2024 1295 2077 Quid
1327 2024 1517 2082 amplius
1551 2025 1813 2069 desideratis
1833 2046 1849 2070 a
1855 2046 1875 2081 5

303 2108 329 2138 c
346 2096 511 2139 testes?
554 2109 652 2138 ecce
686 2109 767 2137 uos
797 2094 882 2151 ipsi
914 2094 1103 2137 audistis
1132 2094 1476 2151 blasphemiam;
1517 2094 1718 2152 quisquis
1745 2110 1813 2139 as·

343 2165 454 2208 serit
483 2164 604 2215 talia,
624 2163 890 2207 contradicit
917 2162 1082 2207 Cesari.
1141 2163 1190 2206 Si
1221 2178 1327 2207 uero
1354 2163 1490 2207 iudex
1516 2164 1814 2208 innocentiam

343 2234 501 2277 uidens
531 2233 836 2290 iustitiamque
863 2233 1083 2276 reueritus
1109 2233 1467 2283 dissimulauerit,
1487 2233 1684 2291 undique
1712 2249 1814 2278 con-

341 2302 621 2347 clamabunt:
653 2302 702 2346 Si
733 2303 851 2346 hunc
881 2302 1084 2354 dimittis,
1114 2317 1203 2346 non
1233 2317 1280 2346 es
1309 2303 1477 2346 amicus
1505 2302 1691 2347 Cesaris.
1750 2304 1814 2348 Vt

346 2406 384 2433 11
407 2394 493 2441 oui]
512 2394 605 2431 cnm
623 2375 781 2431 (ΡΒΑΆῙ

395 2480 408 2506 1
437 2471 606 2516 operibus
630 2471 711 2516 lupi
734 2471 832 2506 etc.:
860 2468 957 2505 Nam
983 2469 1084 2515 quod
1109 2469 1157 2507 de
1181 2481 1249 2506 sua
1269 2470 1410 2517 praeda
1433 2481 1510 2507 non
1537 2472 1815 2518 consumpserit

340 2516 463 2563 lupus,
482 2529 525 2554 eo
553 2519 683 2563 postea
706 2519 875 2553 vescetur
899 2527 1037 2553 corvus.
1227 2528 1259 2562 4,
1281 2526 1298 2563 5
1322 2519 1511 2564 principes
1530 2520 1703 2564 infideles,
1725 2522 1815 2557 socii

331 2566 490 2611 surum:
518 2564 565 2601 Is.
585 2564 608 2600 i.
627 2574 684 2609 23.
877 2573 894 2611 5
921 2576 1008 2611 quos
1024 2576 1104 2600 cum
1129 2566 1169 2599 in
1195 2566 1369 2609 maleficio
1395 2566 1490 2602 etc.:
1518 2577 1549 2602 v.
1567 2565 1624 2602 Pa.
1644 2566 1736 2603 xlix.
1759 2570 1812 2605 18.

342 2614 376 2657 8,
394 2622 416 2658 9
440 2614 632 2648 obmutire:
660 2610 683 2648 i.
700 2623 735 2649 e.
753 2613 881 2647 mutire
897 2617 1021 2648 contra
1046 2613 1234 2658 quendam,
1254 2614 1296 2647 ut
1321 2614 1462 2659 obloqui
1487 2615 1542 2650 est
1566 2615 1665 2661 loqui
1688 2620 1813 2651 contra

341 2661 544 2714 quendarm
579 2661 751 2696 obmutire
781 2661 909 2695 tamen
940 2671 1062 2705 neque
1091 2670 1151 2707 ap.
1187 2659 1344 2696 Forccll.
1379 2671 1502 2705 neque
1535 2672 1597 2707 ap.
1632 2660 1812 2710 Ducange

342 2706 520 2743 mvenies.
643 2718 686 2743 10
711 2707 956 2743 Herodianis:
985 2718 1013 2742 v.
1034 2706 1144 2743 Matt.
1162 2707 1251 2742 xxii.
1276 2709 1340 2749 16;
1367 2706 1482 2744 Marc.
1499 2707 1562 2744 xii.
1585 2719 1636 2754 13.
1769 2720 1813 2747 12

346 2756 471 2790 Cesum·
486 2756 727 2790 contradices:
753 2766 784 2790 v.
806 2753 936 2790 Ioann.
954 2753 1029 2791 xix.
1052 2764 1104 2790 12.
1225 2764 1275 2800 15,
1299 2756 1339 2791 16
1365 2756 1475 2791 Hunc
1492 2758 1701 2792 u‘nuem'mus
1717 2758 1811 2795 eta:

342 2813 374 2837 v.
395 2801 482 2838 Luc.
503 2801 606 2838 xxiii.
624 2812 656 2838 2.
768 2811 810 2837 22
837 2803 897 2836 cuc·
909 2803 1025 2847 mayie
1037 2803 1132 2838 cte.:
1157 2813 1190 2838 v.
1209 2802 1292 2839 Act.
1311 2802 1407 2848 App.
1425 2814 1456 2838 v.
1475 2812 1531 2848 29.
1645 2814 1686 2850 25
1717 2806 1813 2849 Quid

342 2850 503 2895 amplisu
520 2852 612 2886 eta:
639 2860 669 2884 v.
690 2849 803 2886 Matt.
821 2848 917 2885 xxvi.
935 2850 991 2895 65.
1160 2850 1206 2886 26
1230 2851 1391 2904 quisquis
1406 2852 1502 2887 etc.:
1527 2862 1557 2887 v.
1575 2850 1705 2889 Ioann.
1734 2852 1813 2889 xix.

346 2906 401 2935 12.
544 2906 590 2943 29
613 2898 655 2934 Su·
668 2897 766 2934 hunc
781 2898 937 2933 dimittis
952 2899 1045 2934 etc.:
1071 2896 1200 2934 Ioann.
1217 2908 1293 2935 xxx.
1312 2908 1365 2935 η.

453 2949 475 2985 6
