1988 3250
213 221 297 271 638
315 221 346 262 d
693 223 954 268 IOANNIS
995 223 1511 269 SARESBERIENSIS
1636 224 1747 285 [ΠΒ.
1762 235 1834 270 vn

360 343 497 387 scissa
517 343 578 387 sit
597 346 643 387 et
662 358 743 402 pro
762 346 890 402 parte
911 347 1005 388 tam
1025 344 1135 387 risui
1162 346 1315 401 pateat
1341 360 1474 402 quam
1503 346 1651 390 errori.
1713 345 1834 400 Quid

362 413 481 456 enim
521 413 717 470 ineptius
757 428 890 471 quam
929 414 1146 457 fluctuare
1178 414 1226 456 in
1260 414 1448 472 singulis
1481 418 1526 458 et
1566 415 1734 458 nullius
1767 414 1833 458 rei

361 482 524 525 habere
543 483 856 526 certitudinem
887 486 932 526 et
958 498 1119 526 nomen
1146 484 1398 540 philosophi
1425 485 1654 541 profiteri?
1713 485 1834 527 Nam

363 551 440 608 qui
461 551 516 595 de
534 553 740 596 omnibus
760 553 982 604 dubitant,
998 567 1049 596 eo
1065 553 1183 610 quod
1198 553 1335 596 nichil
1359 554 1526 597 habent
1541 557 1723 605 certum,
1738 558 1833 597 tam

362 635 390 663 a
419 621 507 664 fide
537 636 671 678 quam
701 637 728 664 a
756 622 943 665 scientia
977 622 1110 665 alieni
1143 625 1259 665 sunt.
1319 622 1443 666 Licet
1479 624 1597 666 enim
1631 624 1741 666 fides
1775 623 1833 666 ad
1851 640 1872 676 5

205 690 294 737 639
315 698 345 728 a
362 691 573 734 scientiae
598 691 805 734 brauium
829 707 919 735 non
944 693 1188 749 perueniat,
1209 693 1316 735 dum
1344 693 1471 749 quasi
1499 708 1580 750 per
1605 693 1834 750 speculum

361 761 599 804 ueritatem
625 761 878 804 absentium
907 765 1154 812 contuetur,
1182 762 1317 804 habet
1344 765 1493 805 tamen
1518 763 1833 806 certitudinem

360 829 549 887 caligine
569 831 878 888 ambiguitatis
894 831 1083 874 exclusa.
1129 831 1274 881 Porro,
1295 831 1333 873 si
1355 831 1409 874 de
1430 831 1618 889 singulis
1632 831 1833 875 Achade·

360 899 501 942 micus
520 899 710 950 dubitat,
730 900 786 943 de
806 901 929 943 nullo
950 903 1096 943 certus
1124 904 1218 953 est;
1247 901 1334 943 nisi
1362 900 1479 944 forte
1509 904 1556 944 et
1579 901 1662 945 hoc
1685 901 1833 958 ipsum

360 968 580 1012 incertum
607 970 771 1012 habeat
797 985 855 1012 an
881 970 1116 1013 contrariis
1145 970 1441 1013 existentibus
1465 970 1513 1012 in
1537 970 1690 1013 eodem
1717 971 1834 1015 circa
1852 983 1896 1011 ιο

361 1037 479 1080 idem
499 1042 648 1095 posset
667 1042 713 1082 et
732 1039 894 1082 dubius
915 1042 960 1082 et
979 1043 1126 1082 certus
1143 1054 1246 1082 esse.
1307 1039 1396 1082 Sed
1416 1054 1475 1082 an
1496 1039 1673 1083 dubitet
1693 1040 1833 1084 incer·

360 1110 458 1150 tum
489 1107 635 1158 habet,
660 1108 766 1150 dum
797 1108 878 1152 hoc
908 1108 1055 1165 ipsum
1084 1109 1225 1151 nescit
1255 1123 1313 1151 an
1343 1109 1524 1154 nesciat.
1581 1108 1697 1153 Cum
1726 1123 1835 1154 uero

361 1176 493 1219 homo
512 1177 560 1219 in
581 1191 632 1220 eo
651 1178 808 1220 ceteris
828 1177 1095 1220 animalibus
1110 1180 1307 1234 praestet
1323 1177 1441 1234 quod
1457 1178 1629 1221 ratione
1643 1178 1769 1235 uiget
1787 1180 1835 1222 et

361 1246 659 1304 intelligentia
680 1249 799 1299 (nam
820 1247 867 1289 in
887 1247 1088 1289 sensibus
1109 1247 1198 1303 qui,
1213 1247 1317 1290 licet
1332 1247 1506 1290 animae
1521 1247 1624 1299 sint,
1638 1247 1834 1304 corporis

361 1329 455 1358 esse
478 1315 699 1366 dicuntur,
721 1315 850 1359 facile
879 1319 1138 1373 superatur3
1178 1331 1320 1373 neque
1348 1316 1452 1359 linei
1477 1316 1628 1359 ualeat
1649 1316 1832 1374 aequari
1851 1334 1894 1370 η

360 1385 630 1442 perspicacia
661 1385 911 1438 oculorum;
956 1400 1032 1428 sus
1067 1385 1226 1428 auditu
1265 1385 1533 1442 praeualeat‚
1564 1386 1722 1429 uultur
1753 1388 1833 1430 aut

360 1454 482 1497 canis
516 1454 716 1505 odoratu,
748 1459 885 1512 gustu
917 1455 1057 1506 simia,
1090 1469 1253 1498 aranea
1284 1457 1450 1510 tactu);
1494 1469 1608 1508 cum,
1638 1455 1833 1512 inquam,

360 1523 637 1566 discernendi
673 1527 720 1567 et
753 1524 1031 1582 intelligendi
1070 1524 1243 1567 uiribus
1282 1524 1413 1567 homo
1453 1524 1698 1581 praecedat,
1733 1524 1834 1582 quis

361 1593 731 1649 praestantiorem
751 1593 905 1636 bestiis
925 1597 1005 1636 aut
1025 1594 1174 1650 potius
1195 1593 1294 1650 quis
1314 1608 1404 1636 non
1425 1592 1681 1636 inferiorem
1701 1596 1758 1646 et,
1778 1597 1833 1637 ut

313 1662 343 1700 b
362 1661 428 1704 ita
447 1661 603 1711 dicam,
621 1663 721 1719 quis
741 1677 830 1706 non
852 1663 1094 1706 brutiorem
1113 1663 1264 1706 credat
1279 1662 1502 1706 hominem
1517 1663 1589 1706 cui
1605 1663 1720 1706 ratio
1740 1677 1831 1706 non
1850 1680 1896 1706 ao

362 1731 583 1782 discernit,
605 1731 856 1775 intellectus
876 1747 966 1775 non
986 1733 1129 1789 sapit3
1157 1747 1258 1776 cum
1289 1735 1335 1775 et
1361 1732 1495 1775 bruta
1521 1732 1578 1775 ad
1606 1733 1831 1789 quandam

361 1801 548 1844 rationis
568 1801 806 1858 imaginem
824 1802 1146 1858 quodammodo
1164 1802 1404 1844 uideantur
1419 1816 1650 1859 assurgere
1665 1803 1683 1846 ’ἔ
1713 1802 1832 1845 Nam

360 1874 406 1912 et
436 1870 558 1913 canis
587 1884 690 1912 suos
729 1870 940 1914 discernit
971 1872 1164 1923 affectus,
1195 1871 1506 1914 beneficiorum
1546 1886 1714 1914 memor
1753 1874 1832 1923 est,

360 1938 713 1982 familiaritatem
745 1954 845 1982 cum
882 1940 1058 1983 homine
1090 1940 1147 1982 ab
1179 1939 1455 1997 experientia
1488 1954 1635 1983 rerum
1669 1943 1714 1983 et
1746 1954 1831 1984 usu

360 2009 586 2052 contrahit
605 2012 660 2058 et,
678 2009 898 2052 amicitiae
919 2024 1024 2066 prae
1045 2009 1202 2052 ceteris
1227 2010 1353 2066 quasi
1379 2009 1511 2052 fidem
1532 2009 1830 2054 familiaribus
1849 2024 1892 2060 ²⁵

360 2078 585 2127 exhibens,
599 2078 785 2120 rationis
805 2083 851 2122 et
871 2079 1122 2122 intellectus
1143 2079 1333 2135 quodam
1356 2078 1621 2122 nobilitatur
1640 2079 1830 2136 ingenio.

360 2147 449 2191 Sed
489 2150 535 2190 et
574 2147 838 2190 iniuriarum
875 2148 1086 2190 memoria
1126 2148 1292 2191 camelo
1328 2149 1544 2191 tenaciter
1578 2148 1753 2199 residet,
1786 2152 1832 2193 et

359 2218 595 2269 rinocerus,
626 2216 701 2273 qui
742 2220 788 2260 et
827 2217 1051 2260 unicornis
1092 2221 1170 2267 est,
1201 2218 1390 2274 uirginis
1425 2217 1728 2275 integritatem
1769 2218 1832 2263 sic

361 2351 379 2389 5
407 2340 641 2379 con-cientis
657 2340 765 2378 (ΕΒΔι
913 2351 950 2378 ιι
980 2340 1133 2377 dubitat
1151 2340 1315 2378 CBASM

411 2450 441 2484 1,
460 2450 480 2476 2
508 2441 604 2485 Quid
621 2441 718 2475 enim
735 2413 895 2485 ὑιζριίιω
910 2441 1007 2475 etc.:
1034 2450 1064 2475 v.
1092 2437 1169 2475 Cic.
1196 2440 1308 2474 Acad.
1335 2438 1374 2474 ii.
1395 2449 1418 2485 9
1436 2438 1453 2485 ξ
1475 2449 1529 2485 29.
1719 2440 1743 2477 6
1761 2451 1833 2487 per

358 2489 542 2534 speculum
558 2490 654 2524 etc:
679 2499 708 2522 v.
733 2497 743 2523 ι
767 2486 849 2523 Cor.
876 2485 955 2522 xiii.
978 2496 1030 2522 12.
1207 2487 1254 2522 26
1278 2488 1430 2521 rationis
1455 2491 1485 2520 et
1513 2487 1710 2522 intellectus
1734 2490 1830 2525 etc.:

360 2535 407 2573 cs.
426 2534 514 2571 libri
531 2537 574 2571 de
591 2536 723 2571 Beatus
742 2532 896 2580 Hugoni
921 2533 968 2570 de
993 2532 1027 2569 S.
1047 2532 1198 2569 Victore
1224 2532 1402 2570 attributi
1424 2533 1479 2569 iii.
1503 2544 1539 2570 11
1563 2533 1711 2580 (Migne
1729 2536 1769 2572 P.
1786 2536 1831 2572 L.

359 2582 509 2620 clxxvii.
536 2583 592 2625 86,
610 2584 670 2627 87)
693 2583 806 2617 Cani·
830 2593 924 2622 uem.
944 2582 1007 2616 ubi
1029 2583 1221 2626 uentiqn'um
1246 2582 1376 2627 lepor-ie
1400 2583 1541 2617 cet-uiue
1558 2584 1701 2627 reperit,
1727 2588 1759 2618 et
1781 2583 1833 2620 ad

358 2631 616 2666 diuertn‘culum
643 2631 788 2665 nemim
816 2630 955 2664 uenerit
982 2655 990 2664 .
1018 2654 1028 2665 .
1057 2654 1066 2664 .
1097 2630 1227 2664 tacitus
1255 2641 1372 2663 seeum
1403 2630 1478 2674 ipse
1500 2634 1705 2675 pertractat.
1732 2631 1833 2666 uelut

358 2679 613 2724 uylloqiutn‘cam
640 2689 759 2713 uocem
785 2678 977 2722 myacu‘laee
1008 2677 1199 2721 collae'yemli
1227 2677 1346 2711 odoris
1374 2677 1566 2721 dimittens,
1594 2678 1690 2712 ‘Aut
1721 2677 1833 2714 cer-w

360 2728 479 2772 inquit
505 2726 568 2759 ‘in
597 2725 691 2760 hanc
748 2729 861 2759 anem
893 2725 1048 2768 deflexit,
1082 2729 1146 2758 aut
1174 2725 1212 2758 in
1247 2723 1375 2760 illam)
1565 2724 1611 2760 28
1649 2726 1834 2762 m'nocerue

360 2777 453 2810 etc.:
495 2771 544 2808 cf.
577 2771 653 2808 Mai
690 2737 802 2807 cssu.
837 2773 940 2807 Λυσι.
976 2770 1037 2807 vii.
1075 2780 1154 2817 595,
1188 2782 1232 2806 ex
1269 2770 1363 2807 libro
1397 2770 1461 2816 qui
1496 2770 1743 2818 physiologus
1770 2771 1832 2808 in-

358 2819 545 2862 nex-ibitur.
573 2820 736 2855 Puellam
761 2821 940 2863 uirqinem
964 2820 1101 2854 ducunt
1126 2820 1164 2853 in
1195 2819 1257 2853 5110
1283 2819 1355 2853 loco
1380 2820 1442 2853 um·
1467 2824 1631 2854 moratur
1651 2826 1682 2855 et
1707 2821 1832 2856 dim-'e-

358 2873 441 2905 tune
467 2880 545 2903 eam
573 2869 612 2903 in
637 2868 773 2903 effluam
800 2867 937 2910 solcum·
974 2867 1032 2902 ille
1062 2867 1126 2913 (sc.
1155 2865 1371 2903 rhinoceros
1398 2865 1480 2903 siue
1511 2866 1716 2914 unicornis)
1747 2878 1832 2906 uero

467 2937 512 2983 9⁶
