1988 3250
140 200 239 243 oar.
255 195 306 258 x]
645 195 1082 242 POLICRATICVS
1618 197 1702 250 748
1721 204 1752 239 a

139 317 288 359 tamen
307 314 451 358 tutius
470 315 529 358 sit
549 313 704 372 fugere
724 317 770 357 et
795 313 916 356 illius
942 313 1162 357 declinare
1181 314 1445 358 conflictum.
1506 314 1601 359 Nec

138 383 319 427 memini
348 397 612 440 quemquam
641 397 711 426 me
740 382 962 425 inuenisse
991 381 1046 425 de
1075 383 1439 439 prouocat-,oribus
1468 383 1598 426 uolu-

98 470 100 473 ·
136 455 312 510 ptatum
352 467 482 509 quem
513 467 602 495 non
636 451 819 508 legerim
854 450 1071 494 cecidisse.
1132 451 1196 494 Eo
1237 451 1354 494 forte
1394 455 1599 509 spectant

136 522 347 579 figmenta
384 521 566 579 poetica,
605 535 718 578 quae
756 520 881 578 orgia
920 520 1015 563 sine
1054 519 1205 563 furore
1243 523 1470 564 transacta
1507 535 1597 564 non
1613 524 1643 563 b

98 610 118 645 5
135 591 333 635 recolunt
362 605 442 634 nec
473 590 737 634 erubescunt
767 603 891 633 sacra
920 589 1058 632 Bachi
1087 603 1241 632 cruore
1271 590 1520 646 parricidiis
1554 594 1600 633 et

134 660 452 718 multiplicibus
470 659 652 718 flagitiis
671 658 902 702 maculare.
962 658 1042 701 Est
1066 662 1295 715 praeterea
1315 659 1362 701 in
1382 659 1600 702 conuiuiis

135 729 457 772 obseruandum
486 731 539 772 ut
567 727 852 772 instruendae
884 727 1080 770 familiae
1113 731 1159 770 et
1193 727 1350 770 domus
1382 728 1600 785 regendae

133 812 239 843 cura
265 801 311 842 et
333 799 506 842 seruilis
532 798 729 855 obsequii
755 797 998 840 moderatio
1027 797 1106 839 uni
1135 796 1267 840 alicui
1295 797 1599 848 demandetur,

135 882 191 911 ne
221 867 328 925 quid
357 868 558 925 ineptum
588 871 633 910 et
662 867 930 925 imparatum
957 869 1181 923 appareat,
1202 881 1258 908 ne
1285 866 1393 922 quid
1420 870 1598 923 stupen-

72 956 118 987 ,ιο
135 937 241 980 dum
271 940 350 980 aut
373 937 715 981 erubescendum
739 938 946 993 emergat,
972 950 1028 978 ne
1055 935 1282 978 dominum
1314 939 1517 992 oporteat
1540 936 1598 979 ad

134 1019 181 1050 se
211 1006 503 1064 gerendorum
538 1020 743 1049 reuocare
781 1004 1122 1048 sollicitudinem
1163 1006 1219 1054 et,
1254 1007 1307 1047 ut
1346 1004 1433 1047 dici
1473 1005 1597 1057 solet,

134 1075 260 1132 quasi
289 1075 336 1118 in
365 1075 560 1118 humeris
587 1077 764 1132 portare
787 1074 1008 1118 conuiuas.
1068 1074 1193 1116 Vitet
1223 1074 1358 1116 etiam
1389 1074 1465 1131 qui
1495 1088 1596 1117 con-

132 1145 240 1189 uiua
254 1146 388 1189 comis
408 1159 500 1188 esse
515 1144 707 1188 uoluerit
725 1143 985 1188 consiliandi
1000 1143 1362 1186 consuetudinem
1383 1143 1597 1200 uerbique

133 1215 288 1258 secreti
327 1213 518 1258 faciendi
560 1228 737 1264 morem,
769 1227 820 1256 eo
859 1212 977 1269 quod
1009 1212 1056 1255 in
1089 1212 1319 1263 conuiuiis,
1354 1212 1400 1254 id
1441 1216 1510 1255 est
1548 1213 1596 1256 in

74 1302 114 1338 15
132 1283 319 1327 iocundo
347 1284 587 1328 amicorum
622 1282 957 1326 conuiuantium
987 1285 1099 1332 cetu,
1129 1282 1293 1325 debent
1321 1282 1471 1325 omnia
1502 1297 1596 1325 esse

133 1352 266 1404 nuda,
278 1355 324 1396 et
342 1353 390 1395 in
409 1367 556 1396 amore
576 1354 622 1395 et
642 1352 728 1395 fide
755 1351 891 1395 nichil
913 1351 1044 1394 debet
1064 1366 1157 1394 esse
1177 1351 1484 1394 absconditum
1505 1351 1594 1404 sed,

131 1422 169 1465 si
195 1422 290 1466 fieri
320 1424 476 1480 posset,
496 1421 644 1465 oculos
672 1421 720 1463 in
742 1424 921 1478 pectora
950 1435 1031 1463 sua
1060 1420 1251 1463 inuicem
1275 1424 1432 1463 mutuo
1452 1423 1593 1464 trans-
1610 1432 1636 1462 c

130 1490 246 1535 ferre
265 1494 509 1549 conspectu.
568 1491 731 1534 Nullus
750 1491 868 1534 enim
888 1490 1009 1534 locus
1035 1490 1274 1534 actitandis
1293 1490 1487 1534 consiliis
1514 1494 1595 1534 aut

129 1560 210 1604 uix
238 1560 355 1604 ullus
383 1561 574 1618 ineptior
602 1563 680 1613 est,
704 1560 922 1617 siquidem
951 1560 1089 1603 uerba
1117 1563 1286 1603 secreta
1314 1560 1457 1603 solent
1486 1561 1593 1603 assi-

71 1649 114 1676 ,ο
131 1630 337 1674 dentibus
367 1631 555 1674 exclusis
584 1645 677 1674 esse
715 1630 901 1674 molesta
913 1643 923 1682 3
962 1645 1066 1673 nam
1101 1630 1198 1687 ipsa
1227 1629 1422 1673 exclusio
1457 1630 1594 1673 habet

131 1700 367 1758 imaginem
387 1700 671 1746 diffidentiae.
728 1699 816 1743 Sed
846 1703 892 1743 et
921 1700 968 1742 in
988 1700 1059 1742 his
1079 1714 1191 1756 quae
1219 1699 1367 1756 palam
1387 1699 1593 1742 dicentur

127 1769 317 1813 fideliter
335 1770 640 1827 exequendum
667 1770 752 1814 erit
776 1770 893 1827 quod
917 1770 964 1812 in
993 1770 1137 1826 primo
1157 1769 1271 1812 libro
1299 1769 1353 1811 de
1374 1769 1594 1826 Analogia

131 1839 308 1896 scripsit
339 1838 476 1882 Gaius
501 1838 715 1883 Claudius
737 1839 910 1890 Caesar,
931 1838 1003 1881 uir
1026 1838 1281 1882 excellentis
1303 1838 1471 1895 ingenii
1500 1853 1593 1881 ma-

130 1922 328 1966 gnaeque
339 1908 610 1966 prudentiae.
659 1908 739 1952 Ait
759 1909 899 1952 enim:
919 1907 1164 1965 Tamquam
1184 1907 1412 1964 scopulum
1429 1911 1593 1952 nautae

72 1991 114 2028 ²5
132 1977 324 2036 fugiunt,
339 1978 400 2022 sic
413 1977 674 2036 fugiendum
689 1981 757 2022 est
769 1977 1026 2035 infrequens
1039 1980 1173 2034 atque
1186 1976 1378 2019 insolens
1391 1977 1592 2022 uerbum.

130 2046 190 2090 Et
218 2047 394 2104 quidem
416 2062 648 2091 numerum
675 2048 963 2092 conuiuarum
994 2050 1308 2104 expresserunt
1336 2047 1511 2104 antiqui
1539 2051 1592 2090 ut

128 2130 208 2160 nec
221 2116 445 2173 pauciores
459 2119 604 2160 essent
619 2131 751 2174 quam
765 2116 957 2166 Gratiae,
970 2131 1083 2173 quae
1098 2115 1368 2159 clauduntur
1382 2116 1591 2166 ternario,

127 2198 208 2228 nec
245 2185 393 2242 plures
431 2200 562 2243 quam
605 2186 770 2238 Musae,
808 2186 855 2229 id
894 2189 961 2229 est
1004 2200 1176 2235 nouem,
1210 2188 1290 2227 aut
1330 2185 1377 2227 in
1416 2199 1590 2228 summa

129 2252 382 2296 Gratiarum
397 2257 443 2298 et
457 2254 682 2298 Musarum
697 2255 926 2312 explerent
936 2269 1182 2307 numerum,
1197 2254 1254 2297 ad
1266 2254 1587 2298 duodenarium
1603 2259 1633 2300 d

69 2340 113 2374 30
129 2322 422 2367 ascendentes.
480 2323 688 2381 Optinuit
712 2327 862 2368 tamen
888 2324 1007 2382 apud
1034 2339 1107 2367 eos
1127 2323 1204 2381 qui
1229 2323 1392 2366 rectius
1412 2323 1588 2367 intuen-

129 2393 206 2434 tur
225 2394 277 2434 ut
296 2391 343 2434 in
362 2392 432 2435 his
451 2392 639 2436 officium
659 2384 994 2452 patrisfamilias
1013 2393 1228 2439 latissime
1248 2396 1412 2451 pateat.

127 2468 558 2527 W
599 2500 646 2537 30
668 2489 845 2528 obtmuit
862 2490 952 2528 css

175 2580 198 2615 4
213 2573 391 2615 flymenta
408 2573 570 2617 poetica:
594 2571 642 2609 cf.
666 2571 731 2609 Ov.
747 2573 831 2609 Met.
848 2585 880 2609 v.
901 2583 915 2609 1
936 2584 1052 2627 seqq..⁷
1071 2572 1124 2609 xi.
1143 2582 1157 2609 1
1168 2583 1294 2665 seqq„
1313 2571 1380 2609 xii.
1397 2581 1469 2608 210
1485 2582 1587 2618 seqq.

130 2626 169 2653 11
189 2621 231 2652 ut
246 2619 320 2653 dici
333 2619 437 2654 solet·
462 2617 507 2656 In
521 2618 593 2657 hoe
637 2619 867 2703 roverbium2
862 2631 936 2657 non
952 2620 1045 2656 ahbi
1060 2619 1202 2656 incidi·
1283 2620 1359 2656 Cic.
1370 2631 1440 2665 pro
1456 2620 1506 2654 Fl
1492 2621 1588 2656 lacco

127 2672 172 2710 37
200 2663 218 2710 ξ
245 2675 302 2711 94,
318 2676 386 2711 pro
409 2666 583 2712 Milom9
609 2630 689 2713 ξπς
1032 2669 1074 2702 in
1093 2669 1217 2714 primo
1241 2669 1336 2704 εἴα·
1362 2679 1394 2703 v.
1420 2667 1584 2704 Macrob.

126 2675 1253 2768 Gat15§37§12(exGe111104xu111§2
1396 2716 1588 2760 23Gaius

131 2759 309 2795 Claudms
342 2761 496 2798 Caesar.
534 2759 573 2796 0.
605 2761 740 2797 Caesar
770 2761 809 2807 (i.
822 2772 853 2798 e.
886 2761 1021 2807 Iulius)
1055 2760 1153 2798 Gell.
1186 2760 1380 2804 Macrob.;
1422 2761 1586 2798 Ioannes

127 2807 259 2842 autem
284 2805 330 2842 de
355 2805 512 2860 Claudio
537 2806 727 2852 cogitavit,
745 2819 858 2855 quem
883 2820 930 2846 ex
955 2808 1058 2846 Suet.
1084 2810 1213 2846 Claud.
1238 2820 1270 2845 c.
1287 2819 1330 2854 41
1358 2819 1437 2845 non
1462 2808 1585 2846 nullos

127 2852 242 2890 libros
259 2852 508 2900 composuisse
524 2856 688 2892 noverat.

1410 2919 1476 2954 293
