1988 3250
202 227 285 269 592
304 228 335 258 a

304 482 333 521 b

309 1321 335 1350 c

305 2351 335 2392 d

676 214 940 260 IOANNIS
969 213 1484 259 SARESBERIENSIS
1645 212 1758 274 [mn.
1770 223 1822 257 VI

350 339 398 380 et
423 350 514 380 non
538 336 695 394 implet
719 336 797 380 sed
821 338 1010 379 euacuat
1027 335 1182 393 legem,
1201 335 1305 379 licet
1329 335 1534 379 nonnulli
1558 349 1666 379 seua
1693 347 1821 392 prae-

350 407 558 464 rogatiua
568 407 806 450 uerborum
818 406 1032 450 aduersus
1042 409 1237 449 mentem
1250 405 1360 464 legis
1370 420 1502 449 suum
1514 405 1824 449 fraudulenter

350 479 566 519 tueantur
597 490 812 529 errorem3
851 475 1073 533 sapientes
1107 475 1225 518 enim
1261 478 1369 518 sunt
1400 478 1455 518 ut
1488 474 1658 518 faciant
1690 473 1822 517 mala.

349 544 466 589 Cum
499 559 607 588 nero
638 544 985 602 prouincialibus
1017 545 1078 588 sit
1107 545 1215 588 haec
1249 544 1388 601 pestis
1420 543 1677 601 perniciosa,
1706 542 1822 586 nulli

347 615 635 672 perniciosior
651 618 801 672 potest
819 629 913 658 esse
934 629 1068 671 quam
1087 613 1301 672 principi3
1330 613 1447 657 bona
1472 613 1691 671 siquidem
1719 627 1819 670 pro-
1838 624 1860 661 5

348 684 608 728 uincialium
628 684 841 742 principis
855 687 962 728 sunt
975 697 985 736 3
1014 683 1072 727 ad
1084 683 1391 727 necessitatem
1403 686 1449 727 et
1463 698 1594 727 usum
1609 682 1823 740 principis

348 755 499 798 omnia
522 769 635 811 quae
658 754 999 812 prouincialium
1025 756 1142 803 sunt,
1164 753 1219 796 de
1242 753 1339 796 iure
1359 756 1655 811 exponuntur.
1716 752 1822 795 Pro-

348 825 498 868 uincia
507 827 606 868 tota
621 824 748 881 quasi
763 824 899 867 archa
913 823 1127 881 principis
1142 826 1221 874 est,
1234 838 1367 880 quam
1383 823 1583 880 quisquis
1598 823 1820 873 exhaurit,

348 893 611 950 grauissime
630 893 852 950 delinquit
869 893 918 935 in
938 892 1183 949 principem
1202 892 1328 935 cuius
1343 895 1558 935 extenuat
1572 886 1823 935 facultates.

349 961 469 1004 Nam
485 962 778 1019 prouinciales
792 962 919 1018 quasi
933 961 1114 1018 quidam
1126 961 1415 1018 superficiarii
1427 964 1534 1004 sunt
1546 963 1603 1012 et,
1615 961 1821 1018 quotiens
1841 973 1885 1000 1ο

347 1045 456 1074 118118
475 1031 618 1089 exigit
636 1031 882 1088 potestatis,
902 1045 1051 1074 rerum
1077 1045 1258 1073 suarum
1284 1044 1375 1073 non
1400 1033 1494 1073 tam
1521 1030 1689 1074 domini
1715 1033 1824 1074 sunt

348 1115 483 1158 quam
503 1101 719 1144 custodes.
765 1100 815 1143 Si
835 1114 942 1143 uero
961 1100 1236 1143 necessitatis
1256 1114 1346 1142 non
1365 1099 1583 1143 incumbit
1596 1100 1822 1150 articulus,

350 1183 432 1212 sua
461 1169 554 1212 sint
582 1169 923 1226 prouincialium
949 1169 1066 1212 bona
1092 1183 1185 1219 sua,
1206 1169 1367 1226 quibus
1393 1183 1473 1212 nec
1498 1168 1592 1226 ipse
1618 1169 1823 1226 princeps

350 1238 535 1282 licenter
558 1239 772 1282 abutitur.
831 1238 882 1282 Si
907 1239 1025 1282 enim
1053 1238 1235 1296 expedit
1261 1238 1325 1281 rei
1345 1238 1547 1295 publicae
1571 1253 1628 1282 ne
1647 1238 1748 1295 quis
1773 1252 1821 1281 re

351 1323 434 1352 sua
458 1309 574 1352 male
601 1311 767 1359 utatur,
788 1308 915 1351 abuti
945 1308 1091 1351 aliena
1119 1310 1435 1365 usquequaque
1462 1323 1553 1352 non
1583 1309 1697 1353 licet.
1757 1309 1822 1352 At
1842 1323 1884 1359 15

350 1392 451 1421 cum
463 1392 543 1435 per
554 1378 781 1420 ministros
793 1377 1045 1434 iniquitatis
1058 1379 1104 1420 et
1115 1377 1289 1420 sceleris
1302 1380 1348 1420 et
1359 1377 1572 1421 satellites
1585 1377 1822 1429 Sathanae,

350 1447 472 1490 uiros
502 1446 792 1497 Herodianos,
822 1446 962 1490 fuerit
992 1448 1211 1490 exhausta
1241 1447 1482 1504 prouincia,
1511 1447 1549 1491 si
1584 1448 1823 1491 necessitas

351 1515 566 1566 imminet,
598 1516 760 1572 quibus
798 1518 954 1558 utetur
991 1515 1225 1573 princeps?
1298 1516 1500 1570 Proinde,
1531 1517 1570 1560 si
1609 1517 1739 1574 sapit,
1774 1517 1824 1559 in

350 1599 475 1630 camo
496 1588 542 1628 et
562 1585 690 1628 freno
709 1585 915 1628 maxillas
931 1599 1082 1628 eorum
1102 1586 1386 1644 constringet,
1400 1601 1457 1630 ne
1476 1601 1598 1630 more
1617 1586 1822 1644 luporum

351 1669 462 1712 quos
482 1655 684 1712 improba
702 1655 874 1698 uentris
894 1655 990 1712 agit
1009 1655 1242 1713 ingluuies,
1257 1658 1434 1699 uastare
1452 1656 1625 1714 possint
1644 1658 1690 1699 et
1709 1656 1820 1699 lace-
1841 1671 1887 1696 πο

350 1739 450 1767 1818
469 1724 745 1781 prouinciam
766 1726 811 1767 et
836 1724 884 1766 111
911 1724 1121 1767 iniuriam
1147 1725 1360 1782 principis
1385 1725 1512 1782 quasi
1537 1725 1656 1769 uires
1682 1725 1822 1769 totius

350 1794 415 1836 rei
435 1794 637 1851 publicae
666 1794 914 1838 exhaurire.
971 1794 1184 1851 Alioquin
1211 1798 1257 1838 et
1285 1795 1379 1852 ipse
1409 1795 1457 1837 in
1483 1798 1725 1852 egestatem
1754 1795 1824 1837 in-

350 1862 480 1913 cidet,
500 1862 847 1919 prouincialibus
874 1863 1079 1906 omnibus
1105 1864 1293 1915 odiosus,
1313 1864 1568 1907 redditurus
1588 1878 1668 1907 suo
1688 1864 1824 1907 iudici

352 1932 571 1975 rationem
592 1932 639 1974 in
659 1932 862 1976 districto
882 1933 1086 1976 examine
1105 1932 1160 1976 de
1180 1934 1385 1991 operibus
1405 1948 1618 1977 manuum
1639 1948 1822 1977 suarum

352 2004 399 2045 et
413 2002 468 2045 de
483 2002 646 2045 lesione
660 2002 1012 2059 prouincialium,
1024 2017 1134 2059 quos
1149 2003 1312 2046 iniuste
1328 2007 1374 2046 et
1388 2003 1513 2060 (111881
1526 2017 1606 2060 per
1618 2002 1821 2046 fraudem
1841 2016 1885 2052 25

352 2072 437 2114 sub
455 2071 615 2114 umbra
634 2071 838 2115 tuitionis
858 2086 994 2115 manu
1013 2072 1224 2130 spoliauit
1238 2076 1284 2116 et
1303 2073 1516 2116 lacerauit
1535 2073 1706 2116 inermi.

426 2179 533 2238 Cap.
567 2192 604 2223 2.
665 2179 794 2234 Quod
823 2181 996 2224 militia
1025 2181 1240 2225 delectum
1271 2181 1419 2238 εωὶρὶι,
1447 2182 1685 2226 scientiam
1713 2184 1753 2226 et

903 2251 1277 2295 eoeercitationem.

413 2341 571 2384 Restat
600 2343 773 2384 armata
803 2356 961 2385 manus
989 2357 1102 2399 quae
1129 2346 1395 2386 castrensem
1423 2347 1470 2387 et
1496 2347 1726 2388 cruentam
1755 2345 1826 2399 (ut

354 2410 523 2454 dictum
544 2411 629 2465 est)
649 2413 824 2454 exercet
844 2411 1062 2455 militiam.
1122 2412 1178 2455 In
1199 2413 1331 2455 huius
1351 2416 1501 2456 autem
1522 2414 1824 2458 moderatione
1842 2429 1886 2463 30

358 2530 372 2557 1
403 2520 561 2556 nonnuli
580 2520 618 2556 M
760 2531 782 2565 4
809 2519 1001 2567 pernicior
1018 2521 1044 2557 C
1201 2523 1221 2557 8
1247 2534 1335 2558 arca
1352 2521 1410 2557 AS
1558 2533 1601 2568 19
1625 2522 1760 2561 chamo
1784 2524 1824 2560 M

355 2567 395 2604 111
409 2580 471 2605 ore
488 2568 550 2604 0²:
578 2567 616 2603 M
634 2580 748 2614 supra
766 2570 900 2604 lineam
917 2570 1018 2604 habet
1036 2568 1125 2606 uel
1115 2580 1166 2612 111,
1184 2571 1223 2605 id
1239 2575 1288 2605 est
1306 2569 1346 2605 in
1363 2582 1426 2607 ore
1439 2582 1510 2617 pro
1527 2581 1629 2607 more

407 2676 425 2711 3
450 2668 631 2712 capientes
647 2668 740 2703 etc:
768 2666 899 2703 Ierem.
918 2665 963 2701 iv.
983 2676 1038 2705 22
1220 2678 1264 2703 10
1287 2670 1551 2714 mperficiarii.
1576 2669 1616 2704 id
1632 2674 1681 2704 est
1703 2670 1766 2715 qui
1783 2671 1825 2706 in

355 2715 474 2750 alieno
490 2715 563 2750 solo
578 2715 803 2759 euperflcr'em
820 2716 871 2749 uta
889 2715 1000 2755 habet,
1019 2719 1059 2749 ut
1079 2719 1210 2750 certam
1224 2717 1433 2760 pensionem
1448 2721 1603 2761 praestet
1621 2716 1705 2763 Dig.
1723 2716 1770 2753 vi.
1794 2728 1824 2754 1.

357 2771 414 2807 74.
611 2771 650 2806 ¹4
676 2763 815 2807 expedit
833 2764 925 2797 etc:
956 2761 1044 2797 lust.
1062 2760 1089 2798 i.
1106 2763 1128 2797 8
1148 2761 1165 2808 ξ
1186 2764 1531 2808 2.18,19
1556 2765 1597 2799 in
1613 2776 1712 2801 camo
1729 2767 1824 2802 etc.:

356 2820 389 2845 v.
409 2808 465 2844 Ρι.
484 2807 636 2854 xxxi.9.
759 2819 800 2853 19
825 2810 993 2854 luporum
1011 2811 1103 2846 cta:
1130 2821 1162 2845 v.
1181 2809 1290 2855 Verg.
1310 2811 1401 2846 Aen.
1420 2810 1459 2846 ii.
1478 2819 1569 2858 355-
1572 2820 1653 2857 357.
1765 2822 1822 2859 29,

358 2866 404 2903 30
421 2861 460 2892 ut
476 2858 614 2892 dictum
629 2861 703 2893 ed·
729 2868 761 2894 v.
779 2867 892 2903 supra
910 2858 978 2903 589
991 2866 1031 2893 Α.
