1988 3250
206 243 305 276 cAr.
319 232 400 290 xx]
719 228 1156 274 POLICRATICVS
1681 227 1775 279 690
1794 237 1824 268 a

204 351 471 408 procurabit,
490 350 608 408 quod
633 350 844 406 cuiusque
870 349 1084 406 sapientis
1110 352 1156 391 et
1182 349 1382 392 timentis
1401 349 1546 392 Deum
1566 362 1666 392 con-

204 419 388 463 scientia
425 422 637 463 consonat
676 419 824 462 uerbis
863 418 965 461 tuis.
1030 417 1141 460 Inde
1181 420 1250 460 est
1288 418 1406 474 quod
1445 418 1667 460 sententia

203 503 354 532 eorum
374 488 428 531 de
449 491 494 531 te
515 488 706 531 Domino
731 490 909 530 auctore
933 500 1022 528 non
1042 500 1215 542 semper
1233 486 1418 542 optinet.
1478 486 1526 529 Si
1548 487 1665 528 enim

202 557 310 614 ipsis
335 557 553 600 creditum
580 555 729 606 fuerit,
754 558 805 599 tu
833 555 958 612 quasi
983 555 1099 597 lesae
1126 554 1371 597 maiestatis
1399 569 1500 597 reus
1527 555 1667 597 hostis

166 644 186 679 5
203 625 404 683 publicus
450 625 726 669 iudicaberis.
810 623 983 668 Diceris
1027 623 1183 680 utique
1229 623 1407 680 publica
1452 638 1666 666 euacuare

202 695 365 738 iudicia
392 696 447 745 et,
467 694 573 736 dum
598 693 884 751 professionis
911 693 1115 750 propriae
1139 692 1306 735 zelator
1330 692 1666 735 ecclesiasticam

202 764 336 822 erigis
366 764 630 815 libertatem,
664 763 929 820 sapientiam
963 761 1187 804 subuertis
1221 761 1473 818 principum
1508 764 1554 803 et
1593 775 1666 803 eos

202 834 327 891 quasi
347 833 507 876 stultos
528 837 573 876 et
592 832 945 889 contemptibiles
970 831 1151 874 reddere
1175 831 1452 874 machinaris.
1513 830 1665 873 Satius
1684 836 1713 874 b

201 903 287 947 erit
318 906 370 946 ut
403 903 607 946 diadema
635 902 944 944 detraheretur
972 900 1185 958 principis
1214 900 1350 957 capiti
1381 914 1514 956 quam
1545 900 1665 956 prin—

145 992 186 1019 ιο
201 971 355 1029 cipalis
389 975 434 1015 et
468 971 669 1029 egregiae
703 970 844 1027 partis
876 970 939 1012 rei
971 969 1173 1026 publicae
1203 968 1444 1025 dispositio,
1475 983 1588 1025 quae
1620 969 1667 1011 in

202 1041 412 1099 religione
442 1043 657 1090 uersatur,
687 1040 807 1082 illius
836 1039 1128 1082 subtrahatur
1157 1038 1353 1082 arbitrio.

316 1121 420 1164 Non
450 1121 628 1178 priuata
657 1120 781 1176 cupit
811 1119 1010 1162 Romana
1040 1118 1240 1176 quisquis
1270 1118 1317 1160 in
1348 1118 1457 1161 urbe

316 1179 572 1236 Pompeium
602 1178 792 1221 transire
822 1180 964 1234 parat.

203 1259 261 1302 Et
282 1258 398 1302 forte
417 1259 698 1316 arrogantius
718 1258 996 1315 priuatorum
1017 1260 1124 1300 uota
1143 1256 1472 1313 transgreditur
1492 1256 1567 1312 qui
1583 1256 1667 1299 sub

141 1347 184 1384 ¹⁵
201 1328 395 1386 imagine
423 1328 643 1372 libertatis
672 1327 946 1386 principibus
976 1326 1148 1384 appetit
1178 1326 1407 1369 dominari.
1468 1324 1597 1377 Nam,
1629 1326 1666 1368 si

201 1397 300 1455 quis
315 1397 563 1455 principum
579 1396 885 1454 superstitioni
901 1396 1153 1439 huiusmodi
1169 1395 1437 1452 adquiescat,
1454 1395 1667 1452 insipiens

200 1468 267 1510 est
282 1468 327 1510 et
343 1466 400 1509 ab
415 1466 656 1510 illustrium
673 1481 828 1523 regum
849 1465 1019 1508 uirtute
1040 1465 1289 1522 degenerat.
1339 1464 1489 1507 Dauid
1505 1468 1668 1515 tamen,

198 1535 313 1579 sicut
333 1535 503 1594 Regum
524 1539 678 1579 narrat
693 1535 891 1586 historia,
904 1538 949 1577 et
968 1534 1111 1577 omnis
1132 1534 1270 1577 Israel
1291 1534 1504 1576 ludebant
1519 1549 1666 1577 coram

199 1603 392 1648 Domino
422 1605 470 1648 in
505 1606 709 1648 omnibus
739 1604 871 1662 lignis
902 1603 1161 1647 fabrefactis
1191 1607 1237 1646 et
1264 1604 1465 1660 cytharis
1495 1607 1540 1647 et
1571 1604 1666 1647 liris

140 1696 183 1722 ιο
200 1677 245 1717 et
283 1674 494 1732 timpanis
534 1676 580 1717 et
616 1674 761 1717 sistris
800 1677 845 1716 et
883 1673 1094 1723 cimbalis,
1129 1673 1233 1716 licet
1272 1673 1312 1716 ei
1347 1687 1435 1716 non
1470 1672 1666 1716 defuerit

197 1742 412 1786 eiusmodi
452 1743 712 1800 increpator.
773 1742 976 1785 Historia
1006 1756 1197 1799 namque
1230 1745 1475 1784 memorata
1514 1757 1663 1799 prose·
1683 1754 1707 1783 c

198 1812 372 1869 quitur:
403 1812 462 1856 Et
481 1827 656 1871 egressa
675 1812 807 1856 Micol
834 1812 928 1855 filia
954 1812 1063 1855 Saul
1087 1813 1135 1854 in
1156 1826 1384 1854 occursum
1406 1811 1555 1854 Dauid
1575 1813 1663 1856 ait:

198 1880 341 1934 Quam
361 1882 577 1939 gloriosus
606 1881 695 1924 fuit
723 1881 852 1924 hodie
879 1897 959 1925 rex
986 1881 1128 1924 Israel
1152 1881 1473 1938 discooperiens
1493 1896 1539 1924 se
1558 1884 1664 1925 ante

197 1950 379 1994 ancillas
406 1966 636 1994 seruorum
666 1965 871 2003 suorum;
906 1954 952 1994 et
986 1951 1182 1994 nudatus
1212 1954 1280 1993 est
1312 1951 1438 2006 quasi
1470 1951 1666 1994 nudetur

139 2039 181 2074 ³5
199 2034 315 2064 unus
334 2021 388 2064 de
403 2021 578 2064 scurris.
637 2021 853 2078 Dixitque
869 2021 1018 2063 Dauid
1037 2021 1095 2063 ad
1117 2020 1271 2064 Micol:
1302 2020 1431 2063 Viuit
1446 2020 1665 2064 Dominus

199 2090 304 2148 quia
341 2090 491 2133 ludam
531 2093 635 2134 ante
674 2090 915 2133 Dominum
956 2091 1031 2147 qui
1073 2090 1207 2147 elegit
1246 2104 1316 2132 me
1347 2090 1497 2146 potius
1529 2105 1663 2146 quam

197 2162 368 2217 patrem
402 2162 530 2203 tuum
565 2163 611 2203 et
644 2174 777 2216 quam
810 2174 983 2202 omnem
1017 2160 1196 2202 domum
1232 2159 1326 2202 eius
1361 2162 1407 2202 et
1439 2160 1664 2216 praecepit

197 2228 330 2272 michi
361 2231 414 2272 ut
443 2243 580 2272 essem
609 2228 703 2271 dux
732 2243 864 2286 super
892 2229 1104 2286 populum
1137 2228 1316 2271 Domini
1347 2228 1393 2270 in
1424 2228 1587 2280 Israel;
1618 2232 1664 2271 et

198 2296 347 2340 ludam
368 2300 413 2340 et
438 2297 570 2340 uilior
592 2298 696 2340 fiam
722 2297 823 2354 plus
850 2312 983 2354 quam
1011 2297 1158 2340 factus
1185 2312 1295 2347 sum,
1321 2301 1366 2340 et
1386 2312 1460 2340 ero
1481 2298 1663 2340 humilis

138 2380 182 2414 30
198 2366 245 2409 in
264 2366 400 2410 oculis
419 2367 538 2417 meis,
554 2370 599 2410 et
617 2381 717 2411 cuni
735 2367 918 2431 ancillis,
933 2367 987 2410 de
1008 2367 1168 2424 quibus
1188 2367 1336 2410 locuta
1356 2381 1415 2420 es,
1429 2367 1663 2424 gloriosior

198 2489 230 2534 3·
245 2479 394 2534 obtinet
410 2480 476 2517 SM
660 2490 700 2528 15
726 2482 903 2536 ymagine
920 2481 960 2518 M
1142 2483 1184 2519 18
1209 2481 1379 2528 hystoria
1396 2482 1436 2518 M
1620 2493 1663 2528 19

198 2527 354 2563 citharis
370 2527 435 2564 SM
577 2538 624 2564 20
648 2531 687 2566 et
704 2529 887 2582 timpanis
903 2541 969 2566 om.
988 2529 1029 2564 M
1173 2540 1214 2567 21
1244 2529 1426 2576 Hysteria
1443 2529 1483 2565 M
1615 2541 1660 2576 23

196 2573 336 2611 israhel
351 2573 386 2609 A
525 2585 571 2621 30
594 2575 734 2612 occulis
751 2575 775 2613 S

248 2686 289 2713 12
313 2678 397 2713 Non
408 2679 560 2730 priuata
576 2680 670 2715 etc.·
694 2678 785 2716 Luc.
801 2681 928 2715 Phara.
947 2678 987 2715 ii.
1010 2680 1087 2725 564,
1108 2681 1186 2726 565.
1350 2689 1390 2723 17
1419 2682 1546 2716 Dauid
1563 2682 1658 2717 etc.:

198 2735 230 2759 v.
248 2734 268 2759 2
287 2723 376 2770 Reg.
393 2735 440 2760 vi.
459 2733 489 2770 5.
618 2736 662 2761 22
685 2728 736 2762 Et
753 2738 890 2772 cyr-essa
906 2729 1004 2763 etc.:
1032 2737 1052 2762 2
1071 2727 1161 2773 Reg.
1181 2726 1226 2762 vi.
1243 2738 1406 2773 2oseqq.
1536 2737 1591 2774 25,
1611 2730 1657 2764 26

203 2771 303 2806 Viuit
325 2772 504 2807 Dominus
525 2775 612 2818 quia
636 2775 780 2809 ludam:
806 2774 921 2818 Haec,
946 2785 1044 2819 quae
1069 2774 1111 2810 in
1130 2775 1187 2810 ed.
1210 2774 1314 2821 Vulg
1287 2787 1323 2821 g.
1348 2774 1657 2820 impressionibus

198 2818 347 2862 desunt,
372 2817 412 2853 in
437 2817 627 2856 codicibus
650 2822 778 2857 tamen
805 2821 1000 2875 nonnullis
1028 2823 1179 2858 exstant
1209 2822 1269 2867 (ut
1294 2824 1458 2858 testatur
1485 2821 1657 2858 Sabatier

198 2865 246 2902 ad
263 2865 363 2911 loc.),
383 2864 479 2902 citat
495 2865 606 2913 Greg.
623 2866 675 2904 M.
683 2869 777 2906 Mor.
795 2867 922 2905 xxviii.
941 2868 1016 2914 46§
1031 2878 1074 2914 77
1094 2868 1240 2916 (Migne
1256 2870 1296 2906 P.
1314 2871 1358 2905 L.
1376 2868 1493 2905 lxxvi.
1507 2873 1607 2915 444).

1485 2941 1549 2983 189
