1988 3250
175 201 328 262 om]
677 200 1114 246 PomcsAncvs
1651 213 1726 253 ’,ιο
1747 213 1773 247 ,ο

174 338 203 366 a
223 337 309 380 quo
328 323 404 366 sed
424 322 531 379 quid
551 322 726 366 dicatur
744 321 986 364 attenth
1005 324 1062 374 et,
1083 336 1139 364 ex
1158 322 1302 365 causis
1321 322 1496 366 dicendi
1516 322 1636 366 dicta

174 394 419 450 pensantes,
447 393 626 449 gratum
657 390 824 433 habent
853 390 1062 446 quicquid
1098 390 1403 447 undecumque
1438 391 1634 435 elicitum

174 460 348 519 proficit
381 460 438 502 ad
470 459 695 502 uirtutem.
757 459 859 502 Non
890 473 995 516 ergo
1026 459 1125 515 quis
1159 459 1235 502 sed
1265 460 1373 516 quid
1403 475 1546 516 quaue
1580 461 1635 504 de

173 544 304 573 causa
332 529 519 572 scribam
550 528 739 586 diligens
779 528 917 571 lector
945 528 1151 571 attendat
1180 531 1237 578 et,
1266 528 1342 571 ubi
1373 529 1487 571 male
1517 530 1637 572 dieta

137 613 156 647 5
173 599 406 651 inuenerit,
444 598 638 641 sincerus
678 597 812 640 iudex
852 600 897 640 et
940 612 1019 640 nec
1059 597 1254 640 inuidiae
1294 612 1374 641 nec
1419 598 1509 641 odii
1557 614 1636 642 nec

173 668 356 712 alterius
389 666 630 710 affectionis
661 670 785 709 motu
820 680 1054 709 concussus
1095 666 1399 709 testimonium
1434 666 1489 709 de
1519 668 1637 710 malo

175 737 403 795 perhibeat
423 739 479 787 et,
495 736 572 779 ubi
593 735 703 778 bene
716 735 882 785 dixero,
903 749 991 777 non
1011 749 1082 778 me
1101 735 1267 778 caedat.
1328 736 1464 779 Michi
1486 739 1635 780 tamen

174 821 254 864 pro
273 806 455 849 minimo
470 808 538 848 est
557 805 594 847 si
615 804 890 847 innocentiae
910 818 1033 847 meae
1053 804 1194 861 gratis
1214 804 1468 848 detrahitur
1487 820 1514 848 a
1537 820 1634 863 per-

174 875 313 919 uersis
333 890 441 932 quos
461 874 683 918 emendari
703 873 874 924 uellem,
893 874 931 916 si
952 888 1022 916 me
1046 877 1195 917 tamen
1220 874 1510 932 benignitatis
1531 879 1634 918 tuae
1651 876 1680 915 d

119 961 159 987 10
175 944 304 988 fauor
338 944 570 1002 exceperit.
631 943 849 1000 Quicquid
888 946 1038 986 autem
1073 958 1100 986 a
1134 944 1439 1000 praesentibus
1478 944 1637 1001 patiar,

175 1029 312 1072 spero,
339 1017 516 1057 auctore
545 1013 637 1056 Deo
664 1015 710 1056 et
738 1013 935 1063 caritate,
961 1027 1049 1069 qua
1078 1028 1239 1070 urgeor
1261 1013 1318 1056 ad
1345 1013 1637 1064 scribendum,

176 1083 308 1127 michi
321 1085 571 1141 praestante
587 1082 804 1132 fiduciam,
818 1082 934 1139 quod
952 1082 1091 1125 labori
1108 1097 1205 1126 meo
1220 1083 1367 1140 gratia
1387 1098 1475 1126 non
1496 1083 1639 1126 deerit

175 1156 460 1210 posterorum.
520 1152 634 1195 Odio
663 1152 879 1209 siquidem
912 1152 983 1194 uel
1015 1167 1163 1195 amore
1194 1152 1240 1195 in
1270 1156 1443 1210 partem
1473 1153 1636 1196 alteru·

176 1224 293 1265 tram
317 1222 613 1279 praesentium
641 1222 900 1278 plerumque
930 1222 1094 1264 iudicia
1121 1222 1426 1279 prolabuntur.
1485 1222 1636 1266 Nichil

121 1306 160 1340 15
177 1291 376 1348 equidem
404 1291 624 1348 praesenti
655 1291 777 1348 operi
808 1306 864 1333 ex
894 1292 1120 1348 proposito
1150 1292 1370 1335 inseretur
1399 1292 1517 1349 quod
1547 1307 1637 1336 non
1654 1304 1719 1344 711
1738 1305 1768 1334 a

174 1360 236 1404 sit
259 1360 428 1404 ratione
458 1360 529 1404 uel
558 1360 913 1418 praecedentium
944 1361 1209 1418 scriptorum
1239 1361 1504 1404 auctoritate
1534 1362 1635 1404 sub-

176 1430 344 1474 nixum.
415 1430 469 1473 In
510 1430 669 1487 quibus
708 1433 858 1473 tamen
899 1430 1006 1487 quid
1051 1431 1322 1487 sequendum
1362 1431 1423 1474 sit
1464 1431 1639 1474 lectoris

177 1499 450 1557 relinquetur
468 1499 665 1552 arbitrio,
685 1503 738 1543 ut
757 1500 908 1557 procul
930 1515 957 1542 a
977 1500 1154 1543 nomine
1180 1515 1277 1543 meo
1299 1500 1455 1543 faciam
1476 1500 1638 1544 uitium

178 1571 224 1612 et
242 1572 392 1612 notam
412 1569 664 1612 mentiendi.
715 1569 803 1612 Sed
818 1570 923 1612 haec
940 1570 1164 1613 hactenus.
1210 1570 1341 1613 Nunc
1362 1573 1639 1613 transeamus

122 1653 166 1679 ao
180 1638 227 1681 in
252 1638 563 1696 Epicureorum
587 1643 743 1690 castra,
771 1642 816 1682 et
841 1639 958 1696 quod
983 1639 1046 1681 ibi
1074 1654 1154 1696 pro
1180 1642 1300 1682 certo
1325 1639 1463 1683 fuerit
1490 1640 1638 1697 explo-

179 1710 325 1751 ratum
363 1708 411 1751 in
450 1708 643 1752 medium
682 1708 948 1766 proferatur.
1019 1709 1137 1752 Nam
1178 1709 1234 1751 ad
1279 1723 1430 1752 eorum
1475 1713 1639 1752 sectam

178 1777 481 1821 indubitanter
505 1778 725 1836 pertinere
752 1781 994 1822 noscuntur
1017 1778 1095 1835 qui
1124 1779 1171 1820 in
1202 1778 1406 1821 omnibus
1436 1779 1640 1836 propriae

177 1846 376 1891 seruiunt
394 1847 626 1890 uoluntati.

181 1958 285 2018 Cap.
309 1973 345 2003 1.
377 1959 505 2014 Quod
528 1960 783 2004 Gnatonica
803 1961 944 2006 subest
967 1962 1281 2005 Trasonianae
1293 1980 1311 2012 ;
1343 1966 1382 2006 et
1402 1962 1456 2005 de
1477 1966 1639 2019 septem

125 2053 166 2088 ‚5
289 2028 633 2086 principalibus
681 2030 819 2074 uitiis
867 2035 905 2075 et
956 2031 1131 2088 sequela
1180 2046 1337 2074 eorum
1386 2032 1640 2074 secundum

297 2097 468 2141 beatum
509 2098 777 2155 Greyoriwm
790 2118 808 2151 ,·
848 2104 887 2144 et
919 2101 1039 2158 quod
1072 2100 1238 2145 inanis
1265 2100 1416 2158 qloria
1445 2101 1640 2144 nobilem

295 2166 418 2211 habet
447 2171 611 2212 ortum.

241 2258 296 2301 In
323 2261 420 2302 tota
444 2274 548 2317 ergo
573 2260 885 2318 Epicureorum
914 2261 1086 2305 familia
1112 2262 1299 2320 insignis
1327 2266 1394 2306 est
1420 2263 1557 2306 Traso
1583 2268 1641 2315 et,

185 2327 288 2371 licet
309 2342 397 2371 non
423 2329 580 2373 exierit
599 2330 778 2387 primus,
798 2334 878 2374 aut
904 2332 1100 2374 omnium
1127 2332 1297 2389 primus
1323 2333 1553 2376 habendus
1572 2336 1641 2376 est

128 2410 172 2444 30
187 2399 267 2439 aut
295 2411 382 2439 non
408 2397 614 2441 minimus
642 2391 963 2457 inter'primos
1022 2401 1075 2444 Ei
1105 2416 1307 2458 namque,
1331 2402 1434 2445 licet
1462 2402 1640 2459 ineptus
1656 2408 1686 2446 b

187 2465 257 2515 sit,
278 2467 373 2508 tota
393 2465 733 2511 Gnatonicorum
755 2468 891 2513 factio
911 2469 1166 2514 famulatur.
1228 2471 1285 2515 Et
1306 2471 1422 2515 forte
1450 2472 1641 2515 comicus

190 2572 206 2599 1
235 2561 378 2598 dicenti
393 2562 432 2598 M
573 2575 618 2610 24
643 2564 694 2601 vii
711 2565 736 2602 S
878 2577 924 2613 ²9
948 2567 1029 2615 aut]
1049 2570 1092 2605 ut
1108 2568 1157 2604 Α*

234 2649 258 2685 6
282 2651 520 2686 testimonium
535 2653 629 2688 etc.:
653 2664 686 2688 v.
703 2652 830 2689 Ioann.
848 2653 950 2690 xviii.
967 2664 1024 2700 23.
1179 2664 1199 2699 7
1224 2655 1340 2691 Michi
1355 2660 1473 2691 tamen
1489 2657 1583 2692 etc.:
1610 2667 1641 2690 v.

192 2705 207 2731 1
228 2694 309 2732 Cor.
327 2695 374 2732 iv.
393 2706 424 2742 3.
616 2708 670 2744 19,
688 2709 735 2735 20
757 2706 982 2737 transeamus
997 2703 1038 2738 in
1062 2703 1324 2748 Epicureorum
1341 2708 1481 2739 castra:
1506 2715 1538 2739 v.
1557 2702 1642 2738 Seu.

189 2743 262 2788 Ep.
279 2753 300 2778 2
320 2741 338 2788 ξ
359 2752 389 2789 5.
509 2745 552 2781 28
580 2746 710 2782 Τναεοε
734 2746 772 2782 in
790 2749 968 2785 Eunucho
983 2748 1150 2786 Terentii
1165 2762 1174 2794 3
1201 2749 1247 2785 de
1264 2761 1338 2795 quo
1355 2749 1403 2786 cf.
1420 2761 1533 2796 supra
1544 2749 1591 2785 vi.
1609 2761 1642 2795 3.

190 2799 232 2842 31
263 2790 555 2834 Gnatom'comm:
573 2791 598 2828 i.
611 2804 642 2829 e.
653 2794 915 2848 parasitorum,
925 2795 1047 2841 qualis
1063 2796 1165 2843 apud
1178 2796 1408 2833 Thrasonem
1422 2799 1479 2834 est
1491 2796 1644 2833 Gnatho

190 2847 232 2872 m
249 2837 449 2880 Eunaeum
473 2838 521 2874 cf.
537 2850 649 2886 supra
664 2852 717 2876 ιιι.
737 2851 769 2886 4,
787 2853 832 2878 v1.
851 2852 907 2887 27,
926 2853 982 2889 30.

1471 2922 1534 2958 227
