1988 3250
261 215 348 265 644
367 214 397 253 b
739 211 895 256 IOAN
897 211 939 255 N
943 212 1001 257 IS
1041 211 1556 256 SARESBERIENSIS
1677 211 1788 274 [mn.
1808 225 1880 258 vn:

411 333 546 377 matri
573 333 668 376 eius
698 332 935 376 Perictioni
965 347 1012 376 se
1041 332 1279 384 miscuerit,
1300 346 1434 389 quam
1464 336 1639 377 constat
1664 349 1692 377 a
1718 334 1880 378 Solone

410 403 736 460 sapientissimo
751 402 988 446 fundatore
1008 401 1157 459 legum
1172 401 1425 444 Atticarum
1444 403 1634 446 traxisse
1648 403 1878 461 originem.

412 471 560 516 Natus
581 476 649 516 est
667 475 818 515 autem
838 486 987 514 mense
1009 471 1085 528 qui
1109 470 1230 527 apud
1254 470 1428 514 Atticos
1448 471 1684 529 Targelion
1703 473 1879 524 dicitur,

370 553 396 583 c
412 540 483 584 die
513 556 602 598 qua
631 541 750 599 apud
779 541 922 584 Delon
953 540 1124 582 Latona
1153 539 1373 596 peperisse
1402 540 1599 583 creditur
1627 541 1879 598 Apollinem

411 613 456 653 et
485 610 704 662 Dianam3
744 610 887 667 pridie
919 609 1097 666 quidem
1128 608 1354 651 Socratem
1384 610 1586 666 genitum
1616 609 1780 655 fenmt.
1897 626 1918 662 5

467 679 587 722 Talis
619 695 724 737 ergo
757 683 801 723 et
841 679 896 722 de
935 679 1101 721 talibus
1140 677 1355 721 oriundus
1389 693 1479 721 non
1512 679 1654 722 solum
1693 680 1878 724 heroum

407 749 655 792 uirtutibus
692 749 919 807 praestitit
950 748 1027 791 sed
1062 748 1370 804 aequiparasse
1404 749 1550 792 dictus
1588 752 1656 792 est
1694 749 1877 793 deorum

407 822 661 875 potestates.
736 819 854 861 Nam
889 818 1175 875 Speusippus,
1211 817 1462 861 domesticis
1497 819 1771 863 documentis
1809 820 1876 863 in-

405 891 615 942 structus,
649 891 695 931 et
728 888 854 945 pueri
890 888 984 930 eius
1024 902 1123 930 acre
1164 887 1211 929 in
1251 887 1532 944 percipiendo
1567 888 1795 946 ingenium
1831 892 1877 933 et

403 957 690 1003 admirandae
729 957 1020 1000 uerecundiae
1060 956 1253 1000 indolem
1302 957 1458 1000 laudat
1497 960 1542 1000 et
1587 958 1876 1014 pubescentes
1896 974 1938 999 xo

404 1027 626 1084 primitias
657 1027 806 1070 labore
837 1030 971 1083 atque
1003 1041 1152 1069 amore
1187 1026 1395 1069 studendi
1428 1027 1626 1070 imbutas
1659 1027 1799 1071 refert
1830 1031 1876 1073 et

404 1096 453 1138 in
483 1097 581 1139 uiro
610 1097 769 1139 harum
801 1098 1073 1140 incrementa
1112 1096 1335 1138 uirtutum
1375 1097 1632 1140 conuenisse
1670 1099 1875 1143 testatur.

406 1165 476 1208 Ex
506 1166 677 1209 hisdem
716 1166 991 1224 genitoribus
1022 1165 1215 1209 Glaucus
1246 1168 1292 1208 et
1321 1165 1601 1209 Adamantus
1636 1167 1677 1209 ei
1712 1166 1875 1211 fratres

404 1234 602 1279 fuerunt.
659 1236 872 1279 Doctores
895 1235 1054 1278 habuit
1083 1235 1131 1277 in
1161 1235 1306 1292 prima
1333 1235 1590 1278 litteratura
1610 1236 1874 1288 Dionisium,

404 1304 452 1347 in
492 1305 713 1362 palaestra
742 1305 996 1348 Aristonem
1030 1305 1165 1362 Argis
1195 1304 1456 1357 oriundum;
1498 1307 1734 1362 tantosque
1773 1320 1873 1363 pro·
1895 1322 1933 1357 ¹⁵

404 1388 581 1431 gressus
597 1374 636 1417 ei
657 1375 916 1417 exercitatio
936 1374 1126 1417 contulit
1141 1376 1193 1417 ut
1214 1374 1387 1417 Phitiae
1407 1375 1616 1418 luctando
1631 1376 1875 1420 certamina

361 1445 390 1485 d
406 1444 574 1486 uicerit.
635 1444 838 1487 Picturae
871 1459 959 1487 non
991 1446 1254 1500 aspernatus
1288 1447 1442 1494 artem,
1471 1445 1668 1502 tragedis
1699 1460 1874 1503 quoque

404 1516 450 1555 et
489 1511 757 1556 ditiriambis
788 1527 834 1556 se
866 1513 1022 1556 utilem
1061 1514 1204 1556 finxit.
1266 1513 1450 1571 Iamque
1488 1514 1734 1557 carminum
1771 1530 1873 1559 con-

403 1581 588 1625 fidentia
607 1582 749 1626 elatus
765 1585 1027 1625 certatorem
1048 1598 1094 1626 se
1110 1583 1308 1639 profiteri
1329 1583 1547 1640 cupiebat,
1561 1583 1646 1627 nisi
1667 1583 1871 1628 Socrates

401 1651 700 1695 humilitatem
732 1652 865 1695 huius
896 1652 1116 1709 cupidinis
1151 1652 1209 1695 ab
1243 1652 1337 1695 eius
1368 1653 1517 1696 animo
1548 1653 1791 1710 expulisset
1825 1659 1872 1698 et
1890 1669 1934 1693 ²0

401 1735 532 1764 uerae
552 1721 697 1764 laudis
716 1721 902 1779 gloriam
923 1722 963 1764 ei
984 1724 1180 1764 curasset
1200 1722 1413 1780 ingerere.
1461 1722 1519 1764 Et
1538 1726 1671 1766 antea
1691 1723 1870 1780 quidem

402 1790 652 1834 Heraclidis
686 1794 806 1834 secta
841 1790 989 1833 fuerat
1023 1791 1222 1834 imbutus
1235 1806 1244 1843 ;
1284 1806 1452 1842 uerum,
1484 1806 1584 1835 cum
1619 1807 1666 1836 se
1696 1793 1869 1836 Socrati

399 1859 603 1911 dedisset,
615 1874 703 1903 non
719 1860 860 1903 solum
882 1860 1060 1917 ingenio
1075 1864 1209 1917 atque
1224 1861 1425 1904 doctrina
1440 1865 1607 1905 ceteros
1622 1861 1870 1906 Socraticos

399 1929 510 1972 uicit
543 1929 620 1972 sed
658 1929 793 1972 etiam
824 1929 972 1972 labore
1002 1933 1047 1972 et
1086 1929 1308 1987 elegantia
1337 1930 1600 1987 sapientiam
1631 1931 1869 1976 elustrauit

398 1998 526 2055 eique
566 2002 686 2042 recta
732 1999 973 2041 assertione
1020 2014 1228 2042 sensuum
1273 2003 1319 2043 et
1357 1999 1589 2043 maiestate
1628 2001 1866 2045 uerborum
1887 2019 1929 2054 ²⁵

397 2067 638 2125 plurimum
659 2067 865 2110 adhibuit
885 2068 1130 2125 dignitatis.
1191 2068 1371 2112 Socrate
1390 2069 1608 2126 siquidem
1629 2070 1868 2115 excedente

395 2151 442 2180 se
473 2137 530 2180 ad
562 2137 827 2195 Pithagorae
859 2138 1049 2180 contulit
1079 2138 1382 2195 disciplinam;
1415 2154 1547 2195 quain
1580 2140 1663 2182 etsi
1694 2141 1867 2185 ratione

398 2206 602 2264 diligenti
642 2209 688 2249 et
728 2207 963 2263 magnifica
1002 2207 1183 2250 uidebat
1222 2208 1497 2259 instructam,
1530 2223 1676 2251 rerum
1716 2212 1868 2254 tamen

185 2279 189 2283 '
248 2279 334 2328 645
353 2288 383 2318 a
398 2276 716 2320 continentiam
738 2280 783 2319 et
802 2277 1052 2319 castitatem
1075 2277 1215 2334 magis
1235 2272 1441 2334 cupiebat
1458 2278 1635 2321 imitari.
1695 2279 1867 2325 Deinde

395 2344 673 2388 Theodorum
695 2344 977 2389 Cirenensem
993 2346 1107 2389 adiit
1127 2350 1178 2389 ut
1198 2347 1486 2403 geometriam
1504 2347 1701 2392 disceret.
1753 2349 1865 2394 Inde
1885 2363 1929 2398 30

395 2414 607 2472 Egiptum
639 2414 769 2471 petiit
799 2418 851 2458 ut
880 2415 1144 2473 astrologiae
1175 2422 1364 2467 uacaret,
1402 2416 1550 2474 ibique
1583 2432 1610 2460 a
1644 2418 1865 2476 plerisque

391 2534 549 2610 {m‘fffi
569 2524 607 2560 Μ
705 2524 1114 2619 ιςῗιῗζῗζῒὲζῗὲεῗυ.
1132 2572 1175 2609 m
1231 2526 1254 2562 ⁶
1278 2525 1863 2613 ”³33¹1'2‘i‘253mb50011'321331‘1'

397 2630 408 2656 ι
456 2631 493 2656 ne
510 2621 734 2656 certatorem
754 2619 796 2653 A*
942 2631 987 2666 30
1011 2620 1219 2657 'feodorum
1238 2619 1262 2655 S
1360 2620 1617 2668 cirenensem]
1636 2634 1863 2669 grenensem

576 2677 615 2712 3¹
646 2670 829 2714 egyptum
856 2666 924 2702 ΒΜ

438 2767 461 2802 6
489 2766 587 2801 Talia
613 2777 693 2810 erqo
718 2768 788 2801 ete.
818 2776 934 2810 usque
960 2765 1006 2801 ad
1033 2767 1230 2801 consistunt
1258 2766 1339 2812 (645
1357 2765 1424 2811 Λ)ε
1460 2778 1492 2801 v.
1526 2767 1555 2802 A
1587 2766 1636 2803 ul.
1661 2770 1704 2803 de
1809 2781 1858 2808 m.

391 2814 484 2850 Plae.
503 2812 525 2848 i.
546 2823 579 2858 2,
599 2823 641 2858 3;
667 2812 713 2849 de
735 2812 883 2848 loannis
901 2812 1193 2850 saure-benensis
1219 2813 1381 2849 lectione
1400 2826 1430 2849 v.
1449 2813 1562 2850 Hilde
1593 2815 1685 2851 rand
1711 2816 1759 2852 ad
1801 2828 1859 2855 oc.

390 2871 430 2899 21
461 2863 640 2906 inqu-erc:
668 2862 822 2897 inurere
839 2859 949 2906 Apul.
1123 2870 1166 2897 22
1192 2861 1419 2898 Heraclidis:
1445 2862 1625 2899 uer-actito·
1641 2862 1753 2910 Apul.

507 2931 567 2965 10⁶
