1988 3250
208 188 297 229 620
308 186 339 228 d

308 311 338 352 d

207 1241 284 1282 621
303 1251 334 1281 a

682 190 944 236 IOANNIS
985 192 1498 237 SARESBERIENSIS
1646 180 1756 254 [ms.
1771 203 1823 258 γι
1884 255 1886 258 ¹
1952 200 1954 203 ’

355 311 437 355 Rei
466 312 669 370 publicae
698 329 850 358 omnes
879 317 1081 357 auctores
1115 328 1333 371 percurre,
1365 329 1514 357 rerum
1546 313 1824 372 publicarum

353 381 534 425 reuolue
572 383 793 437 historias,
833 384 931 427 uita
970 384 1115 427 ciuilis
1161 383 1246 426 tibi
1286 383 1450 427 rectius
1488 387 1534 427 et
1578 384 1825 442 elegantius

350 465 571 508 nusquam
591 455 800 496 occurret.
856 453 1103 510 Essentque
1123 452 1414 509 proculdubio
1432 453 1588 496 beatae
1607 453 1825 504 ciuitateS,

351 520 389 563 si
414 520 528 565 hanc
548 522 634 565 sibi
653 522 837 566 uiuendi
857 523 1210 580 praescriberent
1231 521 1433 566 formam.

352 656 459 715 Cap.
482 671 547 702 22.
579 657 706 712 Quod
724 659 823 702 sine
837 659 1098 715 prudentia
1119 663 1157 703 et
1177 657 1486 702 sollicitudine
1501 641 1664 702 &mullus
1677 657 1824 714 myi-
1843 665 1863 706 ⁵

467 730 636 771 stratus
655 728 857 772 subsistit
879 729 1136 782 incolumis,
1155 743 1234 772 ‘nec
1254 728 1380 785 ἀἱροῦ
1399 743 1470 772 fres
1481 727 1673 785 publica
1692 728 1827 771 cuius

468 801 606 854 caput
625 798 928 855 infimatur.-

412 888 528 933 Loca
547 904 722 946 quoque
745 891 1029 942 uenerabilia,
1050 890 1087 933 si
1115 905 1248 948 apum
1272 890 1485 933 insistant
1510 889 1725 947 uestigiis,
1750 888 1826 932 uia

350 959 785 1016 compendiosissima
833 963 879 1003 et
926 960 1136 1017 expedita
1184 960 1525 1017 proficiscuntur
1567 959 1625 1002 ad
1669 959 1824 1002 uitam.

350 1027 465 1071 Vide
503 1029 624 1086 apud
663 1029 892 1072 Maronem
939 1028 1233 1072 fundamenta
1280 1028 1537 1086 Cartaginis
1579 1031 1626 1071 et
1671 1040 1823 1071 earum
1843 1048 1887 1074 10

349 1097 584 1141 collatione
604 1098 759 1141 beatae
780 1099 904 1142 urbis
923 1099 1120 1156 auspicia
1140 1099 1307 1156 poteris
1326 1098 1552 1142 admirari.
1611 1097 1824 1141 Omnium

350 1181 542 1224 namque
573 1167 769 1210 laborem
803 1183 1080 1212 communem
1114 1183 1326 1226 agnosces
1361 1171 1407 1211 et
1437 1168 1660 1211 neminem
1691 1166 1825 1210 otiari

350 1236 579 1293 ipsamque
608 1237 808 1295 reginam
837 1238 964 1281 cuius
993 1253 1075 1295 ope
1094 1238 1292 1282 ciuitatis
1317 1241 1545 1291 structura
1574 1236 1803 1294 consurgit
1815 1249 1826 1289 3

351 1309 408 1359 et,
428 1306 466 1349 si
490 1306 632 1349 labori
659 1306 923 1350 inferiorum
943 1322 1103 1350 manus
1132 1322 1236 1351 suas
1266 1321 1547 1364 nequaquam
1567 1306 1826 1357 immisceat,

350 1375 499 1420 oculos
518 1379 668 1419 tamen
689 1376 908 1434 impendit
934 1377 1056 1434 operi
1084 1380 1130 1420 et
1156 1377 1296 1420 totius
1319 1377 1483 1419 mentis
1510 1378 1686 1419 exercet
1705 1374 1824 1418 solli·
1839 1392 1887 1438 '15

349 1445 607 1493 citudinem„
641 1446 783 1489 ·Nam
811 1447 906 1489 sine
933 1447 1171 1504 prudentia
1196 1450 1242 1490 et
1265 1446 1564 1490 sollicitudine
1584 1460 1674 1487 non
1694 1444 1826 1488 modo
1875 1446 1878 1449 '

350 1529 421 1558 res
450 1515 627 1572 publica
655 1530 745 1558 non
774 1516 974 1573 procedit
999 1516 1076 1559 sed
1102 1531 1182 1559 nec
1209 1516 1395 1558 minima
1423 1515 1627 1559 consistit
1656 1514 1825 1559 domus.

350 1584 479 1628 Vnde
506 1585 553 1627 in
577 1585 957 1628 commendatione
977 1585 1124 1628 Vlixis
1152 1585 1373 1628 Homerus
1400 1584 1440 1628 ei
1464 1584 1670 1628 comitem
1697 1584 1827 1628 docet

350 1668 523 1711 semper
552 1654 835 1711 prudentiam
867 1655 1055 1705 affuisse,
1086 1669 1220 1711 quam
1250 1654 1343 1697 ritu
1372 1654 1544 1711 poetico
1573 1653 1823 1696 Mineruam

350 1723 641 1781 nuncupauit.
702 1723 911 1767 Imitator
937 1739 1112 1781 quoque
1130 1724 1252 1766 illius
1273 1724 1411 1774 Maro,
1432 1723 1580 1766 uirum
1601 1723 1821 1781 insignem
1842 1740 1887 1766 ao

351 1794 488 1836 armis
515 1796 560 1836 et
591 1794 758 1850 pietate
792 1794 1043 1838 describens
1078 1795 1124 1836 et
1163 1808 1294 1850 quem
1333 1793 1520 1850 dignum
1559 1793 1733 1836 censuit
1770 1795 1824 1836 ut

351 1866 526 1920 patrem
558 1862 726 1906 faceret
756 1863 1068 1914 Romanorum,
1089 1863 1129 1906 ei
1160 1862 1207 1904 in
1241 1866 1359 1924 recte
1388 1862 1594 1920 gerendis
1618 1862 1824 1906 omnibus

351 1933 537 1976 Acatem
586 1932 786 1983 sociauit,
834 1947 886 1976 eo
935 1932 1053 1989 quod
1103 1931 1355 1975 sollicitudo
1404 1931 1668 1989 prudentiae
1711 1945 1825 1989 quae

350 2002 545 2060 gerenda
571 2005 678 2045 sunt
697 2002 938 2052 rectissime
964 2004 1207 2059 promouet,
1235 2005 1281 2045 et
1299 2001 1398 2044 uiro
1425 2001 1742 2058 circumspecto
1761 2001 1825 2045 sic

350 2072 531 2129 negotia
557 2086 687 2128 saepe
714 2071 959 2129 procedunt
982 2074 1035 2114 ut
1059 2070 1194 2113 nullis
1218 2070 1527 2113 insidiantium
1555 2069 1668 2112 dolis
1698 2084 1822 2127 prae·
1843 2088 1886 2124 ²5

349 2141 558 2199 pediatur
585 2144 630 2184 et
657 2140 783 2198 quasi
807 2140 1045 2183 inuisibilis
1073 2140 1149 2183 uia
1174 2140 1467 2198 gerendorum
1488 2154 1577 2182 non
1598 2139 1825 2196 publicata

349 2210 407 2254 ad
457 2211 590 2253 finem
641 2210 902 2253 intentionis
951 2209 1185 2267 perueniat
1228 2209 1512 2253 destinatum.
1585 2208 1825 2266 Eleganter

351 2353 372 2379 2
398 2341 586 2387 hystoriae
605 2341 677 2377 ΒΜ
774 2350 795 2386 7
822 2352 865 2377 ca
895 2340 944 2377 ud
961 2339 1019 2378 As
1130 2351 1171 2378 12
1197 2352 1398 2378 comunem
1417 2339 1441 2377 S
1550 2341 1591 2377 18
1616 2351 1765 2377 omerus
1783 2339 1823 2377 M

310 2407 313 2410 >
354 2399 399 2435 19
423 2388 574 2426 affuisse
592 2387 836 2436 prudentiam
889 2387 898 2408 ¹
1043 2399 1089 2426 20
1113 2400 1238 2425 marro
1256 2389 1295 2425 M
1440 2398 1486 2425 22
1511 2390 1614 2425 recte
1632 2387 1673 2424 in
1692 2388 1746 2424 M·

404 2508 446 2534 10
470 2499 571 2544 apud
588 2499 796 2534 Maronem:
824 2510 856 2535 v.
873 2497 985 2544 Verg.
1005 2499 1096 2534 Aen.
1116 2496 1140 2535 i.
1158 2507 1227 2543 423
1239 2509 1339 2544 seqq.
1437 2509 1582 2533 earum:
1609 2508 1658 2534 sc.
1681 2509 1822 2545 apum:

350 2557 384 2583 v.
401 2544 513 2591 Vsrg.
531 2547 621 2581 Aen.
641 2545 665 2580 i.
684 2555 756 2590 430
766 2557 867 2591 seqq.
1042 2555 1082 2590 13
1107 2547 1268 2591 reyinam
1288 2548 1379 2582 etc.:
1405 2557 1435 2580 v.
1455 2545 1566 2592 Verg.
1582 2546 1676 2582 Aen.
1696 2545 1720 2582 i.
1741 2556 1823 2593 507,

355 2595 433 2640 508.
625 2595 664 2629 18
698 2594 814 2628 Vlixis
831 2595 901 2629 etc.
917 2603 925 2629 :
952 2605 983 2629 v.
1002 2592 1115 2639 Apul.
1135 2595 1177 2628 de
1195 2594 1270 2630 Deo
1287 2595 1382 2629 Socr.
1401 2604 1434 2629 0.
1452 2603 1508 2637 24.
1701 2604 1758 2637 20,
1777 2604 1819 2631 21
1850 2635 1852 2639 ¹

351 2641 428 2677 insi
451 2652 530 2676 nem
546 2641 663 2677 armis
680 2645 711 2675 et
722 2642 877 2687 pietate:
904 2653 935 2676 v.
956 2640 1065 2687 Verg.
1086 2642 1175 2675 Aen.
1192 2640 1238 2675 vi.
1255 2651 1335 2686 403.
1528 2650 1572 2685 23
1597 2641 1823 2679 sollicitudo:

351 2686 400 2724 cf.
447 2699 520 2725 erv.
542 2689 673 2725 Comm.
691 2690 729 2723 in
756 2689 851 2733 Very.
872 2690 961 2724 Aen.
984 2691 1004 2724 ι’.
1025 2698 1092 2733 3¹²
1109 2689 1272 2723 diximus
1287 2689 1424 2734 quaeri,
1438 2699 1505 2723 cur
1515 2688 1669 2723 Achates
1681 2691 1824 2726 Aeneae

349 2738 396 2771 cit
414 2747 535 2771 comen.
593 2737 703 2771 Van-ia
719 2737 861 2782 quidem
878 2737 1060 2781 dicuntur,
1078 2737 1206 2770 melius
1221 2741 1339 2771 tamen
1357 2737 1419 2770 hoc
1426 2737 1598 2781 finyitur,
1610 2740 1650 2770 ut
1668 2741 1823 2773 tractum

350 2794 478 2819 nomen
491 2785 538 2818 uie
555 2795 577 2818 a
595 2784 732 2819 Graeca
742 2784 965 2830 etymolom'a.
990 2781 1101 2829 ’Λχος
1114 2785 1210 2819 enim
1222 2785 1359 2819 dicitur
1366 2784 1580 2826 sollicitudo,
1592 2795 1682 2830 quae
1699 2795 1824 2830 reyum

349 2842 490 2877 temper
503 2835 552 2866 eu
568 2842 690 2867 comes.

460 2899 502 2936 62
