1988 3250
252 199 330 242 ⁷5·
346 199 378 237 a
700 184 901 231 IOANN
903 185 962 232 IS
1000 181 1514 234 SARESBERIENSIS
1632 179 1745 241 [mn.
1758 191 1853 227 vm

391 307 512 352 modi
545 306 750 352 confudit
780 305 1022 351 audaciam.
1096 303 1209 347 Cum
1241 303 1359 350 enim
1394 303 1435 346 ei
1473 305 1688 360 patronus
1721 302 1854 346 datus

344 382 376 423 b
394 380 509 421 essct
546 392 575 420 a
612 376 756 420 iudice
794 375 1080 427 celebraturo,
1119 376 1173 416 ut
1220 373 1477 430 putabatur,
1515 373 1771 425 diuortium,
1808 374 1855 419 et

393 446 555 491 mulier
600 460 824 504 generosa,
858 443 1144 488 audientibus
1194 442 1346 485 amicis
1392 444 1438 486 et
1474 442 1855 500 suffragatoribus,

393 516 622 567 aduocato,
641 517 694 559 ut
722 515 787 566 fit,
806 514 1067 572 diligentius
1096 511 1257 555 merita
1285 525 1443 555 causae
1472 526 1577 555 suae
1605 514 1856 569 exponeret,

395 589 620 630 scrutatus
649 588 718 628 est
746 584 804 628 ab
832 598 886 627 ea
913 583 985 625 uir
1014 581 1209 640 prudens
1237 596 1296 624 an
1321 580 1458 623 alium
1484 581 1696 624 maritum
1717 595 1855 637 quan-
1875 595 1895 630 5

395 655 538 712 doque
558 654 777 698 habuerit.
837 653 965 707 Quod
989 667 1090 696 cum
1117 651 1195 694 illa
1217 652 1433 708 negasset,
1453 650 1675 707 quaesiuit
1694 650 1858 693 iterum

399 739 459 768 an
488 724 633 768 adhuc
673 724 804 781 uirgo
848 725 974 772 esset,
1003 721 1153 764 dicens
1194 720 1276 763 hoc
1306 719 1391 762 sibi
1421 719 1639 776 inquisitu
1670 722 1715 762 et
1743 719 1859 762 scitu

397 793 783 852 pernecessarium,
803 807 858 835 ne
890 806 918 834 a
952 791 1142 834 discreto
1181 789 1325 833 iudice
1367 792 1597 846 caperetur
1635 788 1860 833 occasione

398 864 548 920 aliqua
566 863 615 905 in
634 877 844 906 sermone.
889 861 975 904 Illa
994 874 1100 903 uero
1119 860 1213 910 hoc,
1229 858 1475 902 uerecunde
1495 861 1658 909 tamen,
1670 872 1721 901 eo
1742 856 1862 914 quod

398 932 484 976 sibi
523 947 612 976 non
640 932 751 975 bene
785 930 1058 980 credebatur,
1094 928 1294 972 asseruit.
1354 927 1414 970 Et
1442 927 1516 971 ille
1556 941 1615 970 an
1644 927 1776 970 simul
1805 926 1861 970 de
1880 939 1924 967 ιο

399 1004 534 1047 noctu
573 1001 763 1044 dormire
809 998 1120 1044 consueuerint
1168 1001 1214 1040 et
1253 1012 1299 1040 se
1338 996 1529 1039 inuicem
1577 995 1768 1039 osculari
1815 998 1863 1041 eb

399 1070 644 1128 amplexari
674 1070 863 1113 maritus
892 1072 938 1112 et
966 1068 1074 1125 ipsa,
1103 1066 1350 1124 inquisiuit.
1425 1065 1548 1119 Quae
1579 1065 1729 1108 omnia
1762 1079 1864 1109 cum

400 1140 478 1184 illa
517 1139 757 1183 fateretur:
806 1138 934 1182 Vnde
974 1151 1090 1195 ergo,
1125 1136 1272 1193 inquit
1310 1138 1537 1193 patronus,
1569 1134 1701 1186 nosti,
1735 1134 1865 1192 uirgo

400 1209 685 1267 pudicissima
704 1207 1050 1265 prudentissima
1069 1209 1115 1249 et
1140 1204 1495 1262 pudoratissima,
1511 1204 1627 1261 quod
1648 1203 1865 1248 efficacem

361 1294 388 1331 ς,
403 1281 548 1322 tecum
575 1293 665 1321 non
691 1277 944 1335 impleuerit
963 1276 1110 1319 uirum
1131 1278 1177 1318 et
1195 1274 1335 1318 totius
1353 1273 1626 1317 matrimonii
1646 1273 1746 1317 iura
1763 1287 1864 1331 per·
1883 1289 1925 1328 ,15

401 1347 614 1392 soluerit?
674 1347 785 1400 Quis
815 1349 860 1390 te
899 1345 1051 1389 docuit
1082 1344 1190 1402 quid
1221 1344 1281 1387 sit
1310 1343 1463 1394 coitus,
1495 1345 1548 1386 ut
1583 1357 1683 1386 eum
1717 1345 1866 1387 tecum

401 1417 555 1462 coiisse
584 1431 719 1474 neges
747 1416 866 1459 inter
895 1417 965 1459 tot
996 1414 1156 1465 oscula,
1185 1415 1255 1457 tot
1283 1413 1526 1470 amplexus,
1555 1412 1632 1469 qui
1663 1412 1868 1469 quotiens

402 1486 546 1530 uoluit
577 1485 870 1543 pertractauit
904 1484 1084 1528 licentia
1116 1482 1346 1526 maritali?
1406 1482 1524 1525 Nam
1565 1484 1612 1524 et
1651 1481 1868 1538 quaedam

403 1556 651 1599 animantia
669 1559 839 1598 certum
858 1556 926 1597 est
944 1568 991 1597 se
1018 1553 1206 1596 inuicem
1226 1551 1463 1595 osculando
1483 1550 1655 1594 misceri
1672 1564 1682 1603 ;
1712 1550 1800 1594 alia
1820 1565 1868 1594 se

404 1625 599 1669 tenuiter
618 1624 842 1682 tangendo
862 1623 1140 1680 concipiunt;
1169 1624 1215 1665 et
1244 1623 1350 1665 sunt
1370 1635 1482 1678 quae
1502 1634 1582 1663 suo
1601 1619 1866 1678 grauidante
1886 1629 1930 1655 ²0

403 1694 547 1739 calore
570 1694 627 1737 ab
653 1708 754 1738 aere
783 1696 1029 1751 temperato
1057 1692 1424 1748 impraegnantur
1452 1692 1498 1732 et
1526 1689 1719 1746 pariunt.
1779 1689 1868 1734 Hic

405 1764 483 1808 illa
502 1764 680 1807 tandem
702 1763 892 1814 erubuit,
907 1763 989 1806 hoc
1008 1761 1150 1805 solum
1171 1760 1331 1811 dicens,
1343 1774 1389 1803 se
1410 1759 1517 1816 quid
1537 1759 1594 1802 ad
1615 1757 1869 1805 huiusmodi

407 1833 631 1890 captiones
670 1832 860 1876 hisceret
899 1846 988 1875 non
1027 1830 1200 1874 habere.
1274 1829 1362 1873 Sed
1401 1829 1512 1872 bene
1544 1842 1644 1872 cum
1678 1827 1870 1885 philoso-

408 1902 663 1960 phantibus,
694 1902 740 1945 id
771 1905 839 1945 est
872 1915 973 1945 cum
1005 1899 1184 1959 clericis,
1215 1899 1378 1957 agitur,
1409 1898 1526 1955 quod
1558 1912 1687 1941 nemo
1719 1911 1871 1941 eorum

409 1971 600 2030 frigidus
639 1974 707 2015 est
744 1973 824 2015 aut
863 1971 910 2014 in
950 1969 1113 2013 iudicio
1151 1968 1358 2026 perfusus
1397 1967 1649 2011 huiusmodi
1688 1966 1872 2012 macula.
1891 1977 1936 2014 ²5

362 2045 391 2086 d
409 2040 574 2094 Cicero,
598 2043 781 2098 rogatus
806 2043 859 2083 ut
884 2041 985 2096 post
1005 2038 1237 2096 repudium
1259 2037 1490 2081 Terentiae
1510 2051 1703 2080 sororem
1731 2035 1873 2079 Hirtii

407 2111 598 2162 duceret,
628 2110 807 2154 omnino
838 2108 981 2153 facere
1010 2108 1268 2166 supersedit,
1299 2107 1448 2150 dicens
1477 2121 1523 2150 se
1552 2121 1641 2149 non
1671 2121 1798 2163 posse
1827 2109 1874 2150 et

408 2180 539 2223 uxori
579 2182 625 2222 et
663 2177 966 2236 philosophiae
1005 2177 1174 2234 pariter
1212 2190 1391 2233 operam
1431 2175 1550 2219 dare.
1618 2175 1873 2234 Philippum

409 2263 557 2306 regem
594 2247 894 2297 Macedonum,
925 2249 1080 2290 contra
1112 2260 1242 2302 quem
1283 2244 1562 2287 Demostenis
1603 2243 1874 2302 Philippicae

412 2319 583 2370 tonant,
599 2317 896 2360 introeuntem
918 2329 973 2359 ex
994 2329 1114 2359 more
1134 2313 1385 2358 cubiculum
1398 2327 1514 2356 uxor
1527 2313 1716 2356 exclusit
1736 2313 1875 2368 irata;
1893 2325 1936 2360 30

411 2434 445 2476 8,
463 2442 487 2478 9
511 2432 639 2477 aliqua
655 2430 852 2468 occasione
870 2428 917 2467 A¹
1077 2439 1121 2474 14
1146 2430 1184 2466 et
1201 2440 1269 2466 om.
1287 2427 1325 2464 M
1488 2436 1530 2474 17
1553 2432 1633 2475 post
1650 2426 1716 2475 qui
1732 2428 1818 2465 add.
1835 2430 1875 2470 te

412 2491 481 2528 pro
500 2478 612 2516 libitu
630 2477 654 2514 S
672 2490 784 2525 mar-9.
927 2487 974 2516 20
997 2475 1189 2524 tangendo
1206 2475 1371 2513 tenuiter
1390 2473 1435 2511 Αι

413 2583 565 2622 credere
583 2583 744 2621 eundem
765 2581 926 2618 viculum
943 2591 1022 2619 eme
1043 2578 1108 2626 qui
1133 2578 1245 2616 hodic
1271 2578 1490 2625 appellatur
1513 2579 1729 2623 Hdmum'lle,
1747 2584 1878 2618 canton

412 2633 455 2670 do
477 2632 662 2673 Cam-Eae,
681 2632 983 2666 arrandisument
999 2630 1042 2663 de
1062 2629 1167 2670 Cam,
1186 2629 1426 2673 ddpartement
1443 2628 1485 2662 de
1503 2627 1687 2663 Calvados.
1835 2636 1878 2675 19

413 2681 569 2716 inuicem
586 2679 776 2715 onculcmdo
794 2678 934 2713 misceri
946 2687 954 2713 :
983 2675 1044 2712 Sic
1063 2674 1109 2711 de
1126 2674 1243 2712 cervis
1265 2673 1495 2711 Abaelardus
1518 2675 1631 2710 Sco-m.
1658 2673 1730 2710 xvi.
1747 2675 1788 2710 in
1812 2677 1875 2711 oct.

413 2728 557 2765 Auoenn.
579 2725 650 2772 (ed.
668 2724 804 2761 Counin
824 2724 845 2760 i.
865 2725 959 2771 476).
1058 2724 1103 2759 26
1131 2725 1250 2758 Cicero
1266 2723 1360 2759 etc:
1390 2720 1542 2758 Hieron.
1561 2722 1637 2757 adv.
1655 2722 1771 2759 Iovin.
1787 2719 1812 2758 i.
1830 2721 1878 2766 48

433 2773 560 2828 aigne
579 2774 619 2857 11’.
637 2774 678 2809 L.
698 2771 801 2810 xxiii.
820 2774 915 2818 278).
1057 2773 1102 2808 28
1128 2771 1340 2816 Philippum
1358 2771 1432 2807 etc.
1448 2780 1564 2815 usque
1583 2768 1632 2806 ad
1649 2769 1851 2817 emicabat
1867 2778 1876 2805 ε

454 2832 569 2860 1eron.
603 2832 657 2859 .o.

524 2901 590 2935 300
