1988 3250
193 185 294 220 oar.
310 171 404 232 111]
711 167 1150 218 POLICRATICVS

193 291 540 342 iurisdictionem
555 303 707 333 eorum
722 292 819 332 tota
837 287 1112 332 concesserit.
1170 287 1234 330 Vt
1253 287 1371 330 enim
1392 287 1574 344 quidam
1594 287 1661 331 ait

195 360 358 419 (uerbis
377 373 566 416 namque
585 357 868 401 manentibus
886 371 1047 399 nomen
1068 355 1274 414 excidit):

280 451 438 496 Garcio
468 450 653 507 quisque
682 449 793 492 duas
822 451 1058 505 postquam
1089 447 1173 490 scit
1202 447 1385 503 iungere
1415 450 1576 503 partes,

279 510 342 554 sic
371 512 473 559 stat,
503 508 565 552 sic
594 507 794 564 loquitur
822 506 948 549 uelut
978 520 1130 548 omnes
1158 505 1336 548 nouerit
1365 508 1496 548 artes.

156 624 176 658 5
193 607 260 651 De
288 605 523 664 generibus
551 608 597 648 et
630 604 856 662 speciebus
889 618 1051 646 nouam
1086 602 1216 645 affert
1250 602 1516 644 sententiam
1549 617 1662 659 quae

193 676 398 720 Boetium
427 674 572 725 latuit,
599 689 730 731 quam
765 673 920 716 doctus
946 672 1073 715 Plato
1104 671 1303 722 nesciuit,
1333 675 1379 714 et
1413 686 1546 728 quam
1578 671 1662 715 iste

192 744 311 788 felici
340 747 458 788 sorte
487 744 535 786 in
564 743 742 786 secretis
762 742 1008 785 Aristotilis
1037 756 1179 798 nuper
1208 740 1395 784 inuenit.
1456 740 1661 783 Veterem

193 816 376 872 paratus
406 816 473 856 est
502 812 671 856 soluere
702 811 1003 869 quaestionem
1034 811 1081 852 in
1112 825 1201 867 qua
1230 810 1436 853 laborans
1468 809 1662 851 mundus

193 883 282 926 iam
302 882 461 935 senuit,
481 882 528 924 in
549 896 637 939 qua
656 881 756 938 plus
776 880 988 938 temporis
1015 883 1326 937 consumptum
1354 883 1422 922 est
1451 894 1585 936 quam
1614 878 1661 921 in

59 987 62 990 -
137 971 180 998 ιο
193 952 466 1010 adquirendo
486 954 531 995 et
551 951 743 1008 regendo
773 950 892 994 orbis
919 949 1104 1007 imperio
1131 949 1454 1006 consumpserit
1474 948 1663 992 Cesarea

193 1021 360 1072 domus,
375 1021 475 1079 plus
494 1020 679 1064 effusum
699 1020 910 1077 pecuniae
931 1034 1064 1076 quam
1084 1019 1131 1061 in
1152 1019 1357 1061 omnibus
1376 1018 1549 1061 diuitiis
1569 1017 1662 1060 suis

162 1085 165 1088 '
192 1090 436 1150 possederit
452 1089 624 1134 Cresus.
667 1089 789 1132 Haec
805 1089 922 1132 enim
938 1092 1031 1132 tam
1048 1088 1126 1131 diu
1141 1088 1306 1130 multos
1321 1087 1468 1130 tenuit
1483 1091 1546 1137 ut,
1559 1101 1659 1130 cum

193 1160 276 1204 hoc
304 1174 443 1203 unum
473 1159 520 1202 in
549 1161 646 1202 tota
674 1158 772 1202 uita
801 1161 1075 1215 quaererent,
1107 1157 1287 1200 tandem
1317 1172 1396 1200 nec
1428 1156 1549 1199 istud
1581 1170 1661 1200 nec

193 1229 316 1273 aliud
335 1229 611 1282 inuenirent;
651 1230 696 1271 et
720 1227 836 1271 forte
856 1228 955 1271 ideo
976 1228 1081 1285 quia
1100 1227 1348 1270 curiositati
1369 1241 1458 1269 non
1478 1226 1663 1269 sufficie-

138 1315 176 1351 15
194 1298 272 1342 bat
292 1298 339 1341 in
359 1298 422 1341 eis
442 1297 559 1355 quod
580 1298 721 1340 solum
738 1297 886 1355 potuit
900 1297 1106 1340 inueniri.
1167 1296 1298 1347 Nam,
1313 1296 1429 1339 sicut
1443 1296 1490 1337 in
1506 1295 1666 1338 umbra

194 1367 428 1412 cuiuslibet
458 1366 653 1424 corporis
680 1366 850 1410 frustra
879 1366 1119 1409 soliditatis
1143 1366 1396 1409 substantia
1422 1365 1663 1422 quaeritur,

194 1437 257 1482 sic
276 1437 324 1480 in
343 1436 413 1480 his
438 1451 551 1494 quae
578 1436 879 1494 intelligibilia
898 1439 1004 1480 sunt
1027 1435 1266 1478 dumtaxat
1286 1438 1332 1478 et
1351 1434 1666 1478 uniuersaliter

194 1506 363 1564 concipi
406 1520 486 1550 nec
531 1509 682 1549 tamen
728 1505 1043 1548 uniuersaliter
1088 1520 1181 1548 esse
1224 1508 1405 1562 queunt,
1444 1504 1665 1546 solidioris

196 1575 458 1619 existentiae
473 1575 724 1618 substantia
738 1589 1017 1632 nequaquam
1034 1574 1275 1618 inuenitur.
1334 1574 1389 1616 In
1410 1574 1480 1616 his
1500 1577 1665 1616 etatem

139 1664 182 1690 ao
197 1647 338 1688 terere
376 1644 513 1688 nichil
553 1645 726 1703 agentis
766 1648 811 1688 et
850 1644 1021 1687 frustra
1059 1644 1304 1687 laborantis
1344 1647 1434 1694 est;
1479 1643 1667 1686 nebulae

196 1714 411 1771 siquidem
433 1717 539 1758 sunt
558 1729 705 1758 rerum
727 1714 954 1772 fugacium
976 1718 1032 1764 et,
1053 1729 1152 1758 cum
1175 1717 1454 1771 quaeruntur
1477 1713 1666 1762 auidius,

195 1783 327 1827 citius
350 1787 630 1827 euanescunt.
691 1784 949 1841 Expediunt
973 1784 1087 1827 hanc
1114 1787 1317 1826 auctores
1344 1782 1498 1825 multis
1522 1783 1665 1826 modis

194 1853 417 1910 uariisque
437 1853 711 1896 sermonibus
731 1856 788 1906 et,
808 1853 914 1896 dum
936 1853 1241 1896 indifferenter
1271 1852 1420 1895 uerbis
1446 1852 1515 1894 usi
1546 1855 1664 1902 sunt,

195 1922 344 1965 uarias
372 1922 599 1980 opiniones
629 1923 802 1966 munire
834 1923 921 1966 uisi
956 1927 1063 1966 sunt
1094 1926 1140 1965 et
1171 1922 1379 1980 litigiosis
1410 1921 1665 1964 hominibus

139 2008 180 2043 ²5
196 1991 383 2034 multam
406 1992 699 2035 contendendi
724 1992 956 2035 materiam
982 1992 1269 2049 reliquerunt.
1315 1991 1426 2034 Inde
1446 1995 1513 2034 est
1534 1991 1664 2048 quod,

197 2060 476 2104 sensibilibus
495 2061 680 2118 aliisque
696 2062 996 2120 singularibus
1012 2061 1311 2119 apprehensis,
1327 2061 1535 2118 quoniam
1557 2061 1665 2104 haec

196 2129 290 2173 sola
308 2130 525 2174 ueraciter
548 2145 640 2174 esse
666 2130 888 2181 dicuntur,
908 2146 960 2174 ea
983 2131 1031 2173 in
1056 2131 1256 2174 diuersos
1276 2134 1423 2173 status
1443 2131 1665 2182 subuehit,

197 2211 278 2255 pro
317 2213 503 2255 quorum
542 2199 714 2242 ratione
753 2199 800 2243 in
844 2199 953 2259 ipsis
1004 2199 1305 2257 singularibus
1352 2199 1667 2257 specialissima

197 2268 612 2326 generalissimaque
642 2270 887 2314 constituit.
963 2269 1081 2314 Sunt
1116 2270 1193 2327 qui
1228 2284 1349 2312 more
1384 2269 1666 2313 mathemati-

141 2354 183 2388 30
199 2351 349 2381 corum
375 2337 541 2382 formas
569 2339 846 2391 abstrahunt,
872 2343 918 2383 et
942 2340 999 2382 ad
1029 2339 1130 2383 illas
1159 2339 1370 2397 quicquid
1403 2340 1458 2383 de
1487 2340 1667 2383 uniuer-

199 2461 309 2547 gne-ig
321 2462 472 2510 quidam
489 2462 556 2500 SM
727 2473 746 2511 5
772 2464 966 2511 speciebus
984 2466 1024 2502 et
1040 2465 1243 2512 generibus
1259 2465 1292 2502 A
1467 2467 1508 2503 18
1534 2468 1666 2503 tamen

250 2629 270 2664 3
300 2619 453 2655 Gar-cio:
479 2618 535 2656 De
562 2619 634 2657 hoc
658 2620 840 2657 vocabulo
868 2633 900 2657 v.
927 2620 1109 2668 Ducange
1138 2621 1207 2658 sub
1232 2633 1311 2658 voc.
1339 2620 1421 2665 (ubi
1446 2623 1577 2658 tamen
1601 2621 1666 2658 hic

202 2665 307 2703 locus
323 2666 420 2702 male
437 2678 460 2720 a
476 2668 605 2720 Polfcr.
622 2667 669 2703 iv.
689 2679 702 2704 1
713 2678 734 2704 2
752 2667 930 2713 citatur->3
955 2668 1046 2705 hinc
1061 2681 1194 2717 yar-fon
1206 2669 1352 2705 habent
1365 2668 1465 2705 Galli
1479 2668 1667 2705 hodierni.

207 2721 249 2759 15
275 2715 317 2748 in
339 2714 410 2749 eis:
441 2725 467 2749 ι.
482 2725 515 2751 e.
538 2725 578 2750 in
598 2713 796 2759 generibus
819 2717 860 2752 et
882 2716 1092 2762 speciebus.
1142 2716 1227 2752 Non
1250 2727 1343 2762 opus
1365 2718 1422 2752 est
1445 2716 1668 2753 coniectura

203 2761 387 2796 inuenisse
410 2772 522 2805 quam
547 2762 664 2798 refert
695 2761 1062 2799 Schaarschmidtius
1093 2764 1170 2799 Ioh.
1196 2765 1375 2799 Saresber.
1401 2776 1437 2810 p.
1464 2773 1544 2810 314,
1570 2776 1607 2800 n.
1634 2774 1666 2801 2.

204 2808 312 2853 Nam,
328 2809 420 2843 sicut
437 2809 533 2845 etc.:
559 2808 654 2845 Cum
669 2809 913 2855 sequentibus
930 2810 977 2847 of.
995 2812 1118 2850 Metal.
1136 2809 1176 2847 ii.
1199 2820 1254 2856 17,
1271 2821 1329 2847 20.

1496 2891 1556 2924 141

1675 169 1765 216 664
1785 177 1810 209 c

1676 1086 1705 1126 d

1682 1995 1768 2045 665
1787 2006 1817 2035 a
