1988 3250
288 198 371 248 ⁷48
389 197 419 240 a
762 175 1024 237 IoANNIS
1062 191 1577 237 SARESBERIENSIS
1676 191 1790 254 [m.
1805 205 1898 239 vm

433 358 540 418 Cap.
564 372 630 405 11.
676 358 742 403 De
760 358 975 404 ‘molestiis
1001 362 1042 403 et
1067 358 1280 404 mribus
1301 360 1628 418 coniuyiomm
1645 360 1898 405 secundum

547 427 839 473 Ieronismum
867 433 907 472 et
936 429 1050 473 alios
1074 429 1356 487 philosophos
1366 449 1385 482 ;
1418 435 1457 474 et
1488 431 1542 474 de
1564 429 1764 488 pernicie
1792 428 1898 473 libi-

547 497 702 550 dini-33
733 498 787 542 de
805 497 1019 542 mulieris
1037 498 1291 556 Ephe-sinae
1313 503 1352 543 et
1370 499 1604 544 similium
1611 499 1719 557 fide.

492 598 620 642 Sicut
639 613 744 656 ergo
764 599 979 642 sobrietas
1007 599 1055 641 in
1080 599 1299 643 conuiuiis
1318 601 1564 644 necessaria
1583 603 1662 653 est,
1681 600 1748 643 ita
1766 599 1899 642 rebus

431 668 637 712 omnibus
656 682 830 712 neeesse
857 671 924 711 est
950 668 1102 712 adesse
1121 669 1393 713 modestiam.
1453 669 1682 726 Siquidem
1703 669 1758 712 de
1777 671 1898 711 satu·
1918 682 1939 718 5

431 737 567 780 ritate
586 737 736 788 libido,
755 737 811 780 de
837 737 1021 780 libidine
1047 737 1333 780 immunditia
1360 741 1406 781 et
1428 738 1665 795 multiplex
1684 737 1900 795 pernicies

431 810 682 865 generatur.
732 807 796 850 At
816 821 873 849 ex
892 806 963 849 his
981 806 1119 849 nichil
1139 807 1225 849 nisi
1241 807 1366 850 dolor
1380 807 1654 864 penitudinis
1674 807 1900 864 sequitur;

432 879 479 919 et
498 875 609 918 bene
630 875 782 933 agitur
806 890 906 918 cum
934 875 1244 926 moerentibus,
1265 875 1302 918 si
1332 875 1562 919 fructuosa
1588 876 1648 919 sit
1674 875 1900 932 penitudo.

282 968 367 1008 749
387 969 417 999 a
431 944 560 988 Vnde
589 945 787 987 hebetati
821 944 965 988 cordis
993 944 1174 987 uidetur
1201 945 1351 1002 opinio
1380 959 1494 1002 quae
1525 945 1620 988 sine
1650 944 1900 1001 expletione
1952 966 1957 972 ·

431 1013 630 1057 libidinis
656 1013 819 1056 diffinit
842 1012 1084 1070 perfectam
1111 1027 1200 1056 non
1225 1028 1318 1056 esse
1341 1013 1630 1071 uoluptatem.
1688 1012 1902 1056 Traditur
1920 1029 1964 1054 xo

432 1083 515 1127 hoc
542 1084 728 1126 sensisse
759 1083 1011 1140 Epicurum.
1072 1082 1160 1125 Sed
1193 1083 1405 1140 quicquid
1435 1083 1585 1141 gregis
1614 1083 1736 1126 illius
1764 1097 1901 1140 grun*

432 1152 562 1195 niant
591 1166 703 1203 sues,
723 1154 818 1194 tam
847 1150 1123 1194 immundam
1151 1154 1197 1194 et
1225 1154 1319 1194 tam
1350 1151 1576 1195 funestam
1606 1166 1759 1196 uocem
1789 1151 1903 1195 nulli

433 1221 796 1278 philosophorum
808 1220 1001 1263 arbitror
1015 1220 1242 1277 placuisse,
1257 1220 1421 1263 nedum
1438 1220 1639 1278 Epicuro,
1655 1221 1733 1277 qui
1748 1223 1903 1265 tantus

434 1290 525 1334 fuit
554 1293 608 1334 ut
638 1290 756 1333 inter
784 1289 1068 1347 philosophos
1101 1290 1326 1347 propriam
1358 1289 1514 1334 fecerit
1547 1293 1723 1334 sectam.
1784 1290 1903 1334 Sunt

434 1361 528 1405 eius
560 1363 739 1403 auctore
772 1359 938 1402 Seneca
969 1359 1148 1417 egregia
1178 1359 1332 1412 multa,
1365 1374 1478 1417 quae
1513 1360 1678 1417 passim
1715 1361 1902 1418 possunt
1921 1370 1963 1406 Ῑ5

433 1429 553 1487 apud
587 1428 870 1486 philosophos
899 1428 1092 1470 inueniri
1122 1431 1168 1471 et
1197 1443 1278 1486 pro
1312 1432 1440 1485 parte
1479 1444 1686 1487 expressa
1717 1431 1823 1472 sunt
1857 1431 1904 1473 et

433 1501 643 1555 congesta
662 1498 708 1540 in
729 1497 843 1540 libro
858 1497 935 1554 qui
955 1497 1023 1540 De
1038 1497 1261 1555 Vesffigiis,
1277 1497 1371 1541 siue
1387 1497 1454 1541 De
1467 1497 1686 1555 Dogmate
1707 1498 1903 1542 Philoso-

435 1567 625 1625 phorum
640 1566 908 1610 inscribitur.
950 1566 1106 1609 Silleni
1121 1567 1238 1610 senis
1258 1567 1498 1610 inueterati
1513 1567 1694 1610 uidetur
1708 1566 1904 1610 amentia

434 1637 583 1694 potius
613 1651 746 1693 quam
781 1636 1003 1679 sententia
1036 1636 1299 1694 philosophi,
1331 1639 1377 1680 et
1411 1640 1480 1680 est
1513 1640 1631 1681 certe
1662 1636 1796 1680 asello
1830 1635 1903 1680 cui

433 1706 656 1749 insidebat
702 1706 876 1748 brutior
909 1705 981 1749 cui
1021 1706 1104 1749 hoc
1148 1707 1349 1763 nequitia
1388 1706 1537 1764 potuit
1576 1706 1772 1750 suadere.
1846 1705 1902 1749 Id
1922 1719 1967 1745 πο

434 1775 580 1832 ipsum
594 1775 710 1818 forte
723 1775 919 1818 innuunt
933 1775 1146 1833 figmenta
1160 1776 1397 1834 gentilium
1413 1791 1525 1834 quae
1545 1776 1735 1819 delirum
1755 1789 1904 1819 senem

435 1844 543 1888 uino
577 1848 838 1895 estuantem,
867 1844 967 1888 aliis
1002 1847 1188 1889 naturae
1223 1846 1632 1904 obtemperantibus
1671 1848 1717 1888 et
1756 1844 1905 1902 quiete

390 1922 420 1962 b
438 1913 556 1957 fessa
594 1914 895 1958 recreantibus
934 1928 1128 1971 corpora,
1168 1914 1325 1959 Lotide
1364 1930 1471 1972 prae
1518 1914 1676 1959 ceteris
1724 1917 1905 1972 captum

436 1983 639 2027 referunt
668 1987 714 2027 et
743 1982 923 2026 tandem
952 1997 1053 2028 cum
1083 1984 1281 2028 omnium
1311 1985 1514 2028 irrisione
1540 1998 1671 2042 quem
1700 1998 1780 2028 nec
1809 1986 1906 2028 etas

437 2126 453 2156 ι
482 2115 689 2154 honeribus
705 2115 751 2152 A¹
899 2125 938 2154 11
966 2127 1078 2164 grues
1095 2116 1135 2153 M
1279 2127 1324 2154 22
1350 2116 1703 2165 optemperantibus
1719 2115 1753 2153 A

488 2237 525 2264 11
554 2228 672 2273 yreyn'e
688 2229 781 2265 ete:
806 2238 838 2263 v.
857 2226 943 2263 Hor.
962 2227 1033 2272 Ep.
1053 2225 1079 2262 i.
1097 2237 1132 2272 4.
1155 2227 1209 2263 16.
1321 2228 1443 2264 illius:
1468 2237 1518 2263 sc.
1535 2225 1701 2273 Epicuri.
1860 2234 1903 2274 13

435 2280 580 2311 auctore
596 2276 750 2311 Seneca:
775 2286 807 2310 v.
827 2274 912 2311 Seu.
931 2275 1002 2320 Ep.
1023 2275 1043 2310 8
1063 2273 1081 2320 ξ
1101 2275 1134 2318 8,
1151 2284 1193 2310 21
1217 2273 1234 2321 §
1255 2284 1288 2320 9.
1412 2283 1453 2319 17
1479 2276 1569 2310 libro
1586 2276 1649 2320 qui
1665 2275 1719 2310 De
1741 2275 1908 2320 Vestiyt'n's

437 2326 535 2359 etc.:
575 2334 627 2359 sc.
654 2321 848 2365 Flaviani;
886 2333 919 2358 v.
946 2333 1060 2367 supra
1094 2320 1135 2357 ii.
1164 2323 1208 2358 26
1240 2320 1379 2368 (4603)
1408 2324 1447 2358 et
1473 2333 1610 2358 comm.
1635 2321 1684 2358 ad
1708 2321 1801 2364 loo.;
1839 2320 1907 2358 ubi

436 2369 668 2407 auctoritate
693 2367 1030 2406 Schaarnchmidtii
1050 2370 1218 2412 (lohann.
1243 2371 1382 2406 Saresb.
1408 2381 1471 2416 pp.
1502 2379 1566 2415 103
1577 2381 1614 2406 se
1672 2367 1696 2414 .)
1722 2368 1907 2406 adductus

437 2429 519 2454 eum
537 2418 584 2453 ad
603 2416 830 2454 eredendum
850 2416 1072 2453 Flavianum
1091 2415 1206 2453 istum
1224 2416 1388 2454 eundem
1405 2428 1483 2454 esee
1502 2428 1616 2463 quem
1676 2415 1849 2453 acrobim
1863 2414 1907 2453 in

436 2466 696 2501 Saturnalibus
713 2464 959 2501 disserentem
978 2463 1156 2507 induxit;
1181 2463 1229 2501 cf.
1258 2464 1296 2500 L.
1326 2464 1459 2501 Ianum
1485 2463 1525 2500 in
1551 2462 1833 2511 Prolegomenis
1855 2463 1907 2501 ad

438 2511 675 2549 Macrobium
719 2539 727 2548 .
747 2510 861 2548 xxvii.
913 2511 1005 2548 Vide
1023 2513 1151 2547 tamen
1168 2511 1211 2547 V.
1231 2511 1324 2548 Rose
1343 2514 1401 2557 (de
1416 2513 1531 2548 Arist.
1550 2513 1636 2547 libr.
1653 2513 1729 2548 ord.
1757 2516 1790 2547 et
1813 2515 1907 2548 auct.

439 2570 478 2614 p.
498 2570 518 2596 2
547 2560 583 2604 3)
600 2559 664 2606 qui
682 2523 728 2596 elis
747 2558 935 2601 Flaviano,
955 2558 1061 2595 Pauli
1088 2557 1250 2596 Diaconi
1276 2562 1534 2607 praeceptore,
1554 2558 1660 2595 cuius
1682 2557 1827 2595 mentio
1851 2559 1907 2596 est

436 2618 478 2644 m
495 2607 518 2643 1
537 2609 591 2644 ist.
609 2607 836 2653 Lanqobard.
855 2606 902 2643 vi.
922 2615 955 2652 7,
973 2605 1166 2662 cogitavit.
1332 2609 1373 2644 18
1398 2608 1528 2643 Sillani
1545 2608 1637 2644 etc.:
1664 2618 1695 2642 v.
1722 2605 1785 2643 Ov.
1803 2606 1904 2643 Fast.

437 2652 462 2691 i.
483 2664 524 2699 ⁴¹
533 2665 553 2701 3
567 2666 681 2737 neqq'..
866 2664 914 2690 20
937 2655 1077 2690 br-utwr
1092 2666 1100 2690 z
1130 2657 1138 2671 ‘
1153 2652 1438 2711 Comparativus
1457 2665 1532 2691 non
1549 2653 1739 2701 reperitur
1755 2652 1795 2689 in
1812 2653 1906 2698 usu,’

436 2700 774 2804 {mezenti
788 2702 1058 2795 25:535...
1083 2700 1907 2803 1035,,‚‚5²:5²'susse'zffissffiffsssegxnss

436 2807 574 2881 apium&
591 2808 614 2833 a
632 2796 763 2881 Lotuze
781 2798 936 2843 captum
955 2808 1039 2880 ⁰1⁹⁸ss
1048 2798 1087 2880 «ἓ
1104 2796 1275 2879 agauno
1301 2795 1421 2835 Sileni
1444 2795 1711 2844 intempestive
1736 2795 1906 2832 ruditum

436 2855 457 2883 ο
487 2855 532 2881 en
595 2855 724 2881 revoca
746 2855 809 2880 um
828 2855 905 2881 ense
923 2855 962 2881 re
981 2855 999 2880 e
1091 2855 1124 2879 νι
1153 2855 1221 2880 ma.

547 2925 614 2961 29⁴
