<?xml version="1.0" encoding="UTF-8"?>
<!DOCTYPE html PUBLIC "-//W3C//DTD XHTML 1.0 Transitional//EN"
    "http://www.w3.org/TR/xhtml1/DTD/xhtml1-transitional.dtd">
<html xmlns="http://www.w3.org/1999/xhtml" xml:lang="en" lang="en">
 <head>
  <title>
</title>
<meta http-equiv="Content-Type" content="text/html;charset=utf-8" />
  <meta name='ocr-system' content='tesseract 3.04.00' />
  <meta name='ocr-capabilities' content='ocr_page ocr_carea ocr_par ocr_line ocrx_word'/>
</head>
<body>
  <div class='ocr_page' id='page_1' title='image "./policraticisived02john_0216.png"; bbox 0 0 1988 3250; ppageno 0'>
   <div class='ocr_carea' id='block_1_1' title="bbox 250 199 1874 256">
    <p class='ocr_par' dir='ltr' id='par_1_1' title="bbox 250 199 1874 256">
     <span class='ocr_line' id='line_1_1' title="bbox 250 199 1874 256; baseline -0.002 -11"><span class='ocrx_word' id='word_1_1' title='bbox 250 204 337 253; x_wconf 86' lang='lat'><em>698</em></span> <span class='ocrx_word' id='word_1_2' title='bbox 357 214 387 243; x_wconf 84' lang='lat' dir='ltr'><em>a</em></span> <span class='ocrx_word' id='word_1_3' title='bbox 732 199 993 246; x_wconf 87' lang='lat' dir='ltr'><strong>IOANNIS</strong></span> <span class='ocrx_word' id='word_1_4' title='bbox 1032 199 1546 245; x_wconf 84' lang='lat' dir='ltr'>SARESBERIENSIS</span> <span class='ocrx_word' id='word_1_5' title='bbox 1675 199 1786 256; x_wconf 73' lang='grc' dir='ltr'>[ΠΒ.</span> <span class='ocrx_word' id='word_1_6' title='bbox 1801 209 1874 242; x_wconf 84' lang='lat' dir='ltr'><em>vn</em></span> 
     </span>
    </p>
   </div>
   <div class='ocr_carea' id='block_1_2' title="bbox 578 319 1649 379">
    <p class='ocr_par' dir='ltr' id='par_1_2' title="bbox 578 319 1649 379">
     <span class='ocr_line' id='line_1_2' title="bbox 578 319 1649 379; baseline -0.003 -14"><span class='ocrx_word' id='word_1_7' title='bbox 578 336 635 365; x_wconf 91' lang='lat' dir='ltr'><em>ne</em></span> <span class='ocrx_word' id='word_1_8' title='bbox 664 336 754 379; x_wconf 86' lang='lat' dir='ltr'><em>qua</em></span> <span class='ocrx_word' id='word_1_9' title='bbox 781 321 865 365; x_wconf 89' lang='lat' dir='ltr'><em>sub</em></span> <span class='ocrx_word' id='word_1_10' title='bbox 894 323 1018 364; x_wconf 88' lang='lat' dir='ltr'><em>erato</em></span> <span class='ocrx_word' id='word_1_11' title='bbox 1046 320 1305 364; x_wconf 89' lang='lat' dir='ltr'><em>mendosum</em></span> <span class='ocrx_word' id='word_1_12' title='bbox 1333 319 1502 362; x_wconf 87' lang='lat' dir='ltr'><em>tinniat</em></span> <span class='ocrx_word' id='word_1_13' title='bbox 1529 333 1649 362; x_wconf 86' lang='lat' dir='ltr'><em>auro.</em></span> 
     </span>
    </p>
   </div>
   <div class='ocr_carea' id='block_1_3' title="bbox 406 399 1875 529">
    <p class='ocr_par' dir='ltr' id='par_1_3' title="bbox 406 399 1875 529">
     <span class='ocr_line' id='line_1_3' title="bbox 407 399 1875 460; baseline -0.004 -14"><span class='ocrx_word' id='word_1_14' title='bbox 407 402 534 446; x_wconf 83' lang='lat' dir='ltr'><strong>Vnde</strong></span> <span class='ocrx_word' id='word_1_15' title='bbox 553 407 600 446; x_wconf 91' lang='lat' dir='ltr'><em>et</em></span> <span class='ocrx_word' id='word_1_16' title='bbox 617 402 834 460; x_wconf 81' lang='lat' dir='ltr'>ypocrisis</span> <span class='ocrx_word' id='word_1_17' title='bbox 856 415 1018 445; x_wconf 91' lang='lat' dir='ltr'><em>nomen</em></span> <span class='ocrx_word' id='word_1_18' title='bbox 1038 401 1219 458; x_wconf 85' lang='lat' dir='ltr'><em>accepit,</em></span> <span class='ocrx_word' id='word_1_19' title='bbox 1231 414 1344 457; x_wconf 90' lang='lat' dir='ltr'><em>quae</em></span> <span class='ocrx_word' id='word_1_20' title='bbox 1365 399 1542 456; x_wconf 90' lang='lat' dir='ltr'><em>quidem</em></span> <span class='ocrx_word' id='word_1_21' title='bbox 1558 399 1875 456; x_wconf 84' lang='lat' dir='ltr'>Epicureorum</span> 
     </span>
     <span class='ocr_line' id='line_1_4' title="bbox 406 471 959 529; baseline -0.002 -14"><span class='ocrx_word' id='word_1_22' title='bbox 406 471 662 515; x_wconf 85' lang='lat' dir='ltr'><em>indubitata</em></span> <span class='ocrx_word' id='word_1_23' title='bbox 687 472 853 529; x_wconf 88' lang='lat' dir='ltr'><em>species</em></span> <span class='ocrx_word' id='word_1_24' title='bbox 881 473 959 514; x_wconf 90' lang='lat' dir='ltr'><em>est.</em></span> 
     </span>
    </p>
   </div>
   <div class='ocr_carea' id='block_1_4' title="bbox 410 585 1943 1063">
    <p class='ocr_par' dir='ltr' id='par_1_4' title="bbox 410 585 1943 1063">
     <span class='ocr_line' id='line_1_5' title="bbox 410 585 1879 650; baseline -0.005 -14"><span class='ocrx_word' id='word_1_25' title='bbox 410 592 515 650; x_wconf 89' lang='lat' dir='ltr'><em>Cap.</em></span> <span class='ocrx_word' id='word_1_26' title='bbox 539 605 607 649; x_wconf 86' lang='lat'><em>23.</em></span> <span class='ocrx_word' id='word_1_27' title='bbox 647 591 777 645; x_wconf 74' lang='lat' dir='ltr'><em>Quod</em></span> <span class='ocrx_word' id='word_1_28' title='bbox 808 589 1162 640; x_wconf 60' lang='lat' dir='ltr'><em>Oartuarie‘nsea</em></span> <span class='ocrx_word' id='word_1_29' title='bbox 1193 589 1308 632; x_wconf 78' lang='lat' dir='ltr'><em>dum</em></span> <span class='ocrx_word' id='word_1_30' title='bbox 1336 587 1665 631; x_wconf 71' lang='lat' dir='ltr'><em>‘moderationis</em></span> <span class='ocrx_word' id='word_1_31' title='bbox 1693 585 1879 630; x_wconf 77' lang='lat' dir='ltr'><em>habenis</em></span> 
     </span>
     <span class='ocr_line' id='line_1_6' title="bbox 524 654 1917 714; baseline -0.004 -10"><span class='ocrx_word' id='word_1_32' title='bbox 524 660 788 705; x_wconf 76' lang='lat' dir='ltr'><em>auaritiam</em></span> <span class='ocrx_word' id='word_1_33' title='bbox 822 659 1036 710; x_wconf 79' lang='lat' dir='ltr'><em>cohibent,</em></span> <span class='ocrx_word' id='word_1_34' title='bbox 1070 662 1109 702; x_wconf 78' lang='lat' dir='ltr'><em>et</em></span> <span class='ocrx_word' id='word_1_35' title='bbox 1144 657 1310 714; x_wconf 72' lang='lat' dir='ltr'><em>Maqni</em></span> <span class='ocrx_word' id='word_1_36' title='bbox 1341 656 1512 700; x_wconf 74' lang='lat' dir='ltr'><em>Montis</em></span> <span class='ocrx_word' id='word_1_37' title='bbox 1543 671 1670 700; x_wconf 69' lang='lat' dir='ltr'><em>noua</em></span> <span class='ocrx_word' id='word_1_38' title='bbox 1705 654 1879 711; x_wconf 72' lang='lat' dir='ltr'><em>reliyio,</em></span> <span class='ocrx_word' id='word_1_39' title='bbox 1898 673 1917 707; x_wconf 82' lang='lat'>5</span> 
     </span>
     <span class='ocr_line' id='line_1_7' title="bbox 524 724 1880 783; baseline -0.004 -9"><span class='ocrx_word' id='word_1_40' title='bbox 524 731 640 774; x_wconf 83' lang='lat' dir='ltr'><em>dwm</em></span> <span class='ocrx_word' id='word_1_41' title='bbox 670 729 832 772; x_wconf 74' lang='lat' dir='ltr'><em>omnia</em></span> <span class='ocrx_word' id='word_1_42' title='bbox 870 728 1121 771; x_wconf 72' lang='lat' dir='ltr'><em>mundana</em></span> <span class='ocrx_word' id='word_1_43' title='bbox 1160 730 1479 783; x_wconf 68' lang='lat' dir='ltr'><em>contempneris</em></span> <span class='ocrx_word' id='word_1_44' title='bbox 1517 729 1555 769; x_wconf 82' lang='lat' dir='ltr'><em>et</em></span> <span class='ocrx_word' id='word_1_45' title='bbox 1595 726 1649 769; x_wconf 84' lang='lat' dir='ltr'><em>de</em></span> <span class='ocrx_word' id='word_1_46' title='bbox 1679 724 1880 768; x_wconf 78' lang='lat' dir='ltr'><em>crastino</em></span> 
     </span>
     <span class='ocr_line' id='line_1_8' title="bbox 525 792 1881 855; baseline -0.005 -12"><span class='ocrx_word' id='word_1_47' title='bbox 525 815 623 843; x_wconf 67' lang='lat' dir='ltr'><em>riori</em></span> <span class='ocrx_word' id='word_1_48' title='bbox 652 799 856 855; x_wconf 72' lang='lat' dir='ltr'><em>coyitans</em></span> <span class='ocrx_word' id='word_1_49' title='bbox 885 797 1058 854; x_wconf 76' lang='lat' dir='ltr'><em>repellit</em></span> <span class='ocrx_word' id='word_1_50' title='bbox 1088 795 1262 847; x_wconf 67' lang='lat' dir='ltr'><em>omnia,</em></span> <span class='ocrx_word' id='word_1_51' title='bbox 1292 794 1556 838; x_wconf 69' lang='lat' dir='ltr'><em>auaritiam</em></span> <span class='ocrx_word' id='word_1_52' title='bbox 1585 793 1795 848; x_wconf 65' lang='lat' dir='ltr'><em>emindii,</em></span> <span class='ocrx_word' id='word_1_53' title='bbox 1823 792 1881 836; x_wconf 85' lang='lat' dir='ltr'><em>ab</em></span> 
     </span>
     <span class='ocr_line' id='line_1_9' title="bbox 524 861 1883 926; baseline -0.005 -14"><span class='ocrx_word' id='word_1_54' title='bbox 524 868 840 926; x_wconf 71' lang='lat' dir='ltr'><em>ypocritarum</em></span> <span class='ocrx_word' id='word_1_55' title='bbox 871 871 980 910; x_wconf 67' lang='lat' dir='ltr'><em>nota</em></span> <span class='ocrx_word' id='word_1_56' title='bbox 1010 870 1047 910; x_wconf 74' lang='lat' dir='ltr'><em>et</em></span> <span class='ocrx_word' id='word_1_57' title='bbox 1078 865 1265 909; x_wconf 71' lang='lat' dir='ltr'><em>&#39;nomine</em></span> <span class='ocrx_word' id='word_1_58' title='bbox 1294 863 1478 920; x_wconf 70' lang='lat' dir='ltr'><em>lonqius</em></span> <span class='ocrx_word' id='word_1_59' title='bbox 1503 863 1669 907; x_wconf 76' lang='lat' dir='ltr'><em>absunt</em></span> <span class='ocrx_word' id='word_1_60' title='bbox 1682 882 1700 914; x_wconf 89' lang='lat'><em>;</em></span> <span class='ocrx_word' id='word_1_61' title='bbox 1731 866 1769 907; x_wconf 81' lang='lat' dir='ltr'><em>et</em></span> <span class='ocrx_word' id='word_1_62' title='bbox 1797 861 1883 920; x_wconf 75' lang='lat' dir='ltr'><em>qui</em></span> 
     </span>
     <span class='ocr_line' id='line_1_10' title="bbox 525 932 1883 992; baseline -0.005 -10"><span class='ocrx_word' id='word_1_63' title='bbox 525 938 620 982; x_wconf 73' lang='lat' dir='ltr'><em>sirit</em></span> <span class='ocrx_word' id='word_1_64' title='bbox 635 937 853 981; x_wconf 80' lang='lat' dir='ltr'><em>seculares</em></span> <span class='ocrx_word' id='word_1_65' title='bbox 873 939 957 979; x_wconf 80' lang='lat' dir='ltr'><em>aut</em></span> <span class='ocrx_word' id='word_1_66' title='bbox 979 934 1184 992; x_wconf 74' lang='lat' dir='ltr'><em>reliyiosi</em></span> <span class='ocrx_word' id='word_1_67' title='bbox 1196 953 1215 985; x_wconf 88' lang='lat'><em>;</em></span> <span class='ocrx_word' id='word_1_68' title='bbox 1246 937 1285 977; x_wconf 76' lang='lat' dir='ltr'><em>et</em></span> <span class='ocrx_word' id='word_1_69' title='bbox 1301 947 1414 990; x_wconf 80' lang='lat' dir='ltr'><em>quae</em></span> <span class='ocrx_word' id='word_1_70' title='bbox 1435 932 1596 990; x_wconf 70' lang='lat' dir='ltr'><em>reyula</em></span> <span class='ocrx_word' id='word_1_71' title='bbox 1615 932 1883 976; x_wconf 74' lang='lat' dir='ltr'><em>actiuorum</em></span> 
     </span>
     <span class='ocr_line' id='line_1_11' title="bbox 528 1001 1943 1063; baseline -0.007 -13"><span class='ocrx_word' id='word_1_72' title='bbox 528 1011 567 1050; x_wconf 87' lang='lat' dir='ltr'><em>et</em></span> <span class='ocrx_word' id='word_1_73' title='bbox 587 1021 702 1063; x_wconf 77' lang='lat' dir='ltr'><em>quae</em></span> <span class='ocrx_word' id='word_1_74' title='bbox 722 1005 970 1050; x_wconf 79' lang='lat' dir='ltr'><em>otiosorum</em></span> <span class='ocrx_word' id='word_1_75' title='bbox 981 1023 999 1055; x_wconf 91' lang='lat'><em>;</em></span> <span class='ocrx_word' id='word_1_76' title='bbox 1031 1008 1070 1046; x_wconf 84' lang='lat' dir='ltr'><em>et</em></span> <span class='ocrx_word' id='word_1_77' title='bbox 1091 1003 1196 1060; x_wconf 79' lang='lat' dir='ltr'><em>quis</em></span> <span class='ocrx_word' id='word_1_78' title='bbox 1216 1002 1275 1046; x_wconf 76' lang='lat' dir='ltr'><em>sit</em></span> <span class='ocrx_word' id='word_1_79' title='bbox 1291 1001 1411 1060; x_wconf 75' lang='lat' dir='ltr'><em>finis</em></span> <span class='ocrx_word' id='word_1_80' title='bbox 1430 1002 1686 1059; x_wconf 78' lang='lat' dir='ltr'><em>ypocriseos.</em></span> <span class='ocrx_word' id='word_1_81' title='bbox 1901 1016 1943 1040; x_wconf 77' lang='grc' dir='ltr'><em>ιο</em></span> 
     </span>
    </p>
   </div>
   <div class='ocr_carea' id='block_1_5' title="bbox 366 1090 1952 1985">
    <p class='ocr_par' dir='ltr' id='par_1_5' title="bbox 470 1090 1882 1154">
     <span class='ocr_line' id='line_1_12' title="bbox 470 1090 1882 1154; baseline -0.004 -15"><span class='ocrx_word' id='word_1_82' title='bbox 470 1096 782 1154; x_wconf 88' lang='lat' dir='ltr'><em>Ypocritarum</em></span> <span class='ocrx_word' id='word_1_83' title='bbox 811 1097 961 1137; x_wconf 88' lang='lat' dir='ltr'><em>autem</em></span> <span class='ocrx_word' id='word_1_84' title='bbox 986 1107 1146 1136; x_wconf 90' lang='lat' dir='ltr'><em>nomen</em></span> <span class='ocrx_word' id='word_1_85' title='bbox 1175 1095 1222 1135; x_wconf 94' lang='lat' dir='ltr'><em>et</em></span> <span class='ocrx_word' id='word_1_86' title='bbox 1246 1094 1400 1134; x_wconf 89' lang='lat' dir='ltr'><em>notam</em></span> <span class='ocrx_word' id='word_1_87' title='bbox 1427 1091 1682 1134; x_wconf 72' lang='lat' dir='ltr'><em>cautissime</em></span> <span class='ocrx_word' id='word_1_88' title='bbox 1708 1093 1754 1134; x_wconf 91' lang='lat' dir='ltr'><em>et</em></span> <span class='ocrx_word' id='word_1_89' title='bbox 1776 1090 1882 1134; x_wconf 89' lang='lat' dir='ltr'><em>fide·</em></span> 
     </span>
    </p>

    <p class='ocr_par' dir='ltr' id='par_1_6' title="bbox 366 1160 1952 1985">
     <span class='ocr_line' id='line_1_13' title="bbox 366 1160 1886 1218; baseline -0.005 -9"><span class='ocrx_word' id='word_1_90' title='bbox 366 1171 396 1210; x_wconf 91' lang='lat' dir='ltr'><em>b</em></span> <span class='ocrx_word' id='word_1_91' title='bbox 413 1166 578 1209; x_wconf 88' lang='lat' dir='ltr'><em>lissime</em></span> <span class='ocrx_word' id='word_1_92' title='bbox 618 1165 844 1208; x_wconf 88' lang='lat' dir='ltr'><em>declinant</em></span> <span class='ocrx_word' id='word_1_93' title='bbox 883 1162 1220 1207; x_wconf 87' lang='lat' dir='ltr'><em>Cartuarienses</em></span> <span class='ocrx_word' id='word_1_94' title='bbox 1265 1163 1310 1204; x_wconf 91' lang='lat' dir='ltr'><em>et</em></span> <span class='ocrx_word' id='word_1_95' title='bbox 1355 1161 1509 1218; x_wconf 84' lang='lat' dir='ltr'><em>Magni</em></span> <span class='ocrx_word' id='word_1_96' title='bbox 1556 1160 1724 1203; x_wconf 90' lang='lat' dir='ltr'><em>Montis</em></span> <span class='ocrx_word' id='word_1_97' title='bbox 1767 1174 1886 1203; x_wconf 85' lang='lat' dir='ltr'><em>noua</em></span> 
     </span>
     <span class='ocr_line' id='line_1_14' title="bbox 413 1229 1886 1292; baseline -0.004 -14"><span class='ocrx_word' id='word_1_98' title='bbox 413 1234 629 1292; x_wconf 77' lang='lat' dir='ltr'><em>professio</em></span> <span class='ocrx_word' id='word_1_99' title='bbox 658 1233 706 1276; x_wconf 94' lang='lat' dir='ltr'><em>in</em></span> <span class='ocrx_word' id='word_1_100' title='bbox 734 1233 946 1289; x_wconf 86' lang='lat' dir='ltr'><em>antiquae</em></span> <span class='ocrx_word' id='word_1_101' title='bbox 979 1230 1164 1274; x_wconf 83' lang='lat' dir='ltr'><em>uirtutis</em></span> <span class='ocrx_word' id='word_1_102' title='bbox 1193 1230 1395 1280; x_wconf 89' lang='lat' dir='ltr'><em>culmine,</em></span> <span class='ocrx_word' id='word_1_103' title='bbox 1427 1229 1661 1272; x_wconf 87' lang='lat' dir='ltr'><em>Saluatore</em></span> <span class='ocrx_word' id='word_1_104' title='bbox 1692 1229 1886 1287; x_wconf 85' lang='lat' dir='ltr'><em>praeuio,</em></span> 
     </span>
     <span class='ocr_line' id='line_1_15' title="bbox 413 1298 1886 1359; baseline -0.004 -12"><span class='ocrx_word' id='word_1_105' title='bbox 413 1304 613 1348; x_wconf 85' lang='lat' dir='ltr'><em>solidata.</em></span> <span class='ocrx_word' id='word_1_106' title='bbox 677 1302 908 1359; x_wconf 82' lang='lat' dir='ltr'><em>Siquidem</em></span> <span class='ocrx_word' id='word_1_107' title='bbox 951 1300 1285 1344; x_wconf 88' lang='lat' dir='ltr'><em>Cartuarienses</em></span> <span class='ocrx_word' id='word_1_108' title='bbox 1324 1298 1560 1356; x_wconf 73' lang='lat' dir='ltr'><em>cupiditati</em></span> <span class='ocrx_word' id='word_1_109' title='bbox 1604 1313 1711 1342; x_wconf 85' lang='lat' dir='ltr'><em>suae</em></span> <span class='ocrx_word' id='word_1_110' title='bbox 1749 1299 1886 1341; x_wconf 90' lang='lat' dir='ltr'><em>immo</em></span> 
     </span>
     <span class='ocr_line' id='line_1_16' title="bbox 414 1368 1945 1427; baseline -0.005 -10"><span class='ocrx_word' id='word_1_111' title='bbox 414 1372 666 1417; x_wconf 80' lang='lat' dir='ltr'><em>necessitati</em></span> <span class='ocrx_word' id='word_1_112' title='bbox 710 1371 876 1414; x_wconf 89' lang='lat' dir='ltr'><em>limites</em></span> <span class='ocrx_word' id='word_1_113' title='bbox 917 1371 1223 1427; x_wconf 84' lang='lat' dir='ltr'><em>praefixerunt</em></span> <span class='ocrx_word' id='word_1_114' title='bbox 1262 1370 1308 1412; x_wconf 93' lang='lat' dir='ltr'><em>et</em></span> <span class='ocrx_word' id='word_1_115' title='bbox 1346 1368 1662 1412; x_wconf 84' lang='lat' dir='ltr'><em>moderationis</em></span> <span class='ocrx_word' id='word_1_116' title='bbox 1701 1368 1886 1411; x_wconf 81' lang='lat' dir='ltr'><em>habenis</em></span> <span class='ocrx_word' id='word_1_117' title='bbox 1905 1387 1945 1423; x_wconf 89' lang='lat'><em>15</em></span> 
     </span>
     <span class='ocr_line' id='line_1_17' title="bbox 416 1437 1888 1495; baseline -0.004 -9"><span class='ocrx_word' id='word_1_118' title='bbox 416 1457 590 1486; x_wconf 91' lang='lat' dir='ltr'><em>omnem</em></span> <span class='ocrx_word' id='word_1_119' title='bbox 630 1441 869 1484; x_wconf 89' lang='lat' dir='ltr'><em>auaritiam</em></span> <span class='ocrx_word' id='word_1_120' title='bbox 910 1439 1120 1483; x_wconf 87' lang='lat' dir='ltr'><em>cohibent</em></span> <span class='ocrx_word' id='word_1_121' title='bbox 1158 1442 1204 1482; x_wconf 89' lang='lat' dir='ltr'><em>et</em></span> <span class='ocrx_word' id='word_1_122' title='bbox 1243 1437 1469 1481; x_wconf 88' lang='lat' dir='ltr'><em>interdum</em></span> <span class='ocrx_word' id='word_1_123' title='bbox 1508 1438 1593 1495; x_wconf 89' lang='lat' dir='ltr'><em>ipsi</em></span> <span class='ocrx_word' id='word_1_124' title='bbox 1633 1437 1888 1481; x_wconf 85' lang='lat' dir='ltr'><em>necessitati</em></span> 
     </span>
     <span class='ocr_line' id='line_1_18' title="bbox 417 1507 1890 1569; baseline -0.003 -15"><span class='ocrx_word' id='word_1_125' title='bbox 417 1511 586 1569; x_wconf 87' lang='lat' dir='ltr'><em>aliquid</em></span> <span class='ocrx_word' id='word_1_126' title='bbox 606 1510 879 1554; x_wconf 84' lang='lat' dir='ltr'><em>subtrahunt</em></span> <span class='ocrx_word' id='word_1_127' title='bbox 898 1524 954 1552; x_wconf 92' lang='lat' dir='ltr'><em>ne</em></span> <span class='ocrx_word' id='word_1_128' title='bbox 974 1509 1058 1552; x_wconf 91' lang='lat' dir='ltr'><em>sub</em></span> <span class='ocrx_word' id='word_1_129' title='bbox 1082 1509 1269 1551; x_wconf 91' lang='lat' dir='ltr'><em>obtentu</em></span> <span class='ocrx_word' id='word_1_130' title='bbox 1296 1507 1417 1550; x_wconf 88' lang='lat' dir='ltr'><em>illius</em></span> <span class='ocrx_word' id='word_1_131' title='bbox 1445 1507 1674 1564; x_wconf 83' lang='lat' dir='ltr'><em>quippiam</em></span> <span class='ocrx_word' id='word_1_132' title='bbox 1693 1507 1890 1550; x_wconf 88' lang='lat' dir='ltr'><em>auaritia</em></span> 
     </span>
     <span class='ocr_line' id='line_1_19' title="bbox 416 1576 1890 1636; baseline -0.003 -12"><span class='ocrx_word' id='word_1_133' title='bbox 416 1581 636 1625; x_wconf 87' lang='lat' dir='ltr'><em>moliatur.</em></span> <span class='ocrx_word' id='word_1_134' title='bbox 716 1579 869 1636; x_wconf 84' lang='lat' dir='ltr'><em>Magni</em></span> <span class='ocrx_word' id='word_1_135' title='bbox 913 1578 1203 1636; x_wconf 87' lang='lat' dir='ltr'><em>proculdubio</em></span> <span class='ocrx_word' id='word_1_136' title='bbox 1241 1577 1332 1620; x_wconf 89' lang='lat' dir='ltr'><em>uiri</em></span> <span class='ocrx_word' id='word_1_137' title='bbox 1375 1579 1422 1620; x_wconf 91' lang='lat' dir='ltr'><em>et</em></span> <span class='ocrx_word' id='word_1_138' title='bbox 1467 1577 1586 1620; x_wconf 87' lang='lat' dir='ltr'><em>inter</em></span> <span class='ocrx_word' id='word_1_139' title='bbox 1628 1576 1890 1634; x_wconf 85' lang='lat' dir='ltr'><em>praecipuos</em></span> 
     </span>
     <span class='ocr_line' id='line_1_20' title="bbox 418 1646 1890 1704; baseline -0.004 -10"><span class='ocrx_word' id='word_1_140' title='bbox 418 1649 692 1700; x_wconf 82' lang='lat' dir='ltr'><em>numerandi,</em></span> <span class='ocrx_word' id='word_1_141' title='bbox 712 1663 814 1692; x_wconf 89' lang='lat' dir='ltr'><em>cum</em></span> <span class='ocrx_word' id='word_1_142' title='bbox 841 1663 930 1692; x_wconf 91' lang='lat' dir='ltr'><em>non</em></span> <span class='ocrx_word' id='word_1_143' title='bbox 953 1648 1083 1691; x_wconf 92' lang='lat' dir='ltr'><em>modo</em></span> <span class='ocrx_word' id='word_1_144' title='bbox 1107 1646 1403 1704; x_wconf 84' lang='lat' dir='ltr'><em>professiones</em></span> <span class='ocrx_word' id='word_1_145' title='bbox 1429 1646 1506 1690; x_wconf 87' lang='lat' dir='ltr'><em>sed</em></span> <span class='ocrx_word' id='word_1_146' title='bbox 1527 1646 1616 1689; x_wconf 91' lang='lat' dir='ltr'><em>iam</em></span> <span class='ocrx_word' id='word_1_147' title='bbox 1636 1649 1890 1690; x_wconf 83' lang='lat' dir='ltr'><em>senescente</em></span> 
     </span>
     <span class='ocr_line' id='line_1_21' title="bbox 418 1715 1952 1773; baseline -0.004 -9"><span class='ocrx_word' id='word_1_148' title='bbox 418 1720 585 1764; x_wconf 89' lang='lat' dir='ltr'><em>mundo</em></span> <span class='ocrx_word' id='word_1_149' title='bbox 624 1719 672 1761; x_wconf 89' lang='lat' dir='ltr'><em>in</em></span> <span class='ocrx_word' id='word_1_150' title='bbox 706 1720 836 1762; x_wconf 83' lang='lat' dir='ltr'><em>tanta</em></span> <span class='ocrx_word' id='word_1_151' title='bbox 870 1716 1159 1761; x_wconf 89' lang='lat' dir='ltr'><em>multitudine</em></span> <span class='ocrx_word' id='word_1_152' title='bbox 1190 1716 1436 1759; x_wconf 84' lang='lat' dir='ltr'><em>labentium</em></span> <span class='ocrx_word' id='word_1_153' title='bbox 1471 1715 1718 1759; x_wconf 91' lang='lat' dir='ltr'><em>seculorum</em></span> <span class='ocrx_word' id='word_1_154' title='bbox 1757 1717 1890 1773; x_wconf 87' lang='lat' dir='ltr'><em>pauci</em></span> <span class='ocrx_word' id='word_1_155' title='bbox 1909 1734 1952 1759; x_wconf 60' lang='grc' dir='ltr'><em>ιο</em></span> 
     </span>
     <span class='ocr_line' id='line_1_22' title="bbox 418 1784 1890 1848; baseline -0.004 -14"><span class='ocrx_word' id='word_1_156' title='bbox 418 1790 712 1848; x_wconf 87' lang='lat' dir='ltr'><em>processerint</em></span> <span class='ocrx_word' id='word_1_157' title='bbox 750 1787 950 1831; x_wconf 87' lang='lat' dir='ltr'><em>homines</em></span> <span class='ocrx_word' id='word_1_158' title='bbox 989 1786 1066 1843; x_wconf 91' lang='lat' dir='ltr'><em>qui</em></span> <span class='ocrx_word' id='word_1_159' title='bbox 1095 1785 1318 1829; x_wconf 86' lang='lat' dir='ltr'><em>satietatis</em></span> <span class='ocrx_word' id='word_1_160' title='bbox 1352 1785 1437 1828; x_wconf 90' lang='lat' dir='ltr'><em>sibi</em></span> <span class='ocrx_word' id='word_1_161' title='bbox 1472 1785 1644 1842; x_wconf 83' lang='lat' dir='ltr'><em>aliquos</em></span> <span class='ocrx_word' id='word_1_162' title='bbox 1677 1784 1890 1842; x_wconf 88' lang='lat' dir='ltr'><em>praescri·</em></span> 
     </span>
     <span class='ocr_line' id='line_1_23' title="bbox 419 1854 1893 1917; baseline -0.003 -15"><span class='ocrx_word' id='word_1_163' title='bbox 419 1859 591 1917; x_wconf 85' lang='lat' dir='ltr'><em>pserint</em></span> <span class='ocrx_word' id='word_1_164' title='bbox 610 1858 835 1901; x_wconf 86' lang='lat' dir='ltr'><em>terminos.</em></span> <span class='ocrx_word' id='word_1_165' title='bbox 895 1856 1083 1900; x_wconf 87' lang='lat' dir='ltr'><em>Necesse</em></span> <span class='ocrx_word' id='word_1_166' title='bbox 1104 1858 1172 1899; x_wconf 90' lang='lat' dir='ltr'><em>est</em></span> <span class='ocrx_word' id='word_1_167' title='bbox 1191 1869 1363 1912; x_wconf 89' lang='lat' dir='ltr'><em>semper</em></span> <span class='ocrx_word' id='word_1_168' title='bbox 1382 1854 1531 1898; x_wconf 88' lang='lat' dir='ltr'><em>deesse</em></span> <span class='ocrx_word' id='word_1_169' title='bbox 1551 1854 1720 1911; x_wconf 88' lang='lat' dir='ltr'><em>aliquid</em></span> <span class='ocrx_word' id='word_1_170' title='bbox 1739 1857 1893 1899; x_wconf 88' lang='lat' dir='ltr'><em>curtae</em></span> 
     </span>
     <span class='ocr_line' id='line_1_24' title="bbox 421 1924 1892 1985; baseline -0.004 -13"><span class='ocrx_word' id='word_1_171' title='bbox 421 1930 498 1981; x_wconf 88' lang='lat' dir='ltr'><em>rei,</em></span> <span class='ocrx_word' id='word_1_172' title='bbox 527 1931 574 1972; x_wconf 91' lang='lat' dir='ltr'><em>et</em></span> <span class='ocrx_word' id='word_1_173' title='bbox 609 1928 703 1985; x_wconf 91' lang='lat' dir='ltr'><em>ipse</em></span> <span class='ocrx_word' id='word_1_174' title='bbox 739 1927 889 1970; x_wconf 89' lang='lat' dir='ltr'><em>hiatus</em></span> <span class='ocrx_word' id='word_1_175' title='bbox 920 1925 1140 1975; x_wconf 89' lang='lat' dir='ltr'><em>desiderii,</em></span> <span class='ocrx_word' id='word_1_176' title='bbox 1172 1924 1342 1981; x_wconf 91' lang='lat' dir='ltr'><em>aliquid</em></span> <span class='ocrx_word' id='word_1_177' title='bbox 1372 1924 1563 1967; x_wconf 89' lang='lat' dir='ltr'><em>ulterius</em></span> <span class='ocrx_word' id='word_1_178' title='bbox 1593 1924 1759 1982; x_wconf 87' lang='lat' dir='ltr'><em>iugiter</em></span> <span class='ocrx_word' id='word_1_179' title='bbox 1789 1924 1892 1967; x_wconf 84' lang='lat' dir='ltr'><em>affe-</em></span> 
     </span>
    </p>
   </div>
   <div class='ocr_carea' id='block_1_6' title="bbox 422 2042 1898 2282">
    <p class='ocr_par' dir='ltr' id='par_1_7' title="bbox 422 2042 1898 2282">
     <span class='ocr_line' id='line_1_25' title="bbox 425 2042 1895 2091; baseline -0.003 -4"><span class='ocrx_word' id='word_1_180' title='bbox 425 2061 439 2087; x_wconf 89' lang='lat'>1</span> <span class='ocrx_word' id='word_1_181' title='bbox 470 2051 594 2086; x_wconf 84' lang='lat' dir='ltr'><em>errato</em></span> <span class='ocrx_word' id='word_1_182' title='bbox 611 2047 728 2084; x_wconf 80' lang='lat' dir='ltr'>0¹BM</span> <span class='ocrx_word' id='word_1_183' title='bbox 842 2056 863 2082; x_wconf 88' lang='lat'>2</span> <span class='ocrx_word' id='word_1_184' title='bbox 888 2044 1099 2091; x_wconf 82' lang='lat' dir='ltr'><em>hypocrisis</em></span> <span class='ocrx_word' id='word_1_185' title='bbox 1117 2043 1228 2080; x_wconf 87' lang='lat' dir='ltr'>GBS:</span> <span class='ocrx_word' id='word_1_186' title='bbox 1253 2042 1455 2090; x_wconf 84' lang='lat' dir='ltr'><em>hipocrisis</em></span> <span class='ocrx_word' id='word_1_187' title='bbox 1470 2043 1503 2080; x_wconf 87' lang='lat' dir='ltr'>A</span> <span class='ocrx_word' id='word_1_188' title='bbox 1598 2054 1620 2088; x_wconf 84' lang='lat'>4</span> <span class='ocrx_word' id='word_1_189' title='bbox 1647 2043 1895 2082; x_wconf 74' lang='lat' dir='ltr'><em>cartusienses</em></span> 
     </span>
     <span class='ocr_line' id='line_1_26' title="bbox 424 2090 1894 2144; baseline -0.004 -10"><span class='ocrx_word' id='word_1_190' title='bbox 424 2097 490 2134; x_wconf 88' lang='lat' dir='ltr'><em>SM</em></span> <span class='ocrx_word' id='word_1_191' title='bbox 511 2098 589 2144; x_wconf 77' lang='lat' dir='ltr'><em>(qui</em></span> <span class='ocrx_word' id='word_1_192' title='bbox 606 2101 725 2132; x_wconf 80' lang='lat' dir='ltr'><em>tamen</em></span> <span class='ocrx_word' id='word_1_193' title='bbox 734 2095 871 2140; x_wconf 81' lang='lat' dir='ltr'><em>forsan</em></span> <span class='ocrx_word' id='word_1_194' title='bbox 889 2092 1162 2129; x_wconf 85' lang='lat' dir='ltr'><em>cartuarienses</em></span> <span class='ocrx_word' id='word_1_195' title='bbox 1177 2092 1414 2134; x_wconf 75' lang='lat' dir='ltr'><em>habuerunt).</em></span> <span class='ocrx_word' id='word_1_196' title='bbox 1573 2093 1594 2128; x_wconf 91' lang='lat'>8</span> <span class='ocrx_word' id='word_1_197' title='bbox 1619 2090 1894 2137; x_wconf 84' lang='lat' dir='ltr'><em>hipocritarum</em></span> 
     </span>
     <span class='ocr_line' id='line_1_27' title="bbox 422 2138 1898 2191; baseline -0.004 -9"><span class='ocrx_word' id='word_1_198' title='bbox 422 2143 533 2182; x_wconf 85' lang='lat' dir='ltr'>CAS:</span> <span class='ocrx_word' id='word_1_199' title='bbox 559 2141 867 2191; x_wconf 86' lang='lat' dir='ltr'><em>hipochritarum</em></span> <span class='ocrx_word' id='word_1_200' title='bbox 888 2140 918 2176; x_wconf 92' lang='lat' dir='ltr'>B</span> <span class='ocrx_word' id='word_1_201' title='bbox 1031 2150 1074 2176; x_wconf 90' lang='lat'><em>10</em></span> <span class='ocrx_word' id='word_1_202' title='bbox 1098 2138 1338 2186; x_wconf 78' lang='lat' dir='ltr'><em>hypocriseos</em></span> <span class='ocrx_word' id='word_1_203' title='bbox 1355 2138 1439 2175; x_wconf 85' lang='lat' dir='ltr'><em>CA:</em></span> <span class='ocrx_word' id='word_1_204' title='bbox 1465 2138 1694 2185; x_wconf 87' lang='lat' dir='ltr'><em>hipocriseos</em></span> <span class='ocrx_word' id='word_1_205' title='bbox 1713 2138 1770 2175; x_wconf 85' lang='lat' dir='ltr'><em>Bs</em></span> <span class='ocrx_word' id='word_1_206' title='bbox 1788 2140 1898 2186; x_wconf 89' lang='lat' dir='ltr'><em>(-seos</em></span> 
     </span>
     <span class='ocr_line' id='line_1_28' title="bbox 422 2185 1896 2235; baseline -0.005 -7"><span class='ocrx_word' id='word_1_207' title='bbox 422 2195 519 2229; x_wconf 73' lang='lat' dir='ltr'><em>deest</em></span> <span class='ocrx_word' id='word_1_208' title='bbox 538 2190 585 2235; x_wconf 84' lang='grc' dir='ltr'><em>Β)</em></span> <span class='ocrx_word' id='word_1_209' title='bbox 719 2199 756 2226; x_wconf 82' lang='lat'><em>11</em></span> <span class='ocrx_word' id='word_1_210' title='bbox 787 2186 1086 2235; x_wconf 83' lang='lat' dir='ltr'><em>Ypochritarum</em></span> <span class='ocrx_word' id='word_1_211' title='bbox 1106 2186 1136 2221; x_wconf 88' lang='lat' dir='ltr'>B</span> <span class='ocrx_word' id='word_1_212' title='bbox 1276 2197 1318 2222; x_wconf 87' lang='lat'><em>12</em></span> <span class='ocrx_word' id='word_1_213' title='bbox 1344 2186 1591 2222; x_wconf 82' lang='lat' dir='ltr'><em>cartusienses</em></span> <span class='ocrx_word' id='word_1_214' title='bbox 1608 2185 1707 2222; x_wconf 76' lang='lat' dir='ltr'>S²M²</span> <span class='ocrx_word' id='word_1_215' title='bbox 1852 2197 1896 2233; x_wconf 85' lang='lat'><em>14</em></span> 
     </span>
     <span class='ocr_line' id='line_1_29' title="bbox 426 2233 1850 2282; baseline -0.005 -5"><span class='ocrx_word' id='word_1_216' title='bbox 426 2239 677 2278; x_wconf 83' lang='lat' dir='ltr'><em>cartusienses</em></span> <span class='ocrx_word' id='word_1_217' title='bbox 694 2236 792 2273; x_wconf 79' lang='lat' dir='ltr'>S²M²</span> <span class='ocrx_word' id='word_1_218' title='bbox 901 2245 943 2281; x_wconf 85' lang='lat'><em>17</em></span> <span class='ocrx_word' id='word_1_219' title='bbox 970 2236 1132 2282; x_wconf 84' lang='lat' dir='ltr'><em>optentu</em></span> <span class='ocrx_word' id='word_1_220' title='bbox 1149 2233 1182 2270; x_wconf 79' lang='lat' dir='ltr'>A</span> <span class='ocrx_word' id='word_1_221' title='bbox 1288 2243 1328 2270; x_wconf 84' lang='lat'><em>21</em></span> <span class='ocrx_word' id='word_1_222' title='bbox 1358 2233 1527 2270; x_wconf 82' lang='lat' dir='ltr'><em>satietati</em></span> <span class='ocrx_word' id='word_1_223' title='bbox 1545 2234 1572 2270; x_wconf 87' lang='lat' dir='ltr'>C</span> <span class='ocrx_word' id='word_1_224' title='bbox 1589 2244 1598 2270; x_wconf 77' lang='lat' dir='ltr'><strong><em>z</em></strong></span> <span class='ocrx_word' id='word_1_225' title='bbox 1624 2233 1799 2271; x_wconf 87' lang='lat' dir='ltr'><em>sacietati</em></span> <span class='ocrx_word' id='word_1_226' title='bbox 1816 2233 1850 2270; x_wconf 89' lang='lat' dir='ltr'>A</span> 
     </span>
    </p>
   </div>
   <div class='ocr_carea' id='block_1_7' title="bbox 426 2338 1901 2913">
    <p class='ocr_par' dir='ltr' id='par_1_8' title="bbox 426 2338 1901 2913">
     <span class='ocr_line' id='line_1_30' title="bbox 476 2338 1897 2390; baseline -0.003 -10"><span class='ocrx_word' id='word_1_227' title='bbox 476 2354 488 2380; x_wconf 84' lang='lat'>1</span> <span class='ocrx_word' id='word_1_228' title='bbox 519 2355 563 2380; x_wconf 82' lang='lat' dir='ltr'><em>ne</em></span> <span class='ocrx_word' id='word_1_229' title='bbox 594 2354 667 2390; x_wconf 80' lang='lat' dir='ltr'><em>qua</em></span> <span class='ocrx_word' id='word_1_230' title='bbox 700 2344 796 2379; x_wconf 62' lang='lat' dir='ltr'><em>ete:</em></span> <span class='ocrx_word' id='word_1_231' title='bbox 823 2340 923 2378; x_wconf 83' lang='lat' dir='ltr'><em>Pers.</em></span> <span class='ocrx_word' id='word_1_232' title='bbox 956 2341 1031 2376; x_wconf 76' lang='lat' dir='ltr'><em>Sat.</em></span> <span class='ocrx_word' id='word_1_233' title='bbox 1063 2351 1093 2375; x_wconf 85' lang='lat' dir='ltr'><em>v.</em></span> <span class='ocrx_word' id='word_1_234' title='bbox 1133 2339 1209 2375; x_wconf 88' lang='lat'><strong>106.</strong></span> <span class='ocrx_word' id='word_1_235' title='bbox 1446 2338 1512 2373; x_wconf 74' lang='lat' dir='ltr'><em>sub</em></span> <span class='ocrx_word' id='word_1_236' title='bbox 1547 2343 1666 2374; x_wconf 78' lang='lat' dir='ltr'><em>erato:</em></span> <span class='ocrx_word' id='word_1_237' title='bbox 1705 2339 1897 2376; x_wconf 76' lang='lat' dir='ltr'><em>subaerato</em></span> 
     </span>
     <span class='ocr_line' id='line_1_31' title="bbox 427 2385 1900 2434; baseline -0.003 -6"><span class='ocrx_word' id='word_1_238' title='bbox 427 2392 527 2428; x_wconf 88' lang='lat' dir='ltr'><em>Pers.</em></span> <span class='ocrx_word' id='word_1_239' title='bbox 592 2400 614 2427; x_wconf 85' lang='lat'><em>2</em></span> <span class='ocrx_word' id='word_1_240' title='bbox 646 2391 744 2426; x_wconf 81' lang='lat' dir='ltr'><em>Vnde</em></span> <span class='ocrx_word' id='word_1_241' title='bbox 757 2394 789 2424; x_wconf 79' lang='lat' dir='ltr'><em>et</em></span> <span class='ocrx_word' id='word_1_242' title='bbox 801 2390 977 2434; x_wconf 75' lang='lat' dir='ltr'><em>ypocrisis</em></span> <span class='ocrx_word' id='word_1_243' title='bbox 990 2389 1062 2424; x_wconf 86' lang='lat' dir='ltr'><em>etc.</em></span> <span class='ocrx_word' id='word_1_244' title='bbox 1076 2397 1084 2422; x_wconf 91' lang='lat'>:</span> <span class='ocrx_word' id='word_1_245' title='bbox 1111 2385 1136 2422; x_wconf 90' lang='lat' dir='ltr'><em>i.</em></span> <span class='ocrx_word' id='word_1_246' title='bbox 1148 2397 1178 2422; x_wconf 90' lang='lat' dir='ltr'><em>e.</em></span> <span class='ocrx_word' id='word_1_247' title='bbox 1198 2397 1244 2422; x_wconf 88' lang='lat' dir='ltr'><em>ex</em></span> <span class='ocrx_word' id='word_1_248' title='bbox 1257 2386 1523 2431; x_wconf 69' lang='lat' dir='ltr'><em>Epicureorum</em></span> <span class='ocrx_word' id='word_1_249' title='bbox 1536 2385 1689 2422; x_wconf 88' lang='lat' dir='ltr'><em>nomine</em></span> <span class='ocrx_word' id='word_1_250' title='bbox 1703 2387 1900 2432; x_wconf 78' lang='lat' dir='ltr'><em>hypocrisis</em></span> 
     </span>
     <span class='ocr_line' id='line_1_32' title="bbox 427 2432 1897 2489; baseline -0.003 -14"><span class='ocrx_word' id='word_1_251' title='bbox 427 2450 566 2476; x_wconf 87' lang='lat' dir='ltr'><em>nomen</em></span> <span class='ocrx_word' id='word_1_252' title='bbox 592 2449 700 2473; x_wconf 86' lang='lat' dir='ltr'><em>suum</em></span> <span class='ocrx_word' id='word_1_253' title='bbox 727 2435 888 2482; x_wconf 79' lang='lat' dir='ltr'><em>accepit,</em></span> <span class='ocrx_word' id='word_1_254' title='bbox 914 2434 1004 2482; x_wconf 84' lang='lat' dir='ltr'><em>quia</em></span> <span class='ocrx_word' id='word_1_255' title='bbox 1028 2434 1251 2489; x_wconf 79' lang='lat' dir='ltr'><em>hypocritae</em></span> <span class='ocrx_word' id='word_1_256' title='bbox 1276 2432 1401 2479; x_wconf 83' lang='lat' dir='ltr'><em>specie</em></span> <span class='ocrx_word' id='word_1_257' title='bbox 1426 2434 1578 2469; x_wconf 84' lang='lat' dir='ltr'><em>tantum</em></span> <span class='ocrx_word' id='word_1_258' title='bbox 1612 2433 1702 2470; x_wconf 89' lang='lat' dir='ltr'><em>boni</em></span> <span class='ocrx_word' id='word_1_259' title='bbox 1730 2436 1829 2478; x_wconf 77' lang='lat' dir='ltr'><em>sunt,</em></span> <span class='ocrx_word' id='word_1_260' title='bbox 1856 2446 1897 2472; x_wconf 89' lang='lat' dir='ltr'><em>re</em></span> 
     </span>
     <span class='ocr_line' id='line_1_33' title="bbox 426 2479 1898 2532; baseline -0.003 -9"><span class='ocrx_word' id='word_1_261' title='bbox 426 2489 554 2524; x_wconf 73' lang='lat' dir='ltr'><em>tamen</em></span> <span class='ocrx_word' id='word_1_262' title='bbox 573 2484 763 2532; x_wconf 84' lang='lat' dir='ltr'><em>Epicurei,</em></span> <span class='ocrx_word' id='word_1_263' title='bbox 780 2483 819 2519; x_wconf 91' lang='lat' dir='ltr'><em>id</em></span> <span class='ocrx_word' id='word_1_264' title='bbox 837 2485 893 2519; x_wconf 88' lang='lat' dir='ltr'><em>est</em></span> <span class='ocrx_word' id='word_1_265' title='bbox 909 2482 1115 2529; x_wconf 80' lang='lat' dir='ltr'><em>voluptatis</em></span> <span class='ocrx_word' id='word_1_266' title='bbox 1132 2479 1303 2517; x_wconf 86' lang='lat' dir='ltr'><em>studiosi.</em></span> <span class='ocrx_word' id='word_1_267' title='bbox 1494 2490 1530 2517; x_wconf 89' lang='lat'><em>11</em></span> <span class='ocrx_word' id='word_1_268' title='bbox 1560 2492 1688 2516; x_wconf 79' lang='lat' dir='ltr'><em>nomen</em></span> <span class='ocrx_word' id='word_1_269' title='bbox 1706 2485 1738 2517; x_wconf 80' lang='lat' dir='ltr'><em>et</em></span> <span class='ocrx_word' id='word_1_270' title='bbox 1754 2486 1898 2519; x_wconf 78' lang='lat' dir='ltr'><em>notam:</em></span> 
     </span>
     <span class='ocr_line' id='line_1_34' title="bbox 428 2528 1898 2580; baseline -0.002 -11"><span class='ocrx_word' id='word_1_271' title='bbox 428 2546 459 2569; x_wconf 88' lang='lat' dir='ltr'><em>v.</em></span> <span class='ocrx_word' id='word_1_272' title='bbox 482 2533 591 2580; x_wconf 83' lang='lat' dir='ltr'><em>Verg.</em></span> <span class='ocrx_word' id='word_1_273' title='bbox 609 2535 699 2568; x_wconf 79' lang='lat' dir='ltr'><em>Am.</em></span> <span class='ocrx_word' id='word_1_274' title='bbox 717 2530 773 2568; x_wconf 86' lang='lat' dir='ltr'><em>iii.</em></span> <span class='ocrx_word' id='word_1_275' title='bbox 789 2540 872 2576; x_wconf 81' lang='grc'>444.</span> <span class='ocrx_word' id='word_1_276' title='bbox 1051 2539 1102 2572; x_wconf 83' lang='lat'><em>12,</em></span> <span class='ocrx_word' id='word_1_277' title='bbox 1124 2539 1164 2575; x_wconf 80' lang='lat'><em>13</em></span> <span class='ocrx_word' id='word_1_278' title='bbox 1190 2529 1319 2574; x_wconf 72' lang='lat' dir='ltr'><em>Maym·</em></span> <span class='ocrx_word' id='word_1_279' title='bbox 1335 2529 1472 2564; x_wconf 77' lang='lat' dir='ltr'><em>Montis</em></span> <span class='ocrx_word' id='word_1_280' title='bbox 1488 2539 1585 2564; x_wconf 83' lang='lat' dir='ltr'><em>noua</em></span> <span class='ocrx_word' id='word_1_281' title='bbox 1597 2530 1776 2574; x_wconf 72' lang='lat' dir='ltr'><em>professio</em></span> <span class='ocrx_word' id='word_1_282' title='bbox 1791 2540 1800 2565; x_wconf 73' lang='grc' dir='ltr'><strong><em>ε</em></strong></span> <span class='ocrx_word' id='word_1_283' title='bbox 1827 2528 1851 2566; x_wconf 89' lang='lat' dir='ltr'><em>i.</em></span> <span class='ocrx_word' id='word_1_284' title='bbox 1864 2540 1898 2566; x_wconf 82' lang='lat' dir='ltr'><em>e.</em></span> 
     </span>
     <span class='ocr_line' id='line_1_35' title="bbox 428 2574 1899 2626; baseline -0.003 -8"><span class='ocrx_word' id='word_1_285' title='bbox 428 2580 519 2619; x_wconf 87' lang='lat' dir='ltr'><em>ordo</em></span> <span class='ocrx_word' id='word_1_286' title='bbox 539 2592 573 2617; x_wconf 82' lang='lat' dir='ltr'><em>a.</em></span> <span class='ocrx_word' id='word_1_287' title='bbox 597 2580 631 2617; x_wconf 90' lang='lat' dir='ltr'><em>S.</em></span> <span class='ocrx_word' id='word_1_288' title='bbox 657 2578 851 2626; x_wconf 86' lang='lat' dir='ltr'><em>Stephano</em></span> <span class='ocrx_word' id='word_1_289' title='bbox 876 2577 1078 2614; x_wconf 84' lang='lat' dir='ltr'><em>Muretano</em></span> <span class='ocrx_word' id='word_1_290' title='bbox 1103 2588 1135 2613; x_wconf 83' lang='lat' dir='ltr'><em>a.</em></span> <span class='ocrx_word' id='word_1_291' title='bbox 1167 2577 1256 2621; x_wconf 86' lang='lat'>1076</span> <span class='ocrx_word' id='word_1_292' title='bbox 1281 2575 1382 2622; x_wconf 82' lang='lat' dir='ltr'><em>apud</em></span> <span class='ocrx_word' id='word_1_293' title='bbox 1410 2574 1598 2612; x_wconf 89' lang='lat' dir='ltr'><em>Muretum</em></span> <span class='ocrx_word' id='word_1_294' title='bbox 1620 2574 1810 2619; x_wconf 80' lang='lat' dir='ltr'><em>fundatus,</em></span> <span class='ocrx_word' id='word_1_295' title='bbox 1833 2575 1899 2623; x_wconf 88' lang='lat' dir='ltr'><em>qui</em></span> 
     </span>
     <span class='ocr_line' id='line_1_36' title="bbox 427 2622 1899 2670; baseline -0.002 -6"><span class='ocrx_word' id='word_1_296' title='bbox 427 2629 474 2665; x_wconf 80' lang='lat' dir='ltr'><em>ab</em></span> <span class='ocrx_word' id='word_1_297' title='bbox 499 2627 665 2665; x_wconf 86' lang='lat' dir='ltr'><em>eiusdem</em></span> <span class='ocrx_word' id='word_1_298' title='bbox 692 2637 903 2663; x_wconf 85' lang='lat' dir='ltr'><em>successore</em></span> <span class='ocrx_word' id='word_1_299' title='bbox 928 2637 961 2662; x_wconf 81' lang='lat' dir='ltr'><em>a.</em></span> <span class='ocrx_word' id='word_1_300' title='bbox 992 2634 1079 2669; x_wconf 85' lang='lat'>1124</span> <span class='ocrx_word' id='word_1_301' title='bbox 1103 2623 1150 2661; x_wconf 80' lang='lat' dir='ltr'><em>ad</em></span> <span class='ocrx_word' id='word_1_302' title='bbox 1176 2623 1301 2660; x_wconf 88' lang='lat' dir='ltr'><em>locum</em></span> <span class='ocrx_word' id='word_1_303' title='bbox 1324 2622 1485 2658; x_wconf 84' lang='lat' dir='ltr'><em>Grandis</em></span> <span class='ocrx_word' id='word_1_304' title='bbox 1510 2633 1575 2659; x_wconf 88' lang='lat' dir='ltr'><em>seu</em></span> <span class='ocrx_word' id='word_1_305' title='bbox 1601 2622 1731 2670; x_wconf 82' lang='lat' dir='ltr'><em>Magni</em></span> <span class='ocrx_word' id='word_1_306' title='bbox 1757 2622 1899 2661; x_wconf 81' lang='lat' dir='ltr'><em>Montis</em></span> 
     </span>
     <span class='ocr_line' id='line_1_37' title="bbox 427 2669 1901 2719; baseline -0.002 -8"><span class='ocrx_word' id='word_1_307' title='bbox 427 2676 690 2719; x_wconf 65' lang='lat' dir='ltr'><em>(Gr-anamma)</em></span> <span class='ocrx_word' id='word_1_308' title='bbox 708 2674 816 2710; x_wconf 83' lang='lat' dir='ltr'><em>iuxta</em></span> <span class='ocrx_word' id='word_1_309' title='bbox 834 2671 1067 2711; x_wconf 83' lang='lat' dir='ltr'><em>Lemeticum</em></span> <span class='ocrx_word' id='word_1_310' title='bbox 1082 2673 1273 2718; x_wconf 63' lang='lat' dir='ltr'><em>(Limam)</em></span> <span class='ocrx_word' id='word_1_311' title='bbox 1288 2669 1497 2706; x_wconf 80' lang='lat' dir='ltr'><em>translatus</em></span> <span class='ocrx_word' id='word_1_312' title='bbox 1513 2671 1581 2707; x_wconf 90' lang='lat' dir='ltr'><em>est.</em></span> <span class='ocrx_word' id='word_1_313' title='bbox 1731 2680 1772 2716; x_wconf 89' lang='lat'><em>13</em></span> <span class='ocrx_word' id='word_1_314' title='bbox 1797 2672 1901 2708; x_wconf 80' lang='lat' dir='ltr'><em>Salu-</em></span> 
     </span>
     <span class='ocr_line' id='line_1_38' title="bbox 427 2719 1900 2805; baseline -0.002 -47"><span class='ocrx_word' id='word_1_315' title='bbox 427 2729 526 2761; x_wconf 73' lang='lat' dir='ltr'><em>atore</em></span> <span class='ocrx_word' id='word_1_316' title='bbox 538 2724 693 2769; x_wconf 81' lang='lat' dir='ltr'><em>praeuio</em></span> <span class='ocrx_word' id='word_1_317' title='bbox 710 2734 718 2759; x_wconf 90' lang='lat'><strong>:</strong></span> <span class='ocrx_word' id='word_1_318' title='bbox 746 2721 793 2757; x_wconf 84' lang='lat' dir='ltr'><em>cf.</em></span> <span class='ocrx_word' id='word_1_319' title='bbox 813 2720 914 2757; x_wconf 81' lang='lat' dir='ltr'><em>infra</em></span> <span class='ocrx_word' id='word_1_320' title='bbox 930 2722 1001 2805; x_wconf 58' lang='lat'><em>629</em></span> <span class='ocrx_word' id='word_1_321' title='bbox 1013 2731 1044 2757; x_wconf 83' lang='lat' dir='ltr'><em>c.</em></span> <span class='ocrx_word' id='word_1_322' title='bbox 1189 2728 1245 2763; x_wconf 87' lang='lat'><em>22,</em></span> <span class='ocrx_word' id='word_1_323' title='bbox 1265 2728 1309 2763; x_wconf 85' lang='lat'><em>23</em></span> <span class='ocrx_word' id='word_1_324' title='bbox 1334 2730 1474 2763; x_wconf 82' lang='lat' dir='ltr'><em>semper</em></span> <span class='ocrx_word' id='word_1_325' title='bbox 1487 2719 1602 2754; x_wconf 75' lang='lat' dir='ltr'><em>deesse</em></span> <span class='ocrx_word' id='word_1_326' title='bbox 1619 2719 1760 2765; x_wconf 79' lang='lat' dir='ltr'><em>aliquid</em></span> <span class='ocrx_word' id='word_1_327' title='bbox 1776 2724 1900 2756; x_wconf 69' lang='lat' dir='ltr'><em>cunae</em></span> 
     </span>
     <span class='ocr_line' id='line_1_39' title="bbox 429 2764 1899 2813; baseline -0.002 -7"><span class='ocrx_word' id='word_1_328' title='bbox 429 2773 482 2806; x_wconf 84' lang='lat' dir='ltr'><em>rei</em></span> <span class='ocrx_word' id='word_1_329' title='bbox 495 2783 505 2807; x_wconf 91' lang='lat'><em>:</em></span> <span class='ocrx_word' id='word_1_330' title='bbox 530 2782 563 2806; x_wconf 85' lang='lat' dir='ltr'><em>v.</em></span> <span class='ocrx_word' id='word_1_331' title='bbox 575 2769 663 2806; x_wconf 86' lang='lat' dir='ltr'><em>Hor.</em></span> <span class='ocrx_word' id='word_1_332' title='bbox 679 2770 796 2806; x_wconf 73' lang='lat' dir='ltr'><em>Cam.</em></span> <span class='ocrx_word' id='word_1_333' title='bbox 809 2767 862 2805; x_wconf 90' lang='lat' dir='ltr'><em>iii.</em></span> <span class='ocrx_word' id='word_1_334' title='bbox 877 2778 897 2805; x_wconf 87' lang='lat'><em>2</em></span> <span class='ocrx_word' id='word_1_335' title='bbox 925 2795 933 2804; x_wconf 92' lang='lat'><strong>.</strong></span> <span class='ocrx_word' id='word_1_336' title='bbox 969 2778 991 2813; x_wconf 81' lang='lat'>4</span> <span class='ocrx_word' id='word_1_337' title='bbox 1012 2769 1145 2804; x_wconf 71' lang='lat' dir='ltr'><em>Curiae</em></span> <span class='ocrx_word' id='word_1_338' title='bbox 1158 2768 1274 2802; x_wconf 75' lang='lat' dir='ltr'><em>nescio</em></span> <span class='ocrx_word' id='word_1_339' title='bbox 1286 2767 1374 2812; x_wconf 80' lang='lat' dir='ltr'><em>quid</em></span> <span class='ocrx_word' id='word_1_340' title='bbox 1391 2777 1531 2811; x_wconf 83' lang='lat' dir='ltr'><em>semper</em></span> <span class='ocrx_word' id='word_1_341' title='bbox 1545 2766 1641 2802; x_wconf 73' lang='lat' dir='ltr'><em>abest</em></span> <span class='ocrx_word' id='word_1_342' title='bbox 1656 2767 1720 2803; x_wconf 83' lang='lat' dir='ltr'><em>rei.</em></span> <span class='ocrx_word' id='word_1_343' title='bbox 1765 2764 1899 2804; x_wconf 85' lang='lat' dir='ltr'><em>Nescio</em></span> 
     </span>
     <span class='ocr_line' id='line_1_40' title="bbox 427 2812 1900 2864; baseline -0.002 -9"><span class='ocrx_word' id='word_1_344' title='bbox 427 2817 600 2864; x_wconf 82' lang='lat' dir='ltr'><em>equidem</em></span> <span class='ocrx_word' id='word_1_345' title='bbox 627 2828 700 2863; x_wconf 89' lang='lat' dir='ltr'><em>quo</em></span> <span class='ocrx_word' id='word_1_346' title='bbox 726 2818 880 2854; x_wconf 78' lang='lat' dir='ltr'><em>auctore</em></span> <span class='ocrx_word' id='word_1_347' title='bbox 932 2826 999 2852; x_wconf 82' lang='lat' dir='ltr'><em>aec</em></span> <span class='ocrx_word' id='word_1_348' title='bbox 1024 2813 1199 2851; x_wconf 77' lang='lat' dir='ltr'><em>citaverit</em></span> <span class='ocrx_word' id='word_1_349' title='bbox 1230 2813 1398 2857; x_wconf 80' lang='lat' dir='ltr'><em>loannes,</em></span> <span class='ocrx_word' id='word_1_350' title='bbox 1425 2812 1490 2858; x_wconf 89' lang='lat' dir='ltr'><em>qui</em></span> <span class='ocrx_word' id='word_1_351' title='bbox 1518 2815 1670 2859; x_wconf 89' lang='lat' dir='ltr'><em>praeter</em></span> <span class='ocrx_word' id='word_1_352' title='bbox 1695 2812 1835 2850; x_wconf 77' lang='lat' dir='ltr'><em>Satires</em></span> <span class='ocrx_word' id='word_1_353' title='bbox 1861 2816 1900 2852; x_wconf 88' lang='lat' dir='ltr'><em>et</em></span> 
     </span>
     <span class='ocr_line' id='line_1_41' title="bbox 430 2859 1816 2913; baseline -0.004 -10"><span class='ocrx_word' id='word_1_354' title='bbox 430 2864 616 2913; x_wconf 67' lang='lat' dir='ltr'><em>Epi-iolas</em></span> <span class='ocrx_word' id='word_1_355' title='bbox 634 2863 730 2900; x_wconf 84' lang='lat' dir='ltr'><em>nihil</em></span> <span class='ocrx_word' id='word_1_356' title='bbox 751 2862 902 2901; x_wconf 75' lang='lat' dir='ltr'><em>Horatii</em></span> <span class='ocrx_word' id='word_1_357' title='bbox 919 2862 1055 2911; x_wconf 79' lang='lat' dir='ltr'><em>legisse</em></span> <span class='ocrx_word' id='word_1_358' title='bbox 1073 2861 1245 2906; x_wconf 74' lang='lat' dir='ltr'><em>videtui-3</em></span> <span class='ocrx_word' id='word_1_359' title='bbox 1271 2860 1318 2898; x_wconf 73' lang='lat' dir='ltr'><em>ci&#39;.</em></span> <span class='ocrx_word' id='word_1_360' title='bbox 1336 2872 1451 2908; x_wconf 85' lang='lat' dir='ltr'><em>supra</em></span> <span class='ocrx_word' id='word_1_361' title='bbox 1469 2860 1516 2897; x_wconf 85' lang='lat' dir='ltr'><em>ad</em></span> <span class='ocrx_word' id='word_1_362' title='bbox 1535 2859 1582 2897; x_wconf 86' lang='lat' dir='ltr'><em>vi.</em></span> <span class='ocrx_word' id='word_1_363' title='bbox 1601 2862 1643 2898; x_wconf 80' lang='lat'><em>18</em></span> <span class='ocrx_word' id='word_1_364' title='bbox 1662 2861 1745 2907; x_wconf 82' lang='lat'>(617</span> <span class='ocrx_word' id='word_1_365' title='bbox 1761 2866 1816 2907; x_wconf 78' lang='grc' dir='ltr'><em>Β).</em></span> 
     </span>
    </p>
   </div>
   <div class='ocr_carea' id='block_1_8' title="bbox 540 2944 604 2979">
    <p class='ocr_par' dir='ltr' id='par_1_9' title="bbox 540 2944 604 2979">
     <span class='ocr_line' id='line_1_42' title="bbox 540 2944 604 2979; baseline -0.031 -9"><span class='ocrx_word' id='word_1_366' title='bbox 540 2944 604 2979; x_wconf 80' lang='lat'><em>²0⁴</em></span> 
     </span>
    </p>
   </div>
  </div>
 </body>
</html>
