1988 3250
238 189 320 240 780
339 190 371 229 b
713 187 976 232 IOANNIS
1015 187 1531 232 SARESBERIENSIS
1634 185 1747 248 [ΜΒ.
1759 198 1852 232 V111
1933 186 1937 190 ’

387 309 534 353 furem
577 309 829 353 differentia
872 309 1113 353 manifesta
1153 308 1494 367 praescribitur3
1547 308 1688 352 bonus
1733 308 1852 352 enim

387 382 540 436 pastor
576 379 772 422 animam
817 394 944 422 suam
981 379 1109 436 ponit
1146 393 1228 436 pro
1266 378 1426 421 ouibus
1464 377 1569 423 suis,
1635 377 1775 422 Cuius
1814 377 1852 421 si

389 448 565 505 quaeris
598 448 802 501 officium,
835 448 956 506 apud
994 448 1084 491 iam
1118 448 1287 491 dictum
1327 447 1591 504 prophetam
1628 446 1852 491 inuenies:

388 517 499 561 Ecce
534 532 616 575 ego
648 517 743 575 ipse
774 518 997 575 requiram
1031 532 1137 561 oues
1171 532 1292 560 meas
1322 520 1368 560 et
1397 516 1590 560 uisitabo
1623 531 1709 570 eas,
1737 516 1854 560 sicut

387 587 546 630 uisitat
564 590 718 644 pastor
735 602 914 645 gregem
934 602 1076 638 suum,
1096 587 1144 629 in
1171 587 1243 629 die
1269 586 1447 643 quando
1474 586 1613 629 fuerit
1638 586 1686 628 in
1709 585 1854 629 medio
1874 599 1892 633 5

387 657 540 700 ouium
574 671 755 700 suarum
784 657 1109 714 dissipatarum.
1170 656 1366 699 Educam
1402 670 1476 699 eas
1506 655 1561 699 de
1595 656 1724 707 nube,
1753 669 1855 698 con-

387 726 582 784 gregabo
602 727 656 770 de
675 727 875 784 caligine,
894 726 1100 770 inducam
1121 741 1194 769 eas
1214 726 1261 768 in
1283 728 1448 769 terram
1468 739 1594 768 suam
1614 728 1660 768 et
1678 739 1856 782 pascam

391 810 466 839 eas
485 796 535 839 in
554 797 781 840 montibus
801 796 939 840 Israel
958 797 1006 838 in
1026 796 1136 839 riuis
1157 799 1202 839 et
1229 796 1277 838 in
1296 795 1468 839 cunctis
1488 795 1666 838 sedibus
1685 798 1856 846 terrae3

349 874 375 903 c
391 865 439 908 in
478 866 652 923 pascuis
684 866 933 919 uberrimis,
963 866 1009 908 in
1040 866 1267 908 montibus
1295 864 1478 908 excelsis
1508 868 1640 908 erunt
1668 877 1856 922 pascuae

390 950 554 987 earum,
593 936 867 992 requiescent
915 936 964 978 in
1012 935 1161 978 herbis
1209 934 1459 978 uirentibus
1503 937 1549 977 et
1590 934 1639 976 in
1682 933 1858 991 pascuis
1877 946 1919 970 10

390 1004 631 1062 pinguibus
659 1007 896 1062 pascentur
925 1019 1057 1062 super
1082 1009 1254 1047 montes
1283 1004 1436 1048 Israel.
1497 1003 1679 1047 Pascam
1708 1017 1783 1046 eas
1811 1005 1858 1046 et

391 1074 604 1117 accubare
634 1073 821 1127 faciam;
851 1074 969 1131 quod
1003 1073 1197 1130 perierat
1228 1073 1462 1130 requiram,
1483 1072 1601 1130 quod
1634 1071 1858 1116 abiectum

393 1146 491 1186 erat
524 1143 742 1194 reducam,
777 1143 895 1200 quod
927 1142 1203 1187 confractum
1238 1142 1389 1186 fuerat
1426 1142 1630 1200 alligabo,
1659 1144 1706 1185 et
1740 1140 1860 1198 quod

394 1212 619 1255 infirmum
649 1216 747 1256 erat
770 1212 1061 1263 consolidabo,
1081 1215 1127 1255 et
1153 1212 1271 1269 quod
1298 1213 1462 1271 pingue
1493 1215 1539 1255 et
1567 1211 1684 1255 forte
1715 1213 1859 1255 custo-

393 1282 524 1325 diam.
583 1282 706 1326 Haec
754 1285 823 1326 est
865 1282 982 1326 enim
1025 1282 1259 1340 diligentia
1303 1297 1393 1340 qua
1439 1282 1648 1340 gregibus
1697 1281 1861 1325 debent
1880 1294 1921 1330 15

393 1351 629 1409 inuigilare
661 1355 873 1409 pastores.
933 1352 1062 1405 Quod
1101 1355 1250 1395 autem
1290 1352 1544 1409 subiungit:
1586 1352 1646 1395 Et
1682 1364 1860 1409 pascam

393 1421 494 1464 illas
520 1421 567 1463 in
594 1421 756 1464 iudicio
783 1424 829 1464 et
854 1421 1050 1473 iustitia;
1080 1421 1121 1464 ei
1148 1421 1303 1477 utique
1333 1421 1570 1478 respondet
1589 1420 1707 1478 quod
1733 1435 1861 1478 prae-

393 1490 543 1533 misit:
573 1490 661 1533 Sed
680 1504 780 1533 cum
795 1490 1057 1533 austeritate
1072 1489 1359 1547 imperabatis
1379 1489 1442 1532 eis
1462 1491 1508 1532 et
1526 1503 1627 1533 cum
1646 1489 1861 1547 potentia.

394 1558 620 1616 Scriptum
659 1561 728 1602 est
766 1559 884 1602 enim
924 1558 1030 1616 quia
1068 1559 1242 1616 pondus
1281 1562 1327 1602 et
1360 1558 1544 1616 pondus,
1574 1573 1783 1602 mensura
1812 1561 1859 1602 et

392 1643 611 1679 mensura,
631 1631 871 1686 utrumque
899 1628 1226 1672 abhominabile
1256 1631 1324 1671 est
1358 1628 1478 1685 apud
1507 1627 1663 1671 Deum.
1723 1626 1859 1686 Apud
1880 1643 1924 1668 πο

393 1698 593 1741 homines
613 1701 763 1741 tamen
782 1698 860 1754 qui
886 1698 1232 1755 negotiationem
1253 1700 1460 1741 exercent
1478 1697 1660 1755 grandis
1680 1697 1861 1740 uidetur

348 1767 378 1808 <1
395 1782 488 1810 esse
516 1767 778 1824 prudentiae
804 1766 880 1810 sed
907 1770 1058 1810 tamen
1082 1766 1274 1818 illicitae,
1298 1781 1410 1824 quae
1430 1766 1650 1811 calliditas
1669 1769 1715 1810 et
1734 1766 1863 1810 dolus

396 1839 475 1888 est,
508 1836 547 1878 si
586 1836 674 1879 alio
702 1836 895 1893 pondere
929 1836 1001 1879 uel
1035 1850 1243 1879 mensura
1276 1850 1358 1879 sua
1390 1836 1644 1880 distrahant
1677 1839 1724 1879 et
1762 1835 1864 1879 aliis

395 1908 652 1963 comparent
685 1905 842 1949 aliena.
902 1906 965 1949 At
996 1905 1043 1948 in
1078 1905 1276 1963 praelato
1307 1906 1423 1949 ratio
1453 1905 1595 1963 exigit
1623 1904 1863 1963 aequitatis

397 1978 450 2018 ut
481 1974 598 2032 quod
623 1975 723 2018 aliis
750 1975 940 2032 imponit
970 1990 1082 2018 onus
1106 1975 1199 2033 ipse
1226 1974 1462 2032 praeferat,
1489 1978 1535 2018 et
1561 1974 1679 2032 quod
1706 1975 1863 2019 docere
1883 1989 1925 2024 ²⁵

403 2044 599 2087 uoluerit
615 2058 745 2102 opere
770 2044 949 2088 studeat
968 2044 1225 2102 adimplere.
1287 2045 1384 2088 Hoc
1404 2047 1472 2088 est
1492 2044 1610 2088 enim
1630 2044 1678 2087 in
1698 2044 1864 2088 iudicio

398 2118 445 2157 et
463 2113 638 2157 iustitia
651 2127 827 2170 pascere
842 2116 888 2157 et
903 2128 991 2157 non
1007 2114 1053 2156 in
1070 2114 1330 2158 austeritate
1350 2117 1396 2158 et
1414 2114 1616 2172 potentia
1638 2114 1864 2172 imperare.

399 2182 529 2236 Quod
556 2182 712 2239 utique
739 2182 911 2226 faciunt
937 2183 1013 2240 qui
1041 2183 1237 2227 humeris
1263 2183 1492 2227 hominum
1519 2183 1709 2241 alligant
1731 2197 1868 2227 onera

398 2251 555 2310 grauia
574 2254 620 2295 et
639 2251 940 2309 importabilia
966 2254 1012 2295 et
1031 2252 1173 2310 digito
1199 2266 1280 2295 suo
1303 2267 1356 2295 ea
1374 2252 1630 2310 contingere
1650 2256 1867 2297 recusant·

399 2322 527 2365 Vnde
551 2321 774 2378 sequitur:
806 2321 875 2373 Et,
901 2336 1000 2366 cum
1031 2322 1312 2380 purissimam
1339 2336 1500 2380 aquam
1528 2322 1741 2374 biberitis,
1765 2322 1867 2366 reli·
1884 2334 1929 2368 30

402 2445 424 2480 8
450 2443 589 2480 israhel
610 2443 640 2479 Α
734 2442 858 2480 cuntis
876 2442 909 2478 A
1040 2453 1077 2480 ιι
1107 2442 1250 2480 israhel
1267 2441 1300 2479 A
1395 2453 1460 2480 eos
1478 2441 1588 2479 CBA¹
1711 2453 1754 2490 13
1779 2455 1867 2482 cum

402 2491 564 2528 fractum
583 2490 608 2526 S
750 2501 795 2527 22
825 2489 1027 2537 prudentie
1043 2502 1122 2528 esse
1139 2490 1181 2527 0¹
1183 2490 1227 2527 Δι
1367 2500 1415 2537 30
1437 2489 1618 2528 biberetis
1634 2489 1702 2527 SM

449 2609 472 2644 ⁴
498 2599 587 2635 Ecce
603 2610 663 2644 eqo
680 2599 776 2634 ete..
768 2610 776 2619 ·
803 2609 836 2633 v.
855 2595 989 2634 Erech.
1010 2595 1132 2633 xxxiv.
1157 2606 1222 2633 ιι-
1201 2597 1281 2633 —16.
1413 2596 1469 2640 16,
1490 2605 1531 2642 17
1556 2597 1782 2653 Etpasoam·
1783 2598 1870 2635 ellac

403 2649 444 2683 {n
461 2647 615 2682 iudceizo
646 2643 781 2682 Enoch.
799 2644 920 2681 xxxiv.
943 2646 995 2681 16.
1171 2645 1211 2681 18
1236 2646 1305 2680 Sed
1321 2655 1403 2680 cum
1418 2647 1515 2682 eta:
1543 2643 1675 2682 Ezech.
1695 2644 1818 2681 xxxiv.
1834 2658 1868 2693 4.

407 2704 451 2740 19
471 2706 543 2740 pon
521 2695 616 2729 mim
633 2694 726 2729 etex
755 2691 859 2729 Prov.
879 2704 938 2728 xx.
962 2702 1016 2729 10.
1218 2702 1263 2737 24
1290 2693 1340 2728 At
1356 2693 1397 2727 in
1412 2693 1576 2739 praelato
1593 2693 1667 2729 etc.
1684 2703 1728 2729 un
1729 2703 1802 2739 que
1819 2692 1870 2729 ad

403 2746 593 2778 mutant:
622 2739 724 2777 Haec
742 2738 949 2776 vocabula
939 2751 979 2794 ¹.¹¹
998 2739 1078 2777 cod.
1096 2738 1124 2776 C
1141 2738 1258 2777 minio
1280 2738 1429 2776 notavit
1447 2739 1640 2777 Parkerus.
1821 2741 1868 2778 28

404 2789 564 2874 gnuog-u
579 2790 673 2824 eta:
701 2799 763 2873 v8
750 2787 858 2824 Matt.
878 2786 982 2823 xxiii.
1001 2797 1034 2832 4.
1280 2797 1327 2834 30
1350 2788 1410 2831 Et,
1423 2799 1504 2824 cum
1516 2788 1755 2834 purissimam
1769 2789 1868 2826 οιο.ι

457 2848 499 2873 ec
557 2834 678 2871 xxxiv.
699 2845 711 2873 ι
743 2843 823 2872 -αι,

515 2917 581 2952 860
