1988 3250
263 180 334 221 721
352 167 382 210 <1
725 168 986 214 IOANNIS
1026 167 1540 213 SARESBERIENSIS
1638 166 1751 228 [mn.
1767 177 1860 211 VIII

398 288 464 332 Re
498 287 676 346 publica
708 288 898 346 scripsit,
932 289 1011 332 ubi
1042 288 1242 346 loquitur
1272 288 1327 331 de
1360 286 1636 331 instituendo
1664 287 1864 344 principe

397 358 608 408 ciuitatis,
638 373 769 415 quem
798 358 907 401 dicit
936 358 1143 401 alendum
1179 372 1272 400 esse
1301 357 1444 414 gloria
1473 359 1519 399 et
1549 358 1865 413 consequenter

254 444 335 485 722
354 444 384 474 a
399 430 712 470 commemorat
750 427 938 470 maiores
983 442 1086 470 suos
1128 427 1271 469 multa
1314 426 1428 468 mira
1467 429 1602 482 atque
1640 425 1866 482 praeclara

400 497 569 555 gloriae
587 497 831 553 cupiditate
852 496 1019 540 fecisse.
1080 497 1198 540 Huic
1226 511 1330 553 ergo
1357 495 1470 538 uitio
1496 510 1586 538 non
1610 495 1751 538 solum
1776 508 1866 537 non

401 566 667 609 resistebant
705 581 865 624 uerum·
901 567 1035 610 etiam
1070 567 1117 609 id
1147 565 1432 609 excitandum
1465 567 1510 608 et
1541 563 1865 608 accendendum
1885 579 1905 613 5

402 649 496 679 esse
534 637 772 679 censebant
810 639 1020 693 putantes
1059 636 1141 679 hoc
1181 636 1244 678 rei
1285 635 1487 692 publicae
1527 634 1747 691 expedire.
1811 633 1868 676 In

402 704 530 748 libris
578 720 751 762 quoque
803 706 1112 762 Philosophiae
1161 705 1276 747 idem
1328 704 1500 746 Tullius
1549 704 1663 747 hanc
1712 702 1870 745 intulit

402 774 698 817 uniuersalem
728 775 1064 832 generalemque
1099 774 1393 817 sententiamt
1438 773 1592 816 Honos
1627 772 1709 815 alit
1739 774 1870 821 artes,

405 846 451 886 et
470 844 613 901 gloria
628 845 928 887 accenduntur
948 859 1100 887 omnes
1121 844 1178 886 ad
1199 843 1359 893 studia,
1373 843 1606 901 iacentque
1626 856 1679 885 ea
1698 855 1871 898 semper

405 928 518 970 quae
550 914 668 970 apud
701 928 896 970 quosque
929 914 1250 970 improbantur.
1313 913 1431 956 Huic
1461 912 1603 970 igitur
1632 909 1869 968 cupiditati
1889 926 1931 950 ιο

404 983 562 1026 melius
602 986 670 1026 est
709 983 912 1026 resistere
952 984 1046 1028 sine
1097 983 1376 1026 dubitatione
1419 997 1552 1039 quam
1591 981 1744 1024 cedere
1756 994 1766 1033 ;
1814 981 1869 1023 ut

406 1043 523 1095 enim
544 1052 609 1095 ait
629 1052 786 1094 beatus
805 1053 1085 1109 Augustinus
1113 1052 1160 1094 in
1186 1052 1300 1094 libro
1322 1052 1388 1096 De
1410 1051 1607 1095 Ciuitate
1629 1049 1724 1100 Dei,
1743 1051 1872 1092 tanto

407 1122 593 1179 quisque
627 1125 695 1164 est
730 1121 823 1164 Deo
859 1122 1055 1172 similior,
1091 1125 1259 1178 quanto
1290 1124 1336 1164 et
1376 1121 1433 1164 ab
1467 1121 1549 1163 hac
1589 1118 1874 1162 immunditia

406 1191 627 1234 mundior.
701 1191 825 1244 Quae
855 1191 902 1232 in
927 1191 1008 1233 hac
1035 1191 1132 1234 uita
1159 1191 1242 1233 etsi
1272 1205 1362 1233 non
1389 1189 1595 1232 funditus
1624 1187 1875 1231 eradicatur

409 1275 466 1304 ex
485 1261 625 1311 corde,
641 1261 746 1317 quia
761 1261 871 1303 bene
886 1261 1166 1317 proficientes
1181 1260 1352 1303 animos
1372 1262 1591 1316 temptare
1611 1272 1701 1301 non
1720 1259 1874 1310 cessat,
1894 1269 1934 1304 15

409 1330 566 1374 saltem
615 1330 835 1387 cupiditas
883 1330 1050 1387 gloriae
1098 1333 1333 1387 superetur
1381 1329 1616 1372 dilectione
1664 1325 1874 1370 iustitiae.

363 1403 392 1442 b
411 1400 530 1443 Nam
564 1401 715 1443 sanius
748 1399 873 1442 uidet
903 1400 979 1456 qui
1010 1403 1056 1442 et
1084 1415 1277 1442 amorem
1307 1399 1452 1442 laudis
1481 1398 1644 1440 uitium
1679 1411 1771 1439 esse
1805 1409 1875 1439 co-

410 1469 594 1527 gnoscit.
651 1469 744 1512 Nec
793 1469 928 1512 solius
977 1469 1023 1511 id
1063 1469 1318 1526 Augustini,
1349 1469 1426 1512 sed
1466 1468 1602 1511 etiam
1640 1465 1875 1524 gentilium

410 1539 633 1582 sententia
662 1542 731 1582 est
750 1539 936 1596 gloriam
962 1539 1076 1582 hanc
1106 1539 1242 1582 nichil
1273 1538 1396 1581 aliud
1425 1552 1519 1581 esse
1544 1551 1677 1594 quam
1701 1534 1876 1578 uentosi

410 1608 732 1666 quodammodo
771 1608 954 1665 spiritus
992 1611 1210 1651 tumorem
1246 1608 1370 1651 fumo
1410 1606 1699 1650 simillimum.
1758 1603 1875 1647 Nam
1897 1618 1941 1643 ao

412 1682 458 1722 et
482 1678 632 1721 fumus
657 1678 881 1722 oculorum
910 1678 1120 1721 obtundit
1146 1678 1296 1727 aciem,
1317 1681 1363 1720 et
1383 1691 1470 1734 quo
1497 1675 1640 1732 magis
1664 1673 1876 1724 ascendit,

412 1748 545 1791 citius
579 1747 751 1799 deficit;
796 1750 841 1790 et
876 1762 963 1804 quo
1003 1747 1145 1804 magis
1179 1747 1379 1797 deicitur,
1413 1745 1604 1802 amplius
1638 1743 1880 1795 solidatum

412 1832 512 1861 cum
537 1817 655 1860 enim
680 1817 737 1860 ad
764 1817 936 1860 excelsa
959 1817 1225 1874 peruenerit,
1246 1815 1480 1859 euanescit.
1541 1815 1676 1857 Recte
1701 1812 1879 1870 quidem

414 1901 466 1931 eo
485 1886 603 1944 quod
623 1901 650 1929 a
670 1886 868 1943 principe
883 1886 1022 1929 totius
1037 1886 1253 1930 uanitatis
1272 1885 1416 1930 traxit
1435 1883 1664 1941 originem.
1725 1881 1880 1925 Nimio

415 1956 486 1999 sui
511 1956 751 2013 capiuntur
777 1970 924 1998 amore
950 1956 1039 2012 qui,
1069 1955 1175 1998 dum
1203 1955 1342 1998 nubes
1369 1957 1415 1997 et
1441 1953 1593 1996 inania
1621 1954 1804 2009 captant
1833 1953 1880 1994 et
1899 1961 1942 1997 ²5

415 2026 561 2069 nescio
611 2025 718 2082 quid
758 2025 804 2067 in
845 2025 967 2067 inani
1014 2025 1203 2069 solidum
1244 2022 1572 2082 apprehendere
1622 2020 1881 2072 moliuntur,

417 2095 742 2138 obliuiscuntur
769 2093 852 2144 sui,
881 2108 980 2137 cum
1009 2103 1158 2137 tamen
1187 2093 1323 2136 nichil
1349 2092 1471 2135 aliud
1503 2105 1635 2149 quam
1668 2104 1714 2133 se
1744 2088 1884 2133 oculis

374 2180 400 2210 c
417 2166 713 2209 contueantur
751 2163 927 2220 iniquis.
1007 2163 1182 2206 Nolunt
1226 2163 1344 2206 enim
1392 2160 1722 2219 apprehendere
1766 2158 1883 2216 quod

418 2237 536 2286 sunt,
566 2237 612 2277 et
647 2233 757 2276 illud
791 2232 849 2276 ad
881 2232 1230 2276 emendationem
1267 2246 1373 2275 uero
1405 2230 1570 2275 iudicio
1600 2229 1779 2283 intueri,
1807 2227 1885 2272 sed

420 2372 441 2399 2
467 2373 546 2399 csse
563 2361 742 2416 alenda-m
760 2358 808 2397 Αι
916 2369 962 2442 d
989 2357 1240 2406 phylosophia
1258 2358 1297 2394 M
1429 2367 1451 2403 9
1476 2366 1609 2393 omnes
1623 2354 1887 2410 accenduntur

420 2409 466 2444 A¹
591 2419 633 2445 10
656 2408 791 2455 igitur]
809 2418 900 2454 ergo
1081 2408 1120 2443 18
1146 2406 1245 2442 eolus
1262 2403 1425 2441 CBASM
1562 2414 1605 2439 22
1629 2407 1710 2449 post
1726 2402 1890 2439 deicitur

420 2458 505 2493 add.
524 2467 566 2493 eo
585 2455 640 2491 Μ’
785 2457 830 2493 26
854 2453 1112 2501 eprehendere
1130 2453 1154 2490 S
1299 2454 1342 2489 28
1367 2451 1625 2498 eprehendere
1645 2450 1670 2487 S

471 2573 492 2609 8
519 2573 642 2608 Honos
658 2573 755 2608 etc:
783 2582 830 2608 ex
847 2569 922 2607 Cic.
944 2570 1045 2605 Tm.
1065 2570 1170 2614 Βίῳ.
1187 2567 1210 2605 i.
1228 2578 1249 2603 2
1270 2566 1287 2614 ξ
1307 2577 1328 2611 4
1347 2566 1444 2603 citat
1461 2565 1706 2613 Augustinus.
1847 2574 1891 2602 ιο

424 2621 522 2656 Huic
540 2621 654 2664 ἱρέων
668 2622 739 2655 etc.
759 2630 874 2664 usque
892 2617 940 2654 ad
961 2618 1144 2653 iustitiae:
1170 2627 1201 2651 v·
1227 2615 1322 2661 Aug.
1345 2617 1387 2650 de
1413 2616 1449 2650 C.
1476 2615 1520 2650 1).
1543 2626 1575 2650 v.
1600 2623 1652 2658 14.
1847 2622 1890 2658 19

421 2668 575 2713 ator-iam
594 2669 689 2702 ctc.:
715 2666 764 2702 cs.
781 2665 893 2711 Vei-g.
916 2667 1006 2701 Aen.
1031 2663 1079 2700 xi.
1104 2666 1197 2708 7083
1226 2662 1315 2698 Hor.
1342 2663 1413 2708 Ep.
1437 2661 1476 2699 ii.
1499 2671 1527 2697 ι.
1549 2670 1638 2706 177;
1665 2659 1763 2697 seat,
1784 2659 1890 2696 Theb.

425 2723 644 2757 x.711.712.
741 2724 781 2750 2ι
811 2714 992 2749 oculorum
1006 2712 1169 2747 obtundit
1182 2712 1293 2745 aciem
1308 2722 1315 2746 :
1344 2708 1395 2746 sic
1410 2708 1570 2745 delente
1585 2706 1680 2744 Plin.
1693 2708 1778 2743 Nat.
1793 2707 1890 2743 Hice.

424 2760 515 2797 xxii.
534 2770 590 2805 70.
753 2771 797 2805 23
827 2761 947 2796 Rem:
972 2771 1021 2796 nc.
1040 2759 1142 2795 fflmo
1160 2759 1400 2804 comparatur
1417 2756 1551 2803 gloria..
1712 2762 1756 2801 25
1782 2754 1892 2791 nubes

423 2814 455 2845 et
474 2810 604 2844 inania
622 2813 790 2855 captant:
818 2820 850 2843 v.
872 2807 961 2844 Hor.
979 2808 1024 2844 A.
1043 2807 1083 2844 P.
1102 2815 1181 2853 230.

536 2886 600 2922 240
