1988 3250
246 224 324 274 ⁷8⁷
344 223 374 264 b
719 221 980 266 IOANNIS
1019 219 1534 266 SARESBERIENSIS
1638 218 1750 281 [m
1765 231 1860 266 vm

390 341 557 386 ciuium
577 356 687 400 quos
706 342 839 386 morti
863 342 1189 396 destinauerat;
1219 344 1401 399 eratque
1427 341 1612 386 alterius
1630 341 1861 400 inscriptio

390 410 577 467 gladius,
598 411 728 455 alteri
762 411 909 469 pugio.
968 411 1118 455 Archa
1149 426 1323 468 quoque
1357 411 1515 469 ingens
1545 411 1860 469 multiplicium

348 494 373 524 c
391 495 663 524 uenenorum
702 481 888 524 inuenta
926 484 1006 534 est,
1046 481 1207 538 quibus
1252 480 1441 524 Claudio
1480 480 1640 524 Cesare
1678 481 1861 524 iubente

390 550 602 593 demersis
650 550 793 593 maria
840 551 937 608 ipsa
982 565 1144 608 magno
1182 549 1370 607 piscium
1409 549 1548 593 exitio
1586 552 1862 607 protestante

390 619 635 663 traduntur
663 619 843 663 infecta.
904 619 1124 663 Successit:
1153 619 1375 662 auunculo
1404 618 1634 676 Caligulae
1655 618 1860 674 (Claudio
1879 633 1900 668 5

389 693 541 732 tamen
568 689 846 746 interposito)
869 689 991 732 Nero
1011 688 1170 741 Cesar;
1199 703 1347 731 rerum
1374 687 1675 745 uitiorumque
1693 702 1861 731 succes·

389 772 475 809 sor,
509 758 646 800 immo
685 760 995 815 transgressor,
1030 757 1326 815 petulantiam
1365 756 1596 800 libidinem
1634 756 1861 800 luxuriam

389 826 628 870 auaritiam
659 826 1055 884 crudelitatemque
1089 826 1251 870 scelere
1279 826 1438 883 quouis
1462 825 1672 869 exercuit.
1731 826 1862 870 Teste

388 910 581 952 namque
611 895 769 938 Orosio
796 895 990 952 percitus
1017 895 1280 952 petulantia,
1299 895 1450 938 omnia
1475 909 1615 952 paene
1634 894 1795 938 Italiae
1814 897 1862 938 et

389 964 599 1008 Graeciae
620 965 798 1008 theatra
823 965 1108 1022 perlustrans,
1129 967 1357 1022 assumpto
1378 964 1513 1007 etiam
1533 963 1650 1007 uarii
1668 964 1861 1008 uestitus
1880 982 1924 1008 ιο

388 1034 611 1086 dedecore,
637 1035 798 1078 cericas
820 1034 883 1089 (id
914 1038 982 1078 est
1011 1034 1270 1093 cornicines)
1291 1034 1548 1078 citharistas
1577 1034 1784 1093 tragedos
1813 1036 1861 1078 et

388 1104 569 1162 aurigas
608 1119 738 1161 saepe
777 1104 901 1148 uisus
940 1108 1008 1148 est
1047 1119 1288 1162 superasse.
1366 1104 1648 1147 Libidinibus
1685 1118 1861 1162 quoque

388 1173 530 1216 tantis
559 1173 815 1230 exagitatus
855 1177 923 1217 est
958 1176 1010 1217 ut
1042 1189 1097 1217 ne
1133 1189 1161 1216 a
1198 1176 1342 1217 matre
1382 1173 1561 1230 quidem
1601 1173 1673 1217 uel
1712 1187 1860 1217 sorore

388 1242 538 1285 ullaue
581 1243 982 1300 consanguinitatis
1029 1243 1279 1287 reuerentia
1327 1243 1594 1286 abstinuisse
1628 1242 1861 1295 referatur,

388 1311 536 1355 uirum
565 1312 613 1354 in
639 1327 823 1355 uxorem
850 1312 1042 1365 duxerit,
1062 1313 1156 1369 ipse
1183 1327 1210 1355 a
1233 1312 1332 1355 uiro
1352 1315 1405 1356 ut
1431 1327 1546 1355 uxor
1565 1314 1770 1370 acceptus
1788 1311 1861 1358 sit.
1879 1332 1921 1369 ¹5

341 1385 371 1426 d
390 1380 614 1424 Luxuriae
643 1383 737 1424 tam
767 1381 1004 1425 effrenatae
1033 1381 1124 1425 fuit
1152 1385 1206 1424 ut
1235 1382 1405 1425 retibus
1431 1381 1578 1425 aureis
1601 1381 1860 1439 piscaretur,

388 1450 624 1507 purpureis
660 1449 867 1503 funibus3
909 1450 1086 1509 frigidis
1116 1454 1162 1494 et
1192 1451 1348 1495 calidis
1387 1451 1561 1494 lauaret
1594 1450 1861 1509 unguentis;

388 1520 558 1562 nullam
578 1522 746 1562 uestem
768 1519 836 1563 bis
856 1520 1015 1572 induit,
1030 1535 1110 1564 nec
1128 1535 1340 1578 umquam
1361 1520 1509 1564 minus
1527 1520 1648 1563 mille
1666 1520 1860 1564 carrucis

387 1589 625 1634 confecisse
652 1589 848 1632 traditur
872 1590 968 1633 iter.
1028 1590 1230 1647 Denique
1258 1590 1383 1633 urbis
1411 1590 1577 1633 Romae
1603 1589 1856 1633 incendium

387 1658 633 1715 uoluptatis
657 1673 763 1701 suae
790 1659 1087 1716 spectaculum
1109 1659 1238 1711 fecit;
1268 1674 1348 1716 per
1372 1674 1451 1702 sex
1478 1659 1573 1702 dies
1599 1662 1855 1716 septemque
1878 1678 1922 1704 πο

351 1753 357 1757 -
387 1731 538 1772 noctes
557 1727 717 1771 ardens
736 1728 896 1771 ciuitas
916 1729 1059 1786 regios
1084 1729 1211 1785 pauit
1230 1732 1447 1786 aspectus.
1493 1728 1666 1772 Horrea
1686 1729 1856 1786 quadro

387 1799 558 1840 structa
588 1797 734 1854 lapide
763 1812 1036 1855 magnaeque
1066 1797 1168 1840 illae
1198 1802 1400 1841 ueterum
1430 1798 1612 1850 insulae,
1633 1813 1743 1855 quas
1769 1798 1858 1842 dis-

386 1880 568 1910 currens
582 1867 760 1909 flamma
775 1867 898 1911 adire
913 1883 1002 1911 non
1018 1871 1204 1925 poterat,
1218 1868 1391 1925 magnis
1406 1868 1622 1912 machinis
1634 1869 1858 1926 quondam

387 1936 444 1979 ad
472 1939 657 1979 externa
684 1936 799 1979 bella
825 1937 1099 1994 praeparatis
1126 1937 1370 1980 labefactae
1394 1940 1529 1995 atque
1555 1938 1857 1983 inflammatae

386 2009 504 2056 sunt,
533 2005 589 2048 ad
624 2005 846 2048 aditorum
876 2006 1125 2049 mansiones
1159 2006 1477 2064 bustorumque
1512 2007 1755 2051 diuersoria
1788 2008 1855 2052 in·
1875 2022 1918 2058 ¹5

387 2074 505 2118 felici
530 2075 656 2132 plebe
675 2075 910 2132 compulsa.
971 2075 1098 2129 Quod
1120 2076 1212 2132 ipse
1233 2091 1289 2119 ex
1308 2076 1525 2119 altissima
1552 2077 1858 2123 Mecenatiana

240 2149 320 2200 788
339 2160 370 2190 a
386 2147 510 2188 turre
540 2148 836 2202 prospectans,
860 2145 1061 2202 letusque
1091 2145 1294 2188 flammae
1323 2147 1392 2202 (ut
1418 2145 1583 2204 aiebat)
1609 2147 1859 2204 pulchritu-

385 2214 500 2265 dine,
540 2214 709 2271 tragico
743 2213 900 2257 habitu
943 2214 1182 2257 Heleifeles
1216 2214 1345 2257 odam
1386 2218 1526 2265 sonat,
1565 2216 1858 2262 sacerdotales

384 2283 575 2340 hymnos
608 2283 805 2326 ciuitatis
835 2283 881 2326 in
907 2298 995 2340 qua
1024 2283 1128 2326 solis
1155 2283 1362 2341 splendor
1390 2284 1552 2328 colitur
1578 2285 1857 2332 decantabat.

383 2381 408 2418 9
431 2371 566 2409 ithalie
583 2372 629 2408 S:
655 2371 813 2408 ithaliae
832 2371 870 2407 M
1039 2382 1083 2409 10
1108 2372 1224 2409 etiam
1242 2385 1309 2409 om.
1329 2372 1367 2410 S¹
1526 2382 1571 2419 27
1596 2373 1855 2422 pulcritudine

382 2419 443 2455 As
584 2421 629 2456 28
654 2418 855 2456 helen-feles
872 2419 902 2455 B
1000 2430 1046 2465 29
1071 2419 1221 2457 himnos
1238 2420 1319 2457 AS:
1344 2432 1480 2467 ymnos
1498 2421 1538 2457 Μ

433 2508 450 2546 5
478 2500 646 2535 Succmit
663 2502 760 2536 etc:
787 2510 820 2535 v.
838 2498 941 2535 Oros.
961 2498 1021 2534 vii.
1041 2507 1060 2543 7
1080 2498 1121 2545 §§
1146 2509 1246 2536 1-12.
1364 2509 1407 2546 25
1435 2501 1616 2536 aditorum
1633 2502 1855 2538 mansiones:

382 2552 694 2583 monumentorum
711 2546 814 2582 Oros.
925 2547 969 2582 28
996 2547 1186 2592 Heleifeles
1203 2549 1296 2582 etc.:
1322 2548 1486 2583 Iliadum
1501 2549 1712 2584 decantabat
1728 2547 1854 2591 Oros.;

382 2595 539 2630 Halosin
556 2595 624 2629 Ilii
639 2595 842 2629 decantauu’t
861 2593 962 2629 Suet.
976 2595 1077 2639 (Ner.
1094 2596 1164 2638 38).
1199 2593 1380 2640 Suspicor
1396 2593 1435 2630 in
1453 2594 1581 2631 codice
1599 2594 1727 2642 aliquo
1743 2594 1855 2632 exsti-

382 2641 474 2678 tiu-e
503 2640 641 2685 (verbis
666 2640 784 2677 orosii
810 2643 850 2677 et
875 2640 1058 2683 Suetonii.
1087 2644 1129 2677 ut
1154 2640 1208 2677 ita
1233 2641 1367 2686 dicam,
1392 2641 1679 2689 contaminatis)
1708 2643 1854 2679 halosin

381 2691 558 2732 ιἸίαάαηις
585 2688 657 2724 hoc
674 2692 802 2725 autem
821 2688 861 2724 in
880 2688 917 2724 id
935 2688 1034 2734 quod
1060 2687 1120 2724 hic
1140 2688 1301 2735 legimus
1325 2692 1543 2736 corruptum
1561 2701 1641 2727 esse
1658 2702 1667 2735 ;
1695 2690 1851 2728 tandem

380 2737 572 2781 Haleisetea
595 2738 711 2778 odam,
729 2735 836 2782 quasi
863 2738 959 2772 cunct
982 2737 1182 2782 Heliopolis
1206 2738 1323 2778 odam,
1341 2737 1386 2773 de
1409 2738 1688 2774 sacerdotalibue
1707 2738 1854 2783 hymnis

379 2785 542 2821 ciuitatis
564 2785 603 2819 in
624 2796 695 2829 qua
713 2785 800 2819 nolis
822 2785 994 2829 splendor
1007 2785 1139 2819 colitur
1155 2783 1217 2828 (cf.
1240 2783 1402 2821 Macrob.
1421 2786 1496 2821 Sat.
1514 2783 1538 2821 i.
1557 2795 1601 2830 23
1630 2784 1637 2792 '
1663 2787 1719 2830 ιο)
1739 2783 1852 2821 inter·

379 2834 573 2879 precatum
593 2843 671 2867 cuc
688 2833 756 2867 aut
770 2830 947 2867 Ioannem
964 2829 1087 2876 ipsum
1105 2834 1171 2868 aut
1190 2831 1315 2868 Oronii
1332 2830 1458 2869 nescio
1476 2842 1588 2880 quem
1600 2842 1627 2879 g
1645 2834 1851 2870 conatorem

379 2890 492 2927 quem
509 2878 577 2915 nub
594 2877 713 2915 oculis
731 2877 895 2916 habebat
913 2877 1084 2916 Ioannou.

490 2935 554 2976 362
