<?xml version="1.0" encoding="UTF-8"?>
<!DOCTYPE html PUBLIC "-//W3C//DTD XHTML 1.0 Transitional//EN"
    "http://www.w3.org/TR/xhtml1/DTD/xhtml1-transitional.dtd">
<html xmlns="http://www.w3.org/1999/xhtml" xml:lang="en" lang="en">
 <head>
  <title>
</title>
<meta http-equiv="Content-Type" content="text/html;charset=utf-8" />
  <meta name='ocr-system' content='tesseract 3.04.00' />
  <meta name='ocr-capabilities' content='ocr_page ocr_carea ocr_par ocr_line ocrx_word'/>
</head>
<body>
  <div class='ocr_page' id='page_1' title='image "./policraticisived02john_0384.png"; bbox 0 0 1988 3250; ppageno 0'>
   <div class='ocr_carea' id='block_1_1' title="bbox 222 185 1836 249">
    <p class='ocr_par' dir='ltr' id='par_1_1' title="bbox 222 185 1836 249">
     <span class='ocr_line' id='line_1_1' title="bbox 222 185 1836 249; baseline 0.002 -15"><span class='ocrx_word' id='word_1_1' title='bbox 222 205 306 245; x_wconf 81' lang='lat'><strong>792</strong></span> <span class='ocrx_word' id='word_1_2' title='bbox 324 193 353 234; x_wconf 85' lang='lat' dir='ltr'>d</span> <span class='ocrx_word' id='word_1_3' title='bbox 697 190 961 237; x_wconf 88' lang='lat' dir='ltr'>IOANNIS</span> <span class='ocrx_word' id='word_1_4' title='bbox 1001 190 1516 237; x_wconf 82' lang='lat' dir='ltr'>SARESBERIENSIS</span> <span class='ocrx_word' id='word_1_5' title='bbox 1615 185 1836 249; x_wconf 61' lang='lat' dir='ltr'><strong>[navat</strong></span> 
     </span>
    </p>
   </div>
   <div class='ocr_carea' id='block_1_2' title="bbox 220 313 1909 1688">
    <p class='ocr_par' dir='ltr' id='par_1_2' title="bbox 220 313 1909 1688">
     <span class='ocr_line' id='line_1_2' title="bbox 371 313 1839 372; baseline 0 -16"><span class='ocrx_word' id='word_1_6' title='bbox 371 314 564 372; x_wconf 85' lang='lat' dir='ltr'>Nigrum</span> <span class='ocrx_word' id='word_1_7' title='bbox 611 313 668 357; x_wconf 88' lang='lat' dir='ltr'><strong>ad</strong></span> <span class='ocrx_word' id='word_1_8' title='bbox 717 313 986 357; x_wconf 70' lang='lat' dir='ltr'><strong>tirannidem</strong></span> <span class='ocrx_word' id='word_1_9' title='bbox 1025 313 1295 371; x_wconf 69' lang='lat' dir='ltr'>aspirantem</span> <span class='ocrx_word' id='word_1_10' title='bbox 1338 313 1451 357; x_wconf 86' lang='lat' dir='ltr'><strong>uicit</strong></span> <span class='ocrx_word' id='word_1_11' title='bbox 1490 315 1535 356; x_wconf 92' lang='lat' dir='ltr'><strong>et</strong></span> <span class='ocrx_word' id='word_1_12' title='bbox 1583 313 1810 357; x_wconf 84' lang='lat' dir='ltr'><strong>interfecit</strong></span> <span class='ocrx_word' id='word_1_13' title='bbox 1826 318 1839 366; x_wconf 72' lang='grc' dir='ltr'><strong>ξ·</strong></span> 
     </span>
     <span class='ocr_line' id='line_1_3' title="bbox 371 382 1836 436; baseline -0.001 -10"><span class='ocrx_word' id='word_1_14' title='bbox 371 383 533 426; x_wconf 88' lang='lat' dir='ltr'><strong>Iudeos</strong></span> <span class='ocrx_word' id='word_1_15' title='bbox 563 386 608 426; x_wconf 91' lang='lat' dir='ltr'><strong>et</strong></span> <span class='ocrx_word' id='word_1_16' title='bbox 638 383 884 426; x_wconf 85' lang='lat' dir='ltr'><strong>Samaritas</strong></span> <span class='ocrx_word' id='word_1_17' title='bbox 911 382 1175 426; x_wconf 72' lang='lat' dir='ltr'><strong>rebellantes</strong></span> <span class='ocrx_word' id='word_1_18' title='bbox 1209 383 1326 426; x_wconf 87' lang='lat' dir='ltr'><strong>ferro</strong></span> <span class='ocrx_word' id='word_1_19' title='bbox 1357 383 1581 426; x_wconf 72' lang='lat' dir='ltr'><strong>cohercuit</strong></span> <span class='ocrx_word' id='word_1_20' title='bbox 1593 397 1604 436; x_wconf 93' lang='lat'>;</span> <span class='ocrx_word' id='word_1_21' title='bbox 1648 383 1836 426; x_wconf 86' lang='lat' dir='ltr'><strong>Parthos</strong></span> 
     </span>
     <span class='ocr_line' id='line_1_4' title="bbox 220 451 1836 510; baseline -0.001 -14"><span class='ocrx_word' id='word_1_22' title='bbox 220 465 304 506; x_wconf 85' lang='lat'><strong>793</strong></span> <span class='ocrx_word' id='word_1_23' title='bbox 324 466 353 495; x_wconf 88' lang='lat' dir='ltr'><strong>a</strong></span> <span class='ocrx_word' id='word_1_24' title='bbox 371 453 544 496; x_wconf 87' lang='lat' dir='ltr'><strong>Arabas</strong></span> <span class='ocrx_word' id='word_1_25' title='bbox 564 453 903 509; x_wconf 82' lang='lat' dir='ltr'>Adiabenosque</span> <span class='ocrx_word' id='word_1_26' title='bbox 922 452 1162 509; x_wconf 87' lang='lat' dir='ltr'><strong>superauit.</strong></span> <span class='ocrx_word' id='word_1_27' title='bbox 1228 451 1314 495; x_wconf 92' lang='lat' dir='ltr'><strong>Hic</strong></span> <span class='ocrx_word' id='word_1_28' title='bbox 1335 454 1403 495; x_wconf 90' lang='lat' dir='ltr'><strong>est</strong></span> <span class='ocrx_word' id='word_1_29' title='bbox 1423 452 1615 495; x_wconf 85' lang='lat' dir='ltr'><strong>Seuerus</strong></span> <span class='ocrx_word' id='word_1_30' title='bbox 1633 452 1836 510; x_wconf 87' lang='lat' dir='ltr'><strong>gentium</strong></span> 
     </span>
     <span class='ocr_line' id='line_1_5' title="bbox 370 520 1837 579; baseline -0.001 -14"><span class='ocrx_word' id='word_1_31' title='bbox 370 522 526 574; x_wconf 87' lang='lat' dir='ltr'><strong>uictor,</strong></span> <span class='ocrx_word' id='word_1_32' title='bbox 555 522 631 579; x_wconf 89' lang='lat' dir='ltr'><strong>qui</strong></span> <span class='ocrx_word' id='word_1_33' title='bbox 666 522 714 564; x_wconf 92' lang='lat' dir='ltr'><strong>in</strong></span> <span class='ocrx_word' id='word_1_34' title='bbox 749 521 1006 564; x_wconf 82' lang='lat' dir='ltr'><strong>Britannias</strong></span> <span class='ocrx_word' id='word_1_35' title='bbox 1039 520 1216 564; x_wconf 86' lang='lat' dir='ltr'><strong>defectu</strong></span> <span class='ocrx_word' id='word_1_36' title='bbox 1250 535 1362 578; x_wconf 92' lang='lat' dir='ltr'><strong>pene</strong></span> <span class='ocrx_word' id='word_1_37' title='bbox 1391 522 1589 564; x_wconf 91' lang='lat' dir='ltr'><strong>omnium</strong></span> <span class='ocrx_word' id='word_1_38' title='bbox 1619 521 1837 565; x_wconf 91' lang='lat' dir='ltr'><strong>sociorum</strong></span> 
     </span>
     <span class='ocr_line' id='line_1_6' title="bbox 369 590 1875 648; baseline -0.001 -13"><span class='ocrx_word' id='word_1_39' title='bbox 369 595 552 642; x_wconf 87' lang='lat' dir='ltr'><strong>tractus,</strong></span> <span class='ocrx_word' id='word_1_40' title='bbox 573 591 746 648; x_wconf 87' lang='lat' dir='ltr'><strong>magnis</strong></span> <span class='ocrx_word' id='word_1_41' title='bbox 776 591 838 633; x_wconf 90' lang='lat' dir='ltr'><strong>ibi</strong></span> <span class='ocrx_word' id='word_1_42' title='bbox 869 590 1169 648; x_wconf 85' lang='lat' dir='ltr'><strong>grauibusque</strong></span> <span class='ocrx_word' id='word_1_43' title='bbox 1195 590 1374 647; x_wconf 89' lang='lat' dir='ltr'><strong>praeliis</strong></span> <span class='ocrx_word' id='word_1_44' title='bbox 1398 605 1527 647; x_wconf 91' lang='lat' dir='ltr'><strong>saepe</strong></span> <span class='ocrx_word' id='word_1_45' title='bbox 1550 591 1700 648; x_wconf 86' lang='lat' dir='ltr'><strong>gestis,</strong></span> <span class='ocrx_word' id='word_1_46' title='bbox 1720 598 1875 642; x_wconf 56' lang='lat' dir='ltr'><strong>rece-3</strong></span> 
     </span>
     <span class='ocr_line' id='line_1_7' title="bbox 370 659 1838 718; baseline -0.001 -15"><span class='ocrx_word' id='word_1_47' title='bbox 370 663 495 718; x_wconf 89' lang='lat' dir='ltr'><strong>ptam</strong></span> <span class='ocrx_word' id='word_1_48' title='bbox 533 663 708 717; x_wconf 89' lang='lat' dir='ltr'><strong>partem</strong></span> <span class='ocrx_word' id='word_1_49' title='bbox 742 660 914 703; x_wconf 92' lang='lat' dir='ltr'><strong>insulae</strong></span> <span class='ocrx_word' id='word_1_50' title='bbox 944 674 973 702; x_wconf 90' lang='lat' dir='ltr'><strong>a</strong></span> <span class='ocrx_word' id='word_1_51' title='bbox 1006 659 1164 702; x_wconf 89' lang='lat' dir='ltr'><strong>ceteris</strong></span> <span class='ocrx_word' id='word_1_52' title='bbox 1212 659 1441 701; x_wconf 85' lang='lat' dir='ltr'><strong>indomitis</strong></span> <span class='ocrx_word' id='word_1_53' title='bbox 1475 659 1684 716; x_wconf 89' lang='lat' dir='ltr'><strong>gentibus</strong></span> <span class='ocrx_word' id='word_1_54' title='bbox 1718 659 1838 702; x_wconf 90' lang='lat' dir='ltr'><strong>uallo</strong></span> 
     </span>
     <span class='ocr_line' id='line_1_8' title="bbox 370 727 1842 787; baseline -0.001 -15"><span class='ocrx_word' id='word_1_55' title='bbox 370 729 731 787; x_wconf 84' lang='lat' dir='ltr'><strong>distinguendam</strong></span> <span class='ocrx_word' id='word_1_56' title='bbox 766 729 959 787; x_wconf 89' lang='lat' dir='ltr'><strong>putauit.</strong></span> <span class='ocrx_word' id='word_1_57' title='bbox 1020 728 1179 785; x_wconf 89' lang='lat' dir='ltr'><strong>Itaque</strong></span> <span class='ocrx_word' id='word_1_58' title='bbox 1210 728 1452 770; x_wconf 85' lang='lat' dir='ltr'><strong>maximam</strong></span> <span class='ocrx_word' id='word_1_59' title='bbox 1484 727 1649 771; x_wconf 85' lang='lat' dir='ltr'><strong>fossam</strong></span> <span class='ocrx_word' id='word_1_60' title='bbox 1678 728 1842 771; x_wconf 72' lang='lat' dir='ltr'><strong>firmis-¹</strong></span> 
     </span>
     <span class='ocr_line' id='line_1_9' title="bbox 370 797 1838 855; baseline -0.001 -14"><span class='ocrx_word' id='word_1_61' title='bbox 370 799 619 855; x_wconf 88' lang='lat' dir='ltr'><strong>simumque</strong></span> <span class='ocrx_word' id='word_1_62' title='bbox 654 799 824 841; x_wconf 88' lang='lat' dir='ltr'><strong>uallum</strong></span> <span class='ocrx_word' id='word_1_63' title='bbox 863 797 1028 842; x_wconf 85' lang='lat' dir='ltr'><strong>crebris</strong></span> <span class='ocrx_word' id='word_1_64' title='bbox 1062 797 1244 854; x_wconf 88' lang='lat' dir='ltr'><strong>insuper</strong></span> <span class='ocrx_word' id='word_1_65' title='bbox 1277 797 1478 840; x_wconf 88' lang='lat' dir='ltr'><strong>turribus</strong></span> <span class='ocrx_word' id='word_1_66' title='bbox 1517 797 1838 840; x_wconf 91' lang='lat' dir='ltr'><strong>communitum</strong></span> 
     </span>
     <span class='ocr_line' id='line_1_10' title="bbox 369 866 1843 925; baseline -0.001 -14"><span class='ocrx_word' id='word_1_67' title='bbox 369 882 451 925; x_wconf 87' lang='lat' dir='ltr'><strong>per</strong></span> <span class='ocrx_word' id='word_1_68' title='bbox 483 871 661 911; x_wconf 87' lang='lat' dir='ltr'><strong>centum</strong></span> <span class='ocrx_word' id='word_1_69' title='bbox 694 867 858 925; x_wconf 87' lang='lat' dir='ltr'><strong>uiginti</strong></span> <span class='ocrx_word' id='word_1_70' title='bbox 894 867 982 910; x_wconf 89' lang='lat' dir='ltr'><strong>duo</strong></span> <span class='ocrx_word' id='word_1_71' title='bbox 1016 866 1141 909; x_wconf 84' lang='lat' dir='ltr'><strong>milia</strong></span> <span class='ocrx_word' id='word_1_72' title='bbox 1171 880 1381 923; x_wconf 85' lang='lat' dir='ltr'><strong>passuum</strong></span> <span class='ocrx_word' id='word_1_73' title='bbox 1418 881 1446 909; x_wconf 92' lang='lat' dir='ltr'><strong>a</strong></span> <span class='ocrx_word' id='word_1_74' title='bbox 1483 866 1596 909; x_wconf 88' lang='lat' dir='ltr'><strong>mari</strong></span> <span class='ocrx_word' id='word_1_75' title='bbox 1627 867 1685 910; x_wconf 91' lang='lat' dir='ltr'><strong>ad</strong></span> <span class='ocrx_word' id='word_1_76' title='bbox 1718 880 1843 910; x_wconf 87' lang='lat' dir='ltr'><strong>mare·</strong></span> 
     </span>
     <span class='ocr_line' id='line_1_11' title="bbox 371 935 1903 993; baseline -0.001 -13"><span class='ocrx_word' id='word_1_77' title='bbox 371 937 516 980; x_wconf 74' lang='lat' dir='ltr'><strong>duxit.</strong></span> <span class='ocrx_word' id='word_1_78' title='bbox 577 936 746 993; x_wconf 91' lang='lat' dir='ltr'><strong>Ibique,</strong></span> <span class='ocrx_word' id='word_1_79' title='bbox 767 937 883 980; x_wconf 89' lang='lat' dir='ltr'><strong>sicut</strong></span> <span class='ocrx_word' id='word_1_80' title='bbox 903 935 1086 979; x_wconf 87' lang='lat' dir='ltr'><strong>Orosius</strong></span> <span class='ocrx_word' id='word_1_81' title='bbox 1107 937 1152 978; x_wconf 88' lang='lat' dir='ltr'><strong>et</strong></span> <span class='ocrx_word' id='word_1_82' title='bbox 1170 935 1247 977; x_wconf 88' lang='lat' dir='ltr'><strong>alii</strong></span> <span class='ocrx_word' id='word_1_83' title='bbox 1268 935 1467 978; x_wconf 83' lang='lat' dir='ltr'><strong>historici</strong></span> <span class='ocrx_word' id='word_1_84' title='bbox 1487 935 1701 988; x_wconf 80' lang='lat' dir='ltr'><strong>referunt,</strong></span> <span class='ocrx_word' id='word_1_85' title='bbox 1721 935 1840 993; x_wconf 89' lang='lat' dir='ltr'><strong>apud</strong></span> <span class='ocrx_word' id='word_1_86' title='bbox 1861 944 1903 980; x_wconf 75' lang='grc' dir='ltr'><strong>ιᾱ</strong></span> 
     </span>
     <span class='ocr_line' id='line_1_12' title="bbox 372 1004 1842 1064; baseline 0 -15"><span class='ocrx_word' id='word_1_87' title='bbox 372 1006 586 1064; x_wconf 89' lang='lat' dir='ltr'><strong>oppidum</strong></span> <span class='ocrx_word' id='word_1_88' title='bbox 636 1006 882 1049; x_wconf 90' lang='lat' dir='ltr'><strong>Eboracum</strong></span> <span class='ocrx_word' id='word_1_89' title='bbox 930 1005 1085 1048; x_wconf 91' lang='lat' dir='ltr'><strong>morbo</strong></span> <span class='ocrx_word' id='word_1_90' title='bbox 1124 1004 1246 1048; x_wconf 90' lang='lat' dir='ltr'><strong>obiit.</strong></span> <span class='ocrx_word' id='word_1_91' title='bbox 1326 1005 1555 1062; x_wconf 86' lang='lat' dir='ltr'><strong>Siquidem</strong></span> <span class='ocrx_word' id='word_1_92' title='bbox 1606 1005 1842 1049; x_wconf 86' lang='lat' dir='ltr'><strong>Britannia</strong></span> 
     </span>
     <span class='ocr_line' id='line_1_13' title="bbox 373 1074 1841 1132; baseline 0 -14"><span class='ocrx_word' id='word_1_93' title='bbox 373 1090 546 1119; x_wconf 90' lang='lat' dir='ltr'><strong>uenena</strong></span> <span class='ocrx_word' id='word_1_94' title='bbox 565 1090 738 1132; x_wconf 87' lang='lat' dir='ltr'><strong>semper</strong></span> <span class='ocrx_word' id='word_1_95' title='bbox 757 1074 990 1118; x_wconf 83' lang='lat' dir='ltr'><strong>exhorruit</strong></span> <span class='ocrx_word' id='word_1_96' title='bbox 1010 1077 1056 1117; x_wconf 90' lang='lat' dir='ltr'><strong>et</strong></span> <span class='ocrx_word' id='word_1_97' title='bbox 1082 1074 1129 1116; x_wconf 94' lang='lat' dir='ltr'><strong>in</strong></span> <span class='ocrx_word' id='word_1_98' title='bbox 1156 1074 1377 1131; x_wconf 89' lang='lat' dir='ltr'><strong>principes</strong></span> <span class='ocrx_word' id='word_1_99' title='bbox 1398 1089 1487 1118; x_wconf 91' lang='lat' dir='ltr'><strong>non</strong></span> <span class='ocrx_word' id='word_1_100' title='bbox 1506 1074 1634 1118; x_wconf 86' lang='lat' dir='ltr'><strong>nouit</strong></span> <span class='ocrx_word' id='word_1_101' title='bbox 1653 1074 1731 1118; x_wconf 89' lang='lat' dir='ltr'><strong>sed</strong></span> <span class='ocrx_word' id='word_1_102' title='bbox 1759 1083 1841 1132; x_wconf 89' lang='lat' dir='ltr'><strong>pro</strong></span> 
     </span>
     <span class='ocr_line' id='line_1_14' title="bbox 373 1143 1842 1202; baseline -0.001 -14"><span class='ocrx_word' id='word_1_103' title='bbox 373 1145 466 1188; x_wconf 88' lang='lat' dir='ltr'><strong>suis</strong></span> <span class='ocrx_word' id='word_1_104' title='bbox 485 1145 759 1202; x_wconf 87' lang='lat' dir='ltr'><strong>principibus</strong></span> <span class='ocrx_word' id='word_1_105' title='bbox 779 1144 970 1187; x_wconf 90' lang='lat' dir='ltr'><strong>inuictos</strong></span> <span class='ocrx_word' id='word_1_106' title='bbox 995 1143 1166 1201; x_wconf 87' lang='lat' dir='ltr'><strong>gladios</strong></span> <span class='ocrx_word' id='word_1_107' title='bbox 1186 1158 1398 1187; x_wconf 85' lang='lat' dir='ltr'><strong>exercere.</strong></span> <span class='ocrx_word' id='word_1_108' title='bbox 1459 1143 1715 1187; x_wconf 86' lang='lat' dir='ltr'><strong>Praefatum</strong></span> <span class='ocrx_word' id='word_1_109' title='bbox 1735 1156 1842 1188; x_wconf 90' lang='lat' dir='ltr'><strong>uero</strong></span> 
     </span>
     <span class='ocr_line' id='line_1_15' title="bbox 373 1212 1842 1271; baseline -0.001 -14"><span class='ocrx_word' id='word_1_110' title='bbox 373 1214 586 1271; x_wconf 92' lang='lat' dir='ltr'><strong>oppidum</strong></span> <span class='ocrx_word' id='word_1_111' title='bbox 627 1214 673 1255; x_wconf 93' lang='lat' dir='ltr'><strong>in</strong></span> <span class='ocrx_word' id='word_1_112' title='bbox 705 1213 752 1256; x_wconf 91' lang='lat' dir='ltr'><strong>id</strong></span> <span class='ocrx_word' id='word_1_113' title='bbox 791 1213 957 1256; x_wconf 89' lang='lat' dir='ltr'><strong>uirium</strong></span> <span class='ocrx_word' id='word_1_114' title='bbox 997 1215 1042 1255; x_wconf 88' lang='lat' dir='ltr'><strong>et</strong></span> <span class='ocrx_word' id='word_1_115' title='bbox 1081 1212 1347 1256; x_wconf 89' lang='lat' dir='ltr'><strong>temeritatis</strong></span> <span class='ocrx_word' id='word_1_116' title='bbox 1386 1213 1598 1270; x_wconf 91' lang='lat' dir='ltr'><strong>temporis</strong></span> <span class='ocrx_word' id='word_1_117' title='bbox 1635 1226 1842 1270; x_wconf 89' lang='lat' dir='ltr'><strong>processu</strong></span> 
     </span>
     <span class='ocr_line' id='line_1_16' title="bbox 374 1282 1903 1338; baseline -0.002 -12"><span class='ocrx_word' id='word_1_118' title='bbox 374 1284 574 1326; x_wconf 87' lang='lat' dir='ltr'><strong>excreuit</strong></span> <span class='ocrx_word' id='word_1_119' title='bbox 611 1287 664 1326; x_wconf 94' lang='lat' dir='ltr'><strong>ut</strong></span> <span class='ocrx_word' id='word_1_120' title='bbox 694 1283 879 1325; x_wconf 90' lang='lat' dir='ltr'><strong>urbibus</strong></span> <span class='ocrx_word' id='word_1_121' title='bbox 910 1282 1108 1338; x_wconf 84' lang='lat' dir='ltr'><strong>antiquis</strong></span> <span class='ocrx_word' id='word_1_122' title='bbox 1141 1282 1303 1326; x_wconf 88' lang='lat' dir='ltr'><strong>audeat</strong></span> <span class='ocrx_word' id='word_1_123' title='bbox 1337 1297 1383 1326; x_wconf 90' lang='lat' dir='ltr'><strong>se</strong></span> <span class='ocrx_word' id='word_1_124' title='bbox 1415 1282 1640 1335; x_wconf 81' lang='lat' dir='ltr'><strong>conferre3</strong></span> <span class='ocrx_word' id='word_1_125' title='bbox 1683 1283 1765 1326; x_wconf 88' lang='lat' dir='ltr'><strong>hoc</strong></span> <span class='ocrx_word' id='word_1_126' title='bbox 1799 1282 1840 1326; x_wconf 86' lang='lat' dir='ltr'><strong>ei</strong></span> <span class='ocrx_word' id='word_1_127' title='bbox 1862 1292 1903 1334; x_wconf 69' lang='lat'><strong>15</strong></span> 
     </span>
     <span class='ocr_line' id='line_1_17' title="bbox 375 1351 1841 1409; baseline -0.001 -14"><span class='ocrx_word' id='word_1_128' title='bbox 375 1352 492 1396; x_wconf 82' lang='lat' dir='ltr'><strong>forte</strong></span> <span class='ocrx_word' id='word_1_129' title='bbox 522 1353 638 1395; x_wconf 89' lang='lat' dir='ltr'><strong>tanti</strong></span> <span class='ocrx_word' id='word_1_130' title='bbox 669 1352 949 1409; x_wconf 89' lang='lat' dir='ltr'><strong>imperatoris</strong></span> <span class='ocrx_word' id='word_1_131' title='bbox 978 1351 1168 1395; x_wconf 80' lang='lat' dir='ltr'><strong>contulit</strong></span> <span class='ocrx_word' id='word_1_132' title='bbox 1202 1351 1444 1408; x_wconf 90' lang='lat' dir='ltr'><strong>sepultura.</strong></span> <span class='ocrx_word' id='word_1_133' title='bbox 1503 1352 1656 1409; x_wconf 86' lang='lat' dir='ltr'><strong>Ipsum</strong></span> <span class='ocrx_word' id='word_1_134' title='bbox 1691 1355 1841 1394; x_wconf 88' lang='lat' dir='ltr'><strong>tamen</strong></span> 
     </span>
     <span class='ocr_line' id='line_1_18' title="bbox 374 1421 1842 1480; baseline 0 -15"><span class='ocrx_word' id='word_1_135' title='bbox 374 1422 609 1480; x_wconf 86' lang='lat' dir='ltr'><strong>gentilium</strong></span> <span class='ocrx_word' id='word_1_136' title='bbox 640 1422 732 1465; x_wconf 90' lang='lat' dir='ltr'><strong>ritu</strong></span> <span class='ocrx_word' id='word_1_137' title='bbox 759 1425 805 1465; x_wconf 90' lang='lat' dir='ltr'><strong>et</strong></span> <span class='ocrx_word' id='word_1_138' title='bbox 830 1422 1075 1464; x_wconf 89' lang='lat' dir='ltr'><strong>infidelium</strong></span> <span class='ocrx_word' id='word_1_139' title='bbox 1096 1422 1321 1479; x_wconf 88' lang='lat' dir='ltr'><strong>prauitate</strong></span> <span class='ocrx_word' id='word_1_140' title='bbox 1342 1422 1612 1465; x_wconf 87' lang='lat' dir='ltr'><strong>tirannidem</strong></span> <span class='ocrx_word' id='word_1_141' title='bbox 1638 1422 1685 1464; x_wconf 88' lang='lat' dir='ltr'><strong>in</strong></span> <span class='ocrx_word' id='word_1_142' title='bbox 1713 1421 1842 1466; x_wconf 85' lang='lat' dir='ltr'><strong>Chri-</strong></span> 
     </span>
     <span class='ocr_line' id='line_1_19' title="bbox 328 1491 1845 1548; baseline 0 -13"><span class='ocrx_word' id='word_1_143' title='bbox 328 1496 357 1534; x_wconf 89' lang='lat' dir='ltr'><strong>b</strong></span> <span class='ocrx_word' id='word_1_144' title='bbox 376 1492 544 1535; x_wconf 88' lang='lat' dir='ltr'><strong>stianos</strong></span> <span class='ocrx_word' id='word_1_145' title='bbox 565 1491 811 1535; x_wconf 82' lang='lat' dir='ltr'><strong>exercuisse</strong></span> <span class='ocrx_word' id='word_1_146' title='bbox 831 1494 877 1535; x_wconf 90' lang='lat' dir='ltr'><strong>et</strong></span> <span class='ocrx_word' id='word_1_147' title='bbox 895 1505 1032 1548; x_wconf 89' lang='lat' dir='ltr'><strong>penas</strong></span> <span class='ocrx_word' id='word_1_148' title='bbox 1052 1491 1226 1535; x_wconf 91' lang='lat' dir='ltr'><strong>sceleris</strong></span> <span class='ocrx_word' id='word_1_149' title='bbox 1246 1491 1379 1534; x_wconf 91' lang='lat' dir='ltr'><strong>luisse</strong></span> <span class='ocrx_word' id='word_1_150' title='bbox 1394 1494 1564 1535; x_wconf 89' lang='lat' dir='ltr'><strong>certum</strong></span> <span class='ocrx_word' id='word_1_151' title='bbox 1581 1494 1659 1534; x_wconf 89' lang='lat' dir='ltr'><strong>est.</strong></span> <span class='ocrx_word' id='word_1_152' title='bbox 1699 1491 1845 1535; x_wconf 92' lang='lat' dir='ltr'><strong>Nemo</strong></span> 
     </span>
     <span class='ocr_line' id='line_1_20' title="bbox 375 1560 1843 1618; baseline 0 -15"><span class='ocrx_word' id='word_1_153' title='bbox 375 1561 493 1603; x_wconf 89' lang='lat' dir='ltr'><strong>enim</strong></span> <span class='ocrx_word' id='word_1_154' title='bbox 541 1576 569 1603; x_wconf 91' lang='lat' dir='ltr'><strong>a</strong></span> <span class='ocrx_word' id='word_1_155' title='bbox 608 1561 754 1604; x_wconf 89' lang='lat' dir='ltr'><strong>seculo</strong></span> <span class='ocrx_word' id='word_1_156' title='bbox 793 1575 839 1604; x_wconf 89' lang='lat' dir='ltr'><strong>se</strong></span> <span class='ocrx_word' id='word_1_157' title='bbox 883 1562 1112 1618; x_wconf 86' lang='lat' dir='ltr'><strong>apostatae</strong></span> <span class='ocrx_word' id='word_1_158' title='bbox 1152 1560 1299 1617; x_wconf 90' lang='lat' dir='ltr'><strong>angeli</strong></span> <span class='ocrx_word' id='word_1_159' title='bbox 1342 1561 1434 1618; x_wconf 89' lang='lat' dir='ltr'><strong>egit</strong></span> <span class='ocrx_word' id='word_1_160' title='bbox 1475 1561 1726 1618; x_wconf 88' lang='lat' dir='ltr'><strong>imaginem,</strong></span> <span class='ocrx_word' id='word_1_161' title='bbox 1766 1560 1843 1618; x_wconf 88' lang='lat' dir='ltr'><strong>qui</strong></span> 
     </span>
     <span class='ocr_line' id='line_1_21' title="bbox 376 1629 1909 1688; baseline 0 -14"><span class='ocrx_word' id='word_1_162' title='bbox 376 1630 706 1688; x_wconf 89' lang='lat' dir='ltr'><strong>dampnationis</strong></span> <span class='ocrx_word' id='word_1_163' title='bbox 726 1631 821 1674; x_wconf 92' lang='lat' dir='ltr'><strong>eius</strong></span> <span class='ocrx_word' id='word_1_164' title='bbox 841 1633 887 1673; x_wconf 91' lang='lat' dir='ltr'><strong>et</strong></span> <span class='ocrx_word' id='word_1_165' title='bbox 907 1630 1179 1674; x_wconf 86' lang='lat' dir='ltr'><strong>confusionis</strong></span> <span class='ocrx_word' id='word_1_166' title='bbox 1199 1644 1288 1672; x_wconf 93' lang='lat' dir='ltr'><strong>non</strong></span> <span class='ocrx_word' id='word_1_167' title='bbox 1309 1629 1447 1673; x_wconf 88' lang='lat' dir='ltr'><strong>fuerit</strong></span> <span class='ocrx_word' id='word_1_168' title='bbox 1467 1630 1698 1688; x_wconf 84' lang='lat' dir='ltr'><strong>particeps.</strong></span> <span class='ocrx_word' id='word_1_169' title='bbox 1864 1638 1909 1662; x_wconf 83' lang='lat'><strong>²⁰</strong></span> 
     </span>
    </p>
   </div>
   <div class='ocr_carea' id='block_1_3' title="bbox 378 1785 1848 2039">
    <p class='ocr_par' dir='ltr' id='par_1_3' title="bbox 378 1785 1848 2039">
     <span class='ocr_line' id='line_1_22' title="bbox 378 1785 1847 1844; baseline 0 -14"><span class='ocrx_word' id='word_1_170' title='bbox 378 1785 486 1843; x_wconf 89' lang='lat' dir='ltr'><strong>Cap.</strong></span> <span class='ocrx_word' id='word_1_171' title='bbox 510 1799 578 1830; x_wconf 88' lang='lat'><strong>20.</strong></span> <span class='ocrx_word' id='word_1_172' title='bbox 640 1785 768 1840; x_wconf 77' lang='lat' dir='ltr'><em>Quod</em></span> <span class='ocrx_word' id='word_1_173' title='bbox 806 1785 1094 1844; x_wconf 37' lang='lat' dir='ltr'><strong>auctoritate·</strong></span> <span class='ocrx_word' id='word_1_174' title='bbox 1112 1786 1309 1830; x_wconf 73' lang='lat' dir='ltr'><strong>diuinae</strong></span> <span class='ocrx_word' id='word_1_175' title='bbox 1341 1787 1546 1843; x_wconf 71' lang='lat' dir='ltr'><strong>payinae</strong></span> <span class='ocrx_word' id='word_1_176' title='bbox 1585 1786 1768 1830; x_wconf 80' lang='lat' dir='ltr'><strong>licitum</strong></span> <span class='ocrx_word' id='word_1_177' title='bbox 1807 1790 1847 1831; x_wconf 87' lang='lat' dir='ltr'><strong>et</strong></span> 
     </span>
     <span class='ocr_line' id='line_1_23' title="bbox 493 1854 1848 1912; baseline 0.001 -13"><span class='ocrx_word' id='word_1_178' title='bbox 493 1855 746 1912; x_wconf 70' lang='lat' dir='ltr'><strong>ylom&#39;osum</strong></span> <span class='ocrx_word' id='word_1_179' title='bbox 791 1859 852 1899; x_wconf 76' lang='lat' dir='ltr'><strong>est</strong></span> <span class='ocrx_word' id='word_1_180' title='bbox 893 1854 1100 1912; x_wconf 77' lang='lat' dir='ltr'><strong>publicos</strong></span> <span class='ocrx_word' id='word_1_181' title='bbox 1131 1855 1346 1899; x_wconf 76' lang='lat' dir='ltr'><strong>tirannos</strong></span> <span class='ocrx_word' id='word_1_182' title='bbox 1379 1856 1582 1910; x_wconf 73' lang='lat' dir='ltr'><strong>occidere,</strong></span> <span class='ocrx_word' id='word_1_183' title='bbox 1613 1856 1654 1899; x_wconf 72' lang='lat' dir='ltr'><strong>ei</strong></span> <span class='ocrx_word' id='word_1_184' title='bbox 1693 1861 1848 1900; x_wconf 83' lang='lat' dir='ltr'><strong>tamen</strong></span> 
     </span>
     <span class='ocr_line' id='line_1_24' title="bbox 484 1924 1847 1982; baseline 0.002 -14"><span class='ocrx_word' id='word_1_185' title='bbox 484 1924 711 1982; x_wconf 79' lang='lat' dir='ltr'><strong>fidelitate</strong></span> <span class='ocrx_word' id='word_1_186' title='bbox 747 1939 844 1969; x_wconf 73' lang='lat' dir='ltr'><strong>‘non</strong></span> <span class='ocrx_word' id='word_1_187' title='bbox 884 1925 942 1968; x_wconf 66' lang='lat' dir='ltr'><strong>sit</strong></span> <span class='ocrx_word' id='word_1_188' title='bbox 977 1925 1174 1969; x_wconf 77' lang='lat' dir='ltr'><strong>tiranno</strong></span> <span class='ocrx_word' id='word_1_189' title='bbox 1207 1925 1427 1969; x_wconf 76' lang='lat' dir='ltr'><strong>obnoxius</strong></span> <span class='ocrx_word' id='word_1_190' title='bbox 1465 1924 1726 1982; x_wconf 52' lang='lat' dir='ltr'><strong>interfector</strong></span> <span class='ocrx_word' id='word_1_191' title='bbox 1764 1931 1847 1971; x_wconf 77' lang='lat' dir='ltr'><strong>aut</strong></span> 
     </span>
     <span class='ocr_line' id='line_1_25' title="bbox 494 1993 1593 2039; baseline 0 -1"><span class='ocrx_word' id='word_1_192' title='bbox 494 1994 613 2038; x_wconf 73' lang='lat' dir='ltr'><strong>alias</strong></span> <span class='ocrx_word' id='word_1_193' title='bbox 637 1994 873 2038; x_wconf 68' lang='lat' dir='ltr'><strong>inst-itiam</strong></span> <span class='ocrx_word' id='word_1_194' title='bbox 892 1999 973 2038; x_wconf 82' lang='lat' dir='ltr'><strong>aut</strong></span> <span class='ocrx_word' id='word_1_195' title='bbox 995 1993 1261 2037; x_wconf 71' lang='lat' dir='ltr'><strong>honestatem</strong></span> <span class='ocrx_word' id='word_1_196' title='bbox 1286 2009 1377 2038; x_wconf 87' lang='lat' dir='ltr'><strong>non</strong></span> <span class='ocrx_word' id='word_1_197' title='bbox 1396 1995 1593 2039; x_wconf 75' lang='lat' dir='ltr'><strong>amittat.</strong></span> 
     </span>
    </p>
   </div>
   <div class='ocr_carea' id='block_1_4' title="bbox 379 2096 1911 2218">
    <p class='ocr_par' dir='ltr' id='par_1_4' title="bbox 379 2096 1911 2218">
     <span class='ocr_line' id='line_1_26' title="bbox 438 2096 1911 2155; baseline 0.003 -16"><span class='ocrx_word' id='word_1_198' title='bbox 438 2096 639 2155; x_wconf 86' lang='lat' dir='ltr'><strong>Longum</strong></span> <span class='ocrx_word' id='word_1_199' title='bbox 665 2100 733 2139; x_wconf 84' lang='lat' dir='ltr'><strong>est</strong></span> <span class='ocrx_word' id='word_1_200' title='bbox 762 2097 799 2139; x_wconf 92' lang='lat' dir='ltr'><strong>si</strong></span> <span class='ocrx_word' id='word_1_201' title='bbox 826 2096 1060 2154; x_wconf 84' lang='lat' dir='ltr'><strong>gentilium</strong></span> <span class='ocrx_word' id='word_1_202' title='bbox 1081 2097 1359 2140; x_wconf 87' lang='lat' dir='ltr'><strong>tirannorum</strong></span> <span class='ocrx_word' id='word_1_203' title='bbox 1379 2097 1437 2140; x_wconf 83' lang='lat' dir='ltr'><strong>ad</strong></span> <span class='ocrx_word' id='word_1_204' title='bbox 1466 2099 1667 2155; x_wconf 85' lang='lat' dir='ltr'><strong>tempora</strong></span> <span class='ocrx_word' id='word_1_205' title='bbox 1695 2101 1848 2142; x_wconf 85' lang='lat' dir='ltr'><strong>nostra</strong></span> <span class='ocrx_word' id='word_1_206' title='bbox 1869 2108 1911 2144; x_wconf 72' lang='lat'><strong>²5</strong></span> 
     </span>
     <span class='ocr_line' id='line_1_27' title="bbox 379 2166 1848 2218; baseline 0.002 -10"><span class='ocrx_word' id='word_1_207' title='bbox 379 2166 535 2209; x_wconf 89' lang='lat' dir='ltr'><strong>seriem</strong></span> <span class='ocrx_word' id='word_1_208' title='bbox 562 2166 747 2209; x_wconf 85' lang='lat' dir='ltr'><strong>uoluero</strong></span> <span class='ocrx_word' id='word_1_209' title='bbox 771 2166 971 2218; x_wconf 81' lang='lat' dir='ltr'><strong>trahere3</strong></span> <span class='ocrx_word' id='word_1_210' title='bbox 1001 2166 1077 2209; x_wconf 89' lang='lat' dir='ltr'><strong>sed</strong></span> <span class='ocrx_word' id='word_1_211' title='bbox 1105 2166 1237 2209; x_wconf 88' lang='lat' dir='ltr'><strong>unius</strong></span> <span class='ocrx_word' id='word_1_212' title='bbox 1261 2167 1342 2210; x_wconf 91' lang='lat' dir='ltr'><strong>hoc</strong></span> <span class='ocrx_word' id='word_1_213' title='bbox 1366 2166 1499 2210; x_wconf 87' lang='lat' dir='ltr'><strong>etatis</strong></span> <span class='ocrx_word' id='word_1_214' title='bbox 1526 2182 1614 2210; x_wconf 92' lang='lat' dir='ltr'><strong>non</strong></span> <span class='ocrx_word' id='word_1_215' title='bbox 1635 2182 1848 2211; x_wconf 89' lang='lat' dir='ltr'><strong>memora·</strong></span> 
     </span>
    </p>
   </div>
   <div class='ocr_carea' id='block_1_5' title="bbox 381 2292 1852 2438">
    <p class='ocr_par' dir='ltr' id='par_1_5' title="bbox 381 2292 1852 2438">
     <span class='ocr_line' id='line_1_28' title="bbox 381 2292 1851 2348; baseline 0.002 -19"><span class='ocrx_word' id='word_1_216' title='bbox 381 2303 403 2329; x_wconf 86' lang='lat'>2</span> <span class='ocrx_word' id='word_1_217' title='bbox 430 2292 600 2347; x_wconf 68' lang='lat' dir='ltr'><strong>coercuit</strong></span> <span class='ocrx_word' id='word_1_218' title='bbox 620 2292 680 2328; x_wconf 89' lang='lat' dir='ltr'><strong>CB</strong></span> <span class='ocrx_word' id='word_1_219' title='bbox 839 2302 856 2347; x_wconf 77' lang='lat'>5</span> <span class='ocrx_word' id='word_1_220' title='bbox 884 2292 936 2347; x_wconf 70' lang='lat' dir='ltr'><strong>ibi</strong></span> <span class='ocrx_word' id='word_1_221' title='bbox 955 2292 1105 2339; x_wconf 78' lang='lat' dir='ltr'><strong>magnis</strong></span> <span class='ocrx_word' id='word_1_222' title='bbox 1121 2292 1167 2328; x_wconf 81' lang='lat' dir='ltr'><strong>A¹</strong></span> <span class='ocrx_word' id='word_1_223' title='bbox 1306 2303 1344 2348; x_wconf 36' lang='lat'><strong>‘9</strong></span> <span class='ocrx_word' id='word_1_224' title='bbox 1369 2305 1416 2330; x_wconf 86' lang='lat' dir='ltr'><strong>xx</strong></span> <span class='ocrx_word' id='word_1_225' title='bbox 1434 2294 1508 2332; x_wconf 90' lang='lat' dir='ltr'><strong>duo</strong></span> <span class='ocrx_word' id='word_1_226' title='bbox 1526 2293 1668 2331; x_wconf 80' lang='lat' dir='ltr'>CBAS:</span> <span class='ocrx_word' id='word_1_227' title='bbox 1694 2294 1793 2332; x_wconf 86' lang='lat' dir='ltr'><strong>xxii⁰</strong></span> <span class='ocrx_word' id='word_1_228' title='bbox 1811 2295 1851 2332; x_wconf 80' lang='lat' dir='ltr'><strong>M</strong></span> 
     </span>
     <span class='ocr_line' id='line_1_29' title="bbox 381 2340 1852 2438; baseline 0.001 -13"><span class='ocrx_word' id='word_1_229' title='bbox 381 2340 611 2425; x_wconf 50' lang='lat' dir='ltr'><strong>tibrfilinggm</strong></span> <span class='ocrx_word' id='word_1_230' title='bbox 632 2340 656 2376; x_wconf 78' lang='lat' dir='ltr'>S</span> <span class='ocrx_word' id='word_1_231' title='bbox 695 2397 735 2424; x_wconf 87' lang='grc' dir='ltr'><strong>2ι</strong></span> <span class='ocrx_word' id='word_1_232' title='bbox 765 2340 1020 2424; x_wconf 33' lang='lat' dir='ltr'><strong>atligi-3¹33&amp;</strong></span> <span class='ocrx_word' id='word_1_233' title='bbox 1127 2398 1171 2424; x_wconf 82' lang='lat'><strong>22</strong></span> <span class='ocrx_word' id='word_1_234' title='bbox 1186 2340 1453 2435; x_wconf 37' lang='lat' dir='ltr'><strong>ldyrzliilgdlsmssg</strong></span> <span class='ocrx_word' id='word_1_235' title='bbox 1471 2391 1512 2425; x_wconf 75' lang='lat' dir='ltr'><strong>in</strong></span> <span class='ocrx_word' id='word_1_236' title='bbox 1528 2343 1852 2438; x_wconf 40' lang='lat' dir='ltr'><strong>rubnzczpllapffnrdzz</strong></span> 
     </span>
    </p>
   </div>
   <div class='ocr_carea' id='block_1_6' title="bbox 382 2494 1855 2875">
    <p class='ocr_par' dir='ltr' id='par_1_6' title="bbox 382 2494 1855 2875">
     <span class='ocr_line' id='line_1_30' title="bbox 434 2494 1852 2545; baseline 0.003 -13"><span class='ocrx_word' id='word_1_237' title='bbox 434 2506 476 2532; x_wconf 82' lang='lat'><strong>10</strong></span> <span class='ocrx_word' id='word_1_238' title='bbox 499 2498 569 2533; x_wconf 75' lang='lat' dir='ltr'><strong>alii</strong></span> <span class='ocrx_word' id='word_1_239' title='bbox 594 2498 757 2533; x_wconf 69' lang='lat' dir='ltr'><strong>histor-ica·</strong></span> <span class='ocrx_word' id='word_1_240' title='bbox 769 2509 777 2532; x_wconf 88' lang='lat'>:</span> <span class='ocrx_word' id='word_1_241' title='bbox 805 2495 827 2532; x_wconf 86' lang='lat' dir='ltr'><strong>i.</strong></span> <span class='ocrx_word' id='word_1_242' title='bbox 843 2507 874 2532; x_wconf 84' lang='lat' dir='ltr'><strong>e.</strong></span> <span class='ocrx_word' id='word_1_243' title='bbox 893 2494 1050 2543; x_wconf 84' lang='lat' dir='ltr'><strong>Eutrop.</strong></span> <span class='ocrx_word' id='word_1_244' title='bbox 1069 2495 1145 2532; x_wconf 87' lang='lat' dir='ltr'><strong>viii.</strong></span> <span class='ocrx_word' id='word_1_245' title='bbox 1170 2506 1212 2542; x_wconf 88' lang='lat'><strong>¹9</strong></span> <span class='ocrx_word' id='word_1_246' title='bbox 1231 2495 1248 2543; x_wconf 83' lang='lat'>§</span> <span class='ocrx_word' id='word_1_247' title='bbox 1275 2507 1288 2533; x_wconf 87' lang='lat'>1</span> <span class='ocrx_word' id='word_1_248' title='bbox 1309 2510 1317 2539; x_wconf 85' lang='lat'>;</span> <span class='ocrx_word' id='word_1_249' title='bbox 1343 2496 1390 2534; x_wconf 85' lang='lat' dir='ltr'><strong>cf.</strong></span> <span class='ocrx_word' id='word_1_250' title='bbox 1409 2496 1600 2544; x_wconf 82' lang='lat' dir='ltr'><strong>Spartian.</strong></span> <span class='ocrx_word' id='word_1_251' title='bbox 1618 2510 1650 2535; x_wconf 89' lang='lat' dir='ltr'><strong>c.</strong></span> <span class='ocrx_word' id='word_1_252' title='bbox 1673 2508 1725 2545; x_wconf 81' lang='lat'><strong>19,</strong></span> <span class='ocrx_word' id='word_1_253' title='bbox 1745 2498 1852 2536; x_wconf 76' lang='lat' dir='ltr'><strong>cuius</strong></span> 
     </span>
     <span class='ocr_line' id='line_1_31' title="bbox 382 2542 1852 2591; baseline 0.002 -10"><span class='ocrx_word' id='word_1_254' title='bbox 382 2547 510 2581; x_wconf 79' lang='lat' dir='ltr'><strong>tamen</strong></span> <span class='ocrx_word' id='word_1_255' title='bbox 531 2543 669 2580; x_wconf 83' lang='lat' dir='ltr'><strong>librum</strong></span> <span class='ocrx_word' id='word_1_256' title='bbox 689 2542 864 2580; x_wconf 69' lang='lat' dir='ltr'><strong>habuisse</strong></span> <span class='ocrx_word' id='word_1_257' title='bbox 885 2543 1063 2580; x_wconf 80' lang='lat' dir='ltr'><strong>Ioannem</strong></span> <span class='ocrx_word' id='word_1_258' title='bbox 1082 2543 1178 2579; x_wconf 88' lang='lat' dir='ltr'><strong>nihil</strong></span> <span class='ocrx_word' id='word_1_259' title='bbox 1196 2543 1356 2581; x_wconf 82' lang='lat' dir='ltr'><strong>indicat.</strong></span> <span class='ocrx_word' id='word_1_260' title='bbox 1498 2547 1600 2591; x_wconf 77' lang='lat' dir='ltr'><strong>apud</strong></span> <span class='ocrx_word' id='word_1_261' title='bbox 1623 2548 1723 2584; x_wconf 67' lang='lat' dir='ltr'><strong>eta:</strong></span> <span class='ocrx_word' id='word_1_262' title='bbox 1749 2546 1852 2584; x_wconf 71' lang='lat' dir='ltr'><strong>Haeo</strong></span> 
     </span>
     <span class='ocr_line' id='line_1_32' title="bbox 383 2590 1849 2638; baseline 0.003 -11"><span class='ocrx_word' id='word_1_263' title='bbox 383 2591 495 2628; x_wconf 76' lang='lat' dir='ltr'><strong>verba</strong></span> <span class='ocrx_word' id='word_1_264' title='bbox 514 2602 630 2638; x_wconf 74' lang='lat' dir='ltr'><strong>usque</strong></span> <span class='ocrx_word' id='word_1_265' title='bbox 647 2590 694 2627; x_wconf 71' lang='lat' dir='ltr'><strong>ad</strong></span> <span class='ocrx_word' id='word_1_266' title='bbox 712 2603 871 2627; x_wconf 76' lang='lat' dir='ltr'><strong>exercere</strong></span> <span class='ocrx_word' id='word_1_267' title='bbox 888 2590 926 2627; x_wconf 86' lang='lat' dir='ltr'><strong>in</strong></span> <span class='ocrx_word' id='word_1_268' title='bbox 944 2591 1024 2627; x_wconf 83' lang='lat' dir='ltr'><strong>cod.</strong></span> <span class='ocrx_word' id='word_1_269' title='bbox 1041 2591 1079 2627; x_wconf 87' lang='lat' dir='ltr'><strong>C.</strong></span> <span class='ocrx_word' id='word_1_270' title='bbox 1099 2591 1215 2627; x_wconf 89' lang='lat' dir='ltr'><strong>minio</strong></span> <span class='ocrx_word' id='word_1_271' title='bbox 1234 2592 1380 2629; x_wconf 82' lang='lat' dir='ltr'><strong>notavit</strong></span> <span class='ocrx_word' id='word_1_272' title='bbox 1398 2591 1594 2629; x_wconf 80' lang='lat' dir='ltr'><strong>Parkerus.</strong></span> <span class='ocrx_word' id='word_1_273' title='bbox 1811 2603 1849 2632; x_wconf 76' lang='grc' dir='ltr'><strong><em>Π</em></strong></span> 
     </span>
     <span class='ocr_line' id='line_1_33' title="bbox 383 2637 1851 2685; baseline 0.002 -10"><span class='ocrx_word' id='word_1_274' title='bbox 383 2640 569 2685; x_wconf 68' lang='lat' dir='ltr'><strong>Siquidem</strong></span> <span class='ocrx_word' id='word_1_275' title='bbox 596 2639 797 2674; x_wconf 72' lang='lat' dir='ltr'><strong>Britannia</strong></span> <span class='ocrx_word' id='word_1_276' title='bbox 822 2641 917 2675; x_wconf 63' lang='lat' dir='ltr'><strong>eta:</strong></span> <span class='ocrx_word' id='word_1_277' title='bbox 951 2637 1009 2675; x_wconf 79' lang='lat' dir='ltr'><strong>Ita</strong></span> <span class='ocrx_word' id='word_1_278' title='bbox 1036 2638 1092 2675; x_wconf 83' lang='lat' dir='ltr'><strong>ait</strong></span> <span class='ocrx_word' id='word_1_279' title='bbox 1121 2638 1167 2675; x_wconf 88' lang='lat' dir='ltr'><strong>de</strong></span> <span class='ocrx_word' id='word_1_280' title='bbox 1197 2639 1378 2676; x_wconf 80' lang='lat' dir='ltr'><strong>veneficio</strong></span> <span class='ocrx_word' id='word_1_281' title='bbox 1405 2639 1626 2677; x_wconf 76' lang='lat' dir='ltr'><strong>Franciecus</strong></span> <span class='ocrx_word' id='word_1_282' title='bbox 1656 2639 1851 2678; x_wconf 74' lang='lat' dir='ltr'><strong>Baconunt</strong></span> 
     </span>
     <span class='ocr_line' id='line_1_34' title="bbox 384 2685 1855 2734; baseline 0.001 -11"><span class='ocrx_word' id='word_1_283' title='bbox 384 2698 458 2723; x_wconf 77' lang='lat' dir='ltr'><strong>mm</strong></span> <span class='ocrx_word' id='word_1_284' title='bbox 472 2691 521 2721; x_wconf 76' lang='lat' dir='ltr'><strong>m</strong></span> <span class='ocrx_word' id='word_1_285' title='bbox 535 2688 649 2722; x_wconf 70' lang='lat' dir='ltr'><strong>nom-i</strong></span> <span class='ocrx_word' id='word_1_286' title='bbox 656 2688 797 2732; x_wconf 57' lang='lat' dir='ltr'><strong>veneria</strong></span> <span class='ocrx_word' id='word_1_287' title='bbox 807 2698 868 2721; x_wconf 85' lang='lat' dir='ltr'><strong>nec</strong></span> <span class='ocrx_word' id='word_1_288' title='bbox 877 2687 1084 2731; x_wconf 60' lang='lat' dir='ltr'><strong>sanquinnh:</strong></span> <span class='ocrx_word' id='word_1_289' title='bbox 1105 2685 1187 2722; x_wconf 84' lang='lat' dir='ltr'><strong>vide</strong></span> <span class='ocrx_word' id='word_1_290' title='bbox 1202 2689 1240 2722; x_wconf 83' lang='lat' dir='ltr'><strong>et</strong></span> <span class='ocrx_word' id='word_1_291' title='bbox 1255 2687 1347 2723; x_wconf 80' lang='lat' dir='ltr'><strong>haec</strong></span> <span class='ocrx_word' id='word_1_292' title='bbox 1358 2687 1470 2723; x_wconf 81' lang='lat' dir='ltr'><strong>verba</strong></span> <span class='ocrx_word' id='word_1_293' title='bbox 1483 2689 1521 2724; x_wconf 85' lang='lat' dir='ltr'><strong>et</strong></span> <span class='ocrx_word' id='word_1_294' title='bbox 1534 2699 1630 2734; x_wconf 86' lang='lat' dir='ltr'><strong>quae</strong></span> <span class='ocrx_word' id='word_1_295' title='bbox 1645 2690 1855 2734; x_wconf 76' lang='lat' dir='ltr'><strong>sequuntur</strong></span> 
     </span>
     <span class='ocr_line' id='line_1_35' title="bbox 385 2732 1853 2783; baseline 0.001 -13"><span class='ocrx_word' id='word_1_296' title='bbox 385 2745 446 2780; x_wconf 69' lang='lat' dir='ltr'><strong>ap.</strong></span> <span class='ocrx_word' id='word_1_297' title='bbox 468 2732 666 2780; x_wconf 78' lang='lat' dir='ltr'><strong>Spedding</strong></span> <span class='ocrx_word' id='word_1_298' title='bbox 687 2735 823 2769; x_wconf 72' lang='lat' dir='ltr'><strong>Leaen</strong></span> <span class='ocrx_word' id='word_1_299' title='bbox 843 2736 868 2772; x_wconf 60' lang='grc' dir='ltr'><strong>Α</strong></span> <span class='ocrx_word' id='word_1_300' title='bbox 899 2734 982 2779; x_wconf 70' lang='lat' dir='ltr'><strong>Life</strong></span> <span class='ocrx_word' id='word_1_301' title='bbox 1004 2734 1048 2780; x_wconf 82' lang='lat' dir='ltr'><strong>os</strong></span> <span class='ocrx_word' id='word_1_302' title='bbox 1064 2734 1198 2776; x_wconf 75' lang='lat' dir='ltr'><strong>Bacon,</strong></span> <span class='ocrx_word' id='word_1_303' title='bbox 1216 2745 1246 2769; x_wconf 84' lang='lat' dir='ltr'><strong>v.</strong></span> <span class='ocrx_word' id='word_1_304' title='bbox 1265 2746 1329 2780; x_wconf 82' lang='lat' dir='ltr'><strong>pp.</strong></span> <span class='ocrx_word' id='word_1_305' title='bbox 1348 2743 1427 2780; x_wconf 82' lang='lat'><strong>215,</strong></span> <span class='ocrx_word' id='word_1_306' title='bbox 1447 2735 1527 2771; x_wconf 87' lang='lat'>216.</span> <span class='ocrx_word' id='word_1_307' title='bbox 1674 2739 1717 2772; x_wconf 86' lang='lat'><strong>16</strong></span> <span class='ocrx_word' id='word_1_308' title='bbox 1740 2737 1853 2783; x_wconf 71' lang='lat' dir='ltr'><strong>sepul-</strong></span> 
     </span>
     <span class='ocr_line' id='line_1_36' title="bbox 385 2779 1853 2828; baseline 0.003 -11"><span class='ocrx_word' id='word_1_309' title='bbox 385 2786 491 2817; x_wconf 74' lang='lat' dir='ltr'><strong>tura:</strong></span> <span class='ocrx_word' id='word_1_310' title='bbox 525 2780 707 2818; x_wconf 82' lang='lat' dir='ltr'><strong>Seuerum</strong></span> <span class='ocrx_word' id='word_1_311' title='bbox 738 2780 839 2827; x_wconf 83' lang='lat' dir='ltr'><strong>apud</strong></span> <span class='ocrx_word' id='word_1_312' title='bbox 867 2779 1077 2817; x_wconf 76' lang='lat' dir='ltr'><strong>Eboracum</strong></span> <span class='ocrx_word' id='word_1_313' title='bbox 1109 2780 1301 2828; x_wconf 70' lang='lat' dir='ltr'><strong>sepultum</strong></span> <span class='ocrx_word' id='word_1_314' title='bbox 1328 2792 1406 2819; x_wconf 78' lang='lat' dir='ltr'><strong>esse</strong></span> <span class='ocrx_word' id='word_1_315' title='bbox 1433 2781 1563 2819; x_wconf 69' lang='lat' dir='ltr'><strong>asserit</strong></span> <span class='ocrx_word' id='word_1_316' title='bbox 1592 2781 1777 2820; x_wconf 69' lang='lat' dir='ltr'><strong>nadulfus</strong></span> <span class='ocrx_word' id='word_1_317' title='bbox 1804 2782 1853 2821; x_wconf 77' lang='lat' dir='ltr'><strong>do</strong></span> 
     </span>
     <span class='ocr_line' id='line_1_37' title="bbox 388 2827 907 2875; baseline -0.002 -10"><span class='ocrx_word' id='word_1_318' title='bbox 388 2827 521 2866; x_wconf 79' lang='lat' dir='ltr'><strong>Diccto</strong></span> <span class='ocrx_word' id='word_1_319' title='bbox 540 2828 612 2874; x_wconf 83' lang='lat' dir='ltr'><strong>(ed.</strong></span> <span class='ocrx_word' id='word_1_320' title='bbox 635 2827 771 2865; x_wconf 76' lang='lat' dir='ltr'><strong>Stubbn</strong></span> <span class='ocrx_word' id='word_1_321' title='bbox 788 2829 812 2864; x_wconf 87' lang='lat' dir='ltr'><strong>i.</strong></span> <span class='ocrx_word' id='word_1_322' title='bbox 832 2829 907 2875; x_wconf 87' lang='lat'><strong>68).</strong></span> 
     </span>
    </p>
   </div>
   <div class='ocr_carea' id='block_1_7' title="bbox 494 2908 556 2945">
    <p class='ocr_par' dir='ltr' id='par_1_7' title="bbox 494 2908 556 2945">
     <span class='ocr_line' id='line_1_38' title="bbox 494 2908 556 2945; baseline 0 -4"><span class='ocrx_word' id='word_1_323' title='bbox 494 2908 556 2945; x_wconf 76' lang='lat'><strong>37²</strong></span> 
     </span>
    </p>
   </div>
  </div>
 </body>
</html>
