1988 3250
168 214 171 217 -
240 204 322 247 734
338 195 371 236 h
698 191 959 237 IOANNIS
997 188 1513 236 SARESBERIENSIS
1632 186 1741 248 [mn.
1757 197 1852 232 vm

341 321 372 362 b
389 314 515 358 cuius
551 313 714 356 uirtuti
753 311 1032 356 Normannia
1069 310 1366 356 Cenomannis
1409 312 1455 352 et
1493 308 1674 352 tandem
1712 307 1854 350 maior

391 382 626 426 Britannia
660 381 802 426 cessit.
874 383 1117 438 Assumpto
1148 393 1339 436 namque
1370 377 1495 435 regni
1527 378 1774 420 diademate
1809 378 1856 419 et

389 466 497 509 pace
517 452 758 509 composita
776 452 947 509 legatos
966 450 1089 493 misit
1114 449 1172 492 ad
1196 451 1371 491 exteras
1391 447 1594 490 nationes
1613 450 1666 489 ut
1685 462 1712 489 a
1730 460 1855 503 prae-

390 521 521 566 claris
550 522 748 565 omnium
773 521 976 564 domibus
1000 518 1209 578 quicquid
1239 518 1303 560 eis
1331 517 1616 574 magnificum
1636 519 1716 559 aut
1734 515 1856 557 miri·

391 592 524 635 ficum
579 590 808 634 uideretur
857 589 1079 632 afferrent.
1159 586 1362 629 Defluxit
1412 600 1517 643 ergo
1568 585 1615 627 in
1666 583 1858 627 insulam
1877 599 1896 634 5

392 660 648 717 opulentam
669 662 714 702 et
734 673 846 716 quae
867 657 959 701 fere
979 657 1074 700 sola
1092 656 1220 699 bonis
1239 655 1331 698 suis
1352 658 1420 697 est
1445 654 1493 696 in
1520 654 1625 697 orbe
1651 655 1860 697 contenta

393 729 603 786 quicquid
642 726 1007 785 magnificentiae,
1044 726 1179 768 immo
1218 724 1435 775 luxuriae,
1468 724 1616 781 potuit
1655 722 1860 766 inueniri.

395 797 637 842 Laudabile
657 798 834 855 quidem
855 796 945 839 fuit
968 795 1119 852 magni
1146 794 1234 837 uiri
1258 794 1534 851 propositum
1565 793 1642 850 qui
1668 793 1862 835 uirtutes

395 867 593 911 omnium
627 867 724 910 orbi
756 880 836 909 suo
870 865 1048 909 uolebat
1079 863 1326 906 infundere.
1393 863 1482 906 Sed
1514 877 1611 905 meo
1640 861 1862 905 arbitratu

395 936 664 980 laudabilius
687 935 921 986 extitisset,
946 935 983 978 si
1010 934 1058 976 in
1085 936 1262 991 gentem
1290 947 1423 989 quam
1453 932 1589 975 armis
1617 932 1788 975 uicerat
1817 933 1863 974 et
1881 949 1924 975 ιο

397 1021 530 1063 quam
554 1005 759 1048 luxuriae
790 1004 1068 1062 praeuicerat
1092 1002 1354 1060 magnitudo
1374 1002 1516 1059 legem
1543 1000 1864 1058 temperantiae

397 1074 732 1132 promulgasset.
793 1073 910 1117 Sane
940 1071 1210 1116 fructuosius
1234 1074 1349 1114 esset
1375 1086 1472 1114 eam
1502 1070 1709 1113 roborare
1728 1069 1866 1112 uerbo

398 1148 444 1188 et
463 1159 593 1201 opere
613 1158 747 1201 quam
767 1142 1026 1186 lasciuiendi
1048 1141 1105 1184 ab
1124 1140 1390 1184 auctoritate
1417 1140 1660 1182 multorum
1684 1143 1865 1196 magno-

358 1232 383 1263 c
400 1228 586 1271 rumque
606 1227 852 1270 propagare
871 1211 1113 1254 audaciam.
1175 1210 1309 1254 Secus
1330 1210 1469 1267 egisse
1486 1209 1647 1252 Gaium
1661 1207 1867 1252 Cesarem

400 1298 506 1341 pace
538 1283 638 1326 urbi
670 1282 913 1326 reformata
943 1280 1082 1324 refert
1109 1280 1419 1330 Portunianus‚
1449 1279 1538 1336 qui,
1565 1277 1868 1335 sumptuariae
1887 1294 1927 1329 15

401 1352 511 1410 legis
545 1352 754 1394 insistens
788 1350 990 1407 uestigio,
1020 1350 1199 1392 domum
1229 1348 1405 1392 ciuilem
1436 1348 1585 1405 potius
1617 1362 1751 1404 quam
1785 1346 1867 1389 im-

400 1421 668 1480 peratoriam
697 1420 745 1462 in
774 1434 926 1463 mensa
954 1419 1098 1476 prima
1127 1418 1271 1461 tribus
1301 1417 1599 1474 solempnibus
1627 1415 1869 1474 pulmentis

402 1492 497 1535 siue
532 1490 712 1533 ferculis
744 1488 905 1532 statuit
939 1503 1032 1531 esse
1065 1490 1329 1537 contentam,
1359 1486 1466 1529 dum
1503 1490 1654 1529 tamen
1685 1485 1871 1528 bellaria

403 1559 677 1618 parentetica
695 1573 776 1616 pro
795 1557 1056 1602 necessitate
1077 1559 1157 1599 aut
1176 1556 1396 1615 dignitate
1417 1570 1704 1612 personarum
1726 1558 1772 1598 et
1790 1558 1872 1598 aut

404 1629 648 1673 exercenda
677 1627 943 1671 liberalitate
979 1629 1058 1670 aut
1089 1625 1369 1670 solemnitate
1400 1625 1488 1668 diei
1521 1625 1677 1682 primis
1708 1625 1872 1669 mensis
1893 1641 1935 1666 ιο

405 1698 581 1742 licuerit
600 1697 854 1740 immiscere.
914 1695 1139 1740 Solemnia
1168 1695 1346 1752 quidem
1371 1694 1602 1751 pulmenta
1624 1697 1731 1737 sunt
1760 1709 1873 1752 quae

408 1768 456 1811 in
476 1781 628 1811 omnes
648 1768 963 1823 pertranseunt
982 1768 1028 1809 et
1047 1779 1075 1807 a
1091 1762 1242 1808 Grecis
1261 1763 1488 1814 catholica,
1502 1764 1584 1807 hoc
1605 1766 1674 1807 est
1692 1764 1874 1807 uniuer-

409 1837 532 1888 salia,
551 1835 851 1879 nominantur.
911 1833 1189 1877 Parentetica
1209 1847 1315 1876 uero
1336 1848 1448 1890 quae
1465 1847 1521 1876 ex
1536 1847 1669 1876 causa
1688 1833 1876 1877 necessi-

410 1906 520 1950 tatis
546 1907 627 1948 aut
651 1903 921 1948 urbanitatis
940 1903 987 1946 in
1010 1906 1290 1961 praeceptam
1311 1902 1461 1959 aliqua
1490 1902 1662 1945 ratione
1687 1902 1878 1946 ueniunt

412 1979 609 2034 partem;
638 1974 700 2018 sic
720 1974 840 2017 dicta
859 1987 911 2017 eo
930 1972 1048 2030 quod
1068 1972 1380 2029 solempnibus,
1394 1971 1440 2014 id
1456 1974 1524 2014 est
1539 1971 1877 2025 uniuersalibus,
1898 1984 1938 2019 η

367 2049 396 2091 d
413 2043 743 2103 particulariter
776 2042 947 2087 soleant
979 2041 1214 2099 interponi.
1287 2041 1380 2085 Nec
1414 2041 1532 2084 enim
1566 2040 1798 2098 pulmenta
1830 2041 1879 2084 in

416 2148 439 2182 4
462 2141 542 2191 poet
558 2134 764 2182 praeclaris
779 2136 867 2171 add.
883 2136 950 2172 aut
967 2133 1007 2170 M
1247 2134 1270 2170 6
1295 2132 1373 2171 fere
1390 2133 1470 2170 sola
1492 2144 1566 2179 que
1584 2132 1646 2169 0¹:
1673 2143 1747 2179 que
1770 2133 1882 2171 bonis

415 2195 491 2220 suis
507 2183 587 2221 sola
601 2183 681 2220 fere
699 2182 743 2218 Βι
759 2196 767 2219 :
793 2194 866 2229 que
884 2181 993 2219 bonis
1008 2181 1083 2218 suis
1099 2180 1179 2219 fere
1195 2180 1276 2217 sola
1294 2179 1341 2217 13²
1509 2190 1548 2226 17
1574 2180 1809 2218 sollennibue
1825 2180 1880 2218 A:

417 2230 687 2277 sollempnibus
706 2229 731 2266 S
747 2242 755 2266 :
782 2229 1000 2267 solennibus
1018 2228 1057 2264 M
1186 2239 1232 2264 20
1256 2227 1542 2274 sollempnitate
1559 2227 1619 2264 AS
1762 2239 1820 2271 20,
1834 2237 1879 2266 21

417 2278 572 2315 licuerit
590 2277 769 2314 mensisA
865 2288 906 2314 21
928 2275 1123 2314 Sollennia
1139 2275 1192 2313 A:
1217 2275 1444 2322 sollempnia
1462 2275 1486 2312 S
1595 2284 1638 2323 25
1663 2274 1883 2313 solennibus

417 2325 543 2363 OBM:
566 2324 802 2362 sollennibus
818 2324 871 2361 A:
896 2323 1166 2372 sollempnibus
1182 2321 1207 2360 S

466 2409 490 2444 6
514 2418 605 2454 quac
620 2408 703 2451 sere
721 2408 815 2442 etc.:
843 2404 889 2443 cf.
910 2405 1010 2451 (cum
1028 2404 1072 2443 R.
1087 2402 1211 2447 Pauli)
1229 2415 1356 2440 versus
1373 2414 1464 2450 quos
1481 2402 1642 2451 legimus
1657 2402 1699 2439 in
1724 2404 1823 2440 Dial.
1842 2404 1886 2439 dc

420 2455 606 2492 scaccario
634 2452 658 2490 i.
681 2463 716 2490 11
745 2454 876 2489 Insula
901 2458 1025 2489 nostra
1041 2453 1118 2489 suia
1142 2456 1305 2488 contenta
1323 2453 1423 2486 bonis
1439 2453 1511 2488 etc.
1529 2453 1568 2487 et
1585 2450 1679 2487 alios
1704 2450 1745 2487 in
1768 2452 1886 2487 Nem

421 2502 556 2539 Archiv
572 2500 618 2537 iv.
636 2513 674 2547 p.
695 2509 736 2548 25
757 2501 895 2537 citatos
912 2501 1059 2547 Analia,
1079 2504 1258 2535 ter-mrum
1279 2500 1385 2535 decus
1407 2503 1438 2534 et
1451 2500 1527 2544 flos
1538 2500 1798 2543 finitimarum,
1818 2498 1886 2534 Eat

422 2554 586 2586 contenta
603 2550 662 2584 eui
668 2550 864 2594 fertilitate
880 2549 975 2584 boni.
1091 2556 1133 2592 14
1159 2548 1265 2583 Secuc
1281 2548 1388 2591 eqisse
1406 2548 1478 2582 etc.
1495 2557 1610 2592 usque
1626 2545 1674 2582 ad
1689 2546 1885 2592 interponit

424 2596 527 2633 Haec
544 2607 620 2632 non
637 2595 769 2631 dubito
786 2595 877 2642 quin
901 2606 948 2632 ex
974 2593 1155 2631 Macrobii
1179 2593 1356 2640 capitulis
1381 2593 1494 2630 hodie
1519 2592 1663 2629 amissis
1687 2593 1888 2639 desumpta

423 2643 521 2685 uint;
548 2655 579 2679 v.
610 2644 783 2679 Classical
811 2645 948 2678 Review
974 2642 1024 2679 xi.
1053 2653 1090 2688 p.
1116 2651 1196 2695 441.
1343 2641 1478 2677 Gaium
1507 2641 1691 2676 Cesaremz
1716 2639 1773 2677 De
1800 2639 1888 2676 Iulii

424 2689 589 2728 Caesari·
606 2690 753 2737 legibus
769 2688 1012 2737 sumptuariis
1028 2700 1103 2726 non
1120 2687 1217 2725 mhil
1233 2687 1375 2725 habent
1393 2687 1464 2725 Dio
1486 2686 1588 2725 Cass.
1612 2686 1708 2725 xliii.
1734 2696 1792 2735 25,
1810 2686 1887 2725 Cio.

424 2740 473 2775 ad
491 2740 591 2774 Fam.
610 2737 659 2774 ix.
682 2747 719 2784 15
741 2737 758 2784 ς’
779 2747 811 2784 5,
829 2739 878 2773 ad
894 2739 969 2774 Aet.
988 2735 1068 2773 xiii.
1088 2746 1120 2781 7.
1139 2735 1242 2773 Suet.
1260 2736 1331 2771 Iul.
1351 2745 1413 2819 4&
1597 2744 1636 2779 17
1663 2735 1776 2771 tribus
1792 2737 1888 2772 otest

424 2786 472 2823 cf.
492 2786 594 2822 Suet.
614 2789 706 2830 Aua.
726 2794 782 2830 74.
950 2794 994 2831 23
1020 2785 1243 2820 Parentetn'ca
1261 2785 1353 2819 etc:
1417 2794 1456 2819 os
1473 2781 1737 2819 vocabulorum
1781 2794 1886 2819 aren-

423 2834 551 2870 thetica
570 2834 609 2869 et
624 2834 796 2869 catholica
813 2843 944 2869 uentu·
960 2841 1036 2869 non
1054 2830 1125 2868 nisi
1142 2842 1188 2868 ex
1206 2830 1277 2868 hoc
1296 2829 1448 2868 Ioannis
1462 2830 1543 2868 loco
1554 2829 1724 2868 referunt
1767 2827 1887 2868 exica.

535 2904 600 2938 268
