1988 3250
243 204 329 252 79⁶
348 204 378 242 b
724 203 984 247 IOANNIS
1024 203 1537 248 SARESBERIENSIS
1643 203 1858 265 [LIB.VI11

394 323 555 367 docent
573 323 795 375 historiae,
814 338 870 367 ne
897 324 996 381 quis
1023 324 1143 367 illius
1169 324 1380 367 moliatur
1405 324 1638 368 interitum
1659 325 1730 368 cui
1756 325 1860 369 fidei

392 395 476 435 aut
494 394 757 437 sacramenti
784 394 995 452 religione
1019 396 1198 437 tenetur
1224 394 1446 438 astrictuS.
1505 393 1624 436 Nam
1652 397 1698 436 et
1727 393 1860 437 Sede·

394 463 517 506 chias
543 463 600 506 ob
628 464 873 521 neglectam
897 463 1000 506 fidei
1024 463 1281 520 religionem
1307 463 1473 520 legitur
1498 464 1774 520 captiuatus3
1804 466 1861 514 et,

393 532 514 589 quod
546 532 595 574 in
629 532 716 575 alio
750 547 904 590 regum
942 532 1080 576 Iudae
1111 547 1201 575 non
1232 532 1426 585 memini,
1456 533 1573 575 eruti
1608 535 1715 575 sunt
1745 531 1860 575 oculi

395 602 501 653 eius,
536 602 642 659 quia
672 602 827 653 Deum,
859 603 930 645 cui
962 602 1148 653 iuratur,
1183 603 1318 645 etiam
1352 617 1453 646 cum
1488 617 1545 645 ex
1575 602 1695 645 iusta
1728 615 1862 644 causa
1879 621 1898 655 5

352 685 378 716 c
394 675 578 716 cauetur
607 672 797 722 tiranno,
830 671 979 729 lapsus
1014 672 1062 714 in
1099 672 1330 729 perfidiam
1368 686 1458 715 non
1488 672 1718 729 proposuit
1757 674 1862 714 ante

392 744 673 798 conspectum
706 755 847 783 suum.
907 741 995 784 Sed
1025 755 1104 783 nec
1134 740 1306 791 ueneni,
1337 740 1441 783 licet
1470 740 1645 784 uideam
1675 740 1732 783 ab
1762 740 1860 782 infi-

393 809 566 853 delibus
595 809 833 866 aliquando
862 814 1135 867 usurpatam,
1156 810 1248 853 ullo
1271 824 1483 866 umquam
1513 810 1609 852 iure
1638 809 1861 852 indultam

392 877 492 936 lego
512 879 748 923 licentiam.
805 878 850 921 N
852 894 909 922 on
930 879 1047 936 quod
1067 879 1268 922 tirannos
1288 879 1343 922 de
1365 879 1510 922 medio
1530 878 1747 922 tollendos
1767 892 1860 921 esse

392 962 482 991 non
516 948 691 991 credam
726 949 803 991 sed
842 949 936 992 sine
977 949 1202 1006 religionis
1242 948 1574 1005 honestatisque
1613 947 1857 1005 dispendio.
1879 968 1922 994 ιο

391 1016 510 1060 Nam
531 1021 576 1061 et
596 1017 758 1071 Dauid,
779 1033 932 1076 regum
953 1033 1062 1075 quos
1082 1018 1264 1075 legerim
1284 1018 1491 1075 optimus,
1511 1020 1557 1061 et
1577 1018 1654 1075 qui
1674 1020 1859 1075 excepto

391 1101 590 1130 sermone
614 1087 748 1130 Vriae
778 1087 909 1130 Ethei
939 1088 987 1130 in
1017 1087 1220 1131 omnibus
1249 1087 1504 1144 inculpatus
1533 1087 1724 1138 incessit,
1753 1087 1857 1130 licet

391 1155 618 1198 tirannum
652 1156 965 1213 grauissimum
997 1156 1237 1199 sustineret
1268 1158 1314 1199 et
1346 1170 1447 1198 eum
1482 1155 1694 1212 perdendi
1729 1170 1859 1213 saepe

390 1228 548 1269 nactus
572 1225 711 1268 fuerit
739 1226 1020 1276 occasionem,
1041 1226 1080 1269 ei
1108 1229 1259 1269 tamen
1278 1240 1458 1282 parcere
1478 1225 1648 1276 maluit,
1668 1225 1858 1269 confisus

391 1295 446 1338 de
472 1294 771 1338 misericordia
797 1295 892 1344 Dei,
913 1295 989 1352 qui
1011 1310 1111 1338 eum
1131 1295 1226 1339 sine
1252 1298 1431 1352 peccato
1458 1298 1633 1352 poterat
1659 1295 1857 1339 liberare.
1877 1313 1918 1347 ¹5

393 1363 602 1407 Decreuit
627 1379 731 1422 ergo
758 1368 990 1422 expectare
1017 1365 1240 1422 patienter
1259 1367 1311 1407 ut
1330 1364 1406 1407 ille
1429 1364 1691 1407 uisitaretur
1712 1379 1741 1408 a
1767 1365 1857 1408 Do-

345 1436 374 1476 d
393 1434 513 1477 mino
533 1433 707 1476 reddita
726 1434 911 1477 caritate
939 1437 1019 1477 aut
1038 1434 1085 1476 in
1112 1433 1279 1490 praelio
1303 1433 1481 1476 caderet
1500 1436 1581 1476 aut
1609 1433 1721 1477 alias
1739 1433 1859 1477 iusto

391 1503 475 1547 Dei
495 1503 658 1547 iudicio
678 1507 935 1547 moreretur.
995 1503 1224 1560 Siquidem
1245 1502 1317 1545 uel
1338 1517 1393 1545 ex
1411 1517 1462 1545 eo
1481 1505 1628 1559 potest
1652 1502 1858 1561 insigniri

389 1573 608 1630 patientia
636 1572 731 1616 eius
758 1572 887 1629 quod,
907 1587 1007 1616 cum
1035 1572 1189 1615 horam
1218 1571 1419 1615 clamidis
1449 1571 1544 1614 eius
1573 1571 1859 1629 praecidisset

388 1643 437 1685 in
471 1642 679 1700 spelunca
710 1645 756 1685 et
789 1643 895 1685 alibi
929 1642 983 1685 de
1017 1645 1151 1685 noctu
1187 1645 1333 1685 castra
1363 1641 1588 1699 ingressus
1622 1641 1856 1685 custodum
1875 1660 1919 1688 20

387 1712 705 1770 negligentiam
726 1712 1005 1769 increpasset,
1025 1712 1171 1769 ipsum
1196 1726 1343 1769 regem
1365 1711 1511 1768 coegit
1530 1711 1729 1768 profiteri
1751 1711 1857 1768 quia

387 1781 537 1825 Dauid
568 1796 746 1824 causam
785 1781 946 1839 agebat
977 1781 1217 1824 iustiorem.
1292 1780 1351 1823 Et
1383 1780 1454 1823 hic
1487 1780 1666 1837 quidem
1699 1780 1858 1823 modus

388 1851 562 1895 delendi
592 1852 792 1894 tirannos
821 1851 1084 1894 utilissimus
1114 1854 1160 1894 et
1195 1850 1445 1894 tutissimus
1475 1853 1554 1901 est,
1583 1850 1622 1894 si
1652 1850 1728 1907 qui
1759 1864 1856 1907 pre-

388 1925 574 1964 muntur
592 1921 650 1963 ad
670 1921 963 1978 patrocinium
979 1920 1237 1964 clementiae
1253 1920 1336 1963 Dei
1354 1920 1578 1963 humiliati
1593 1919 1857 1977 confugiant

387 1995 434 2035 et
469 2005 603 2049 puras
634 2005 792 2033 manus
826 1990 1025 2033 leuantes
1060 1990 1116 2033 ad
1157 1990 1397 2033 Dominum
1437 1989 1612 2033 deuotis
1651 1989 1856 2047 precibus
1874 2009 1916 2043 ²5

386 2060 610 2118 flagellum
638 2074 726 2117 quo
751 2059 1012 2117 affliguntur
1037 2062 1257 2102 auertant.
1317 2059 1502 2102 Peccata
1525 2059 1690 2102 etenim
1716 2058 1855 2102 delin-

388 2130 620 2188 quentium
676 2129 794 2172 uires
845 2132 952 2172 sunt
1002 2129 1293 2172 tirannorum.
1372 2129 1498 2171 Vnde
1547 2128 1714 2171 Achior
1761 2128 1856 2171 dux

387 2199 584 2243 omnium
612 2198 802 2242 filiorum
831 2198 976 2241 Amon
1003 2198 1342 2241 saluberrimum
1370 2198 1453 2241 hoc
1480 2197 1712 2241 consilium
1732 2197 1858 2242 dedit

237 2275 320 2316 797
339 2276 368 2305 8
389 2268 647 2312 Holoferni:
693 2267 914 2325 Perquire,
935 2267 1093 2324 inquit,
1114 2282 1243 2319 nunc,
1264 2267 1440 2310 domine
1461 2267 1535 2318 mi,
1555 2266 1593 2310 si
1614 2268 1683 2309 est
1706 2266 1856 2324 aliqua

387 2338 602 2395 iniquitas
628 2337 779 2395 populi
807 2337 854 2379 in
880 2340 1116 2394 conspectu
1137 2336 1220 2379 Dei
1242 2351 1405 2387 eorum,
1425 2339 1471 2379 et
1491 2335 1778 2380 ascendamus
1797 2335 1854 2379 ad
1874 2354 1916 2389 30

386 2447 410 2481 ⁴
435 2434 555 2473 occuli
574 2435 615 2471 A·
732 2444 774 2479 ¹4
800 2433 938 2470 maluit
955 2445 1110 2480 parcere
1128 2433 1167 2469 M
1273 2435 1315 2471 16
1339 2434 1532 2480 patienter
1548 2435 1747 2480 expectare
1764 2431 1855 2469 (ῬΑι

389 2494 433 2530 19
458 2482 701 2536 proscidisset
718 2481 756 2517 M
790 2528 797 2536 ·
821 2527 828 2536 ·
900 2491 944 2536 ².3
971 2484 1027 2518 eat
1044 2483 1083 2517 et
1101 2481 1309 2536 tutissimus
1327 2481 1365 2516 M
1406 2528 1414 2536 ⁶
1501 2491 1547 2536 ²7
1566 2480 1704 2518 achion
1723 2480 1854 2519 GBsM

382 2541 433 2578 ²9
457 2542 560 2567 nunc
578 2530 730 2567 domme
748 2540 800 2565 mi
819 2531 944 2575 inquit
960 2528 1027 2565 ΑΗ
1053 2541 1153 2565 nunc
1170 2532 1297 2575 inquit
1313 2528 1468 2566 domme
1486 2541 1539 2565 mi
1557 2528 1581 2566 S

434 2628 467 2661 2,
488 2628 509 2663 3
534 2616 723 2653 Sedechiaa
739 2617 832 2652 eta:
858 2627 889 2651 v.
908 2624 929 2651 2
949 2614 1112 2662 Paralip.
1133 2614 1255 2651 xxxvi.
1280 2625 1332 2660 ¹3»
1352 2626 1374 2659 4
1392 2614 1482 2662 Reg.
1502 2614 1599 2651 xxiv.
1618 2623 1650 2659 7.
1811 2624 1854 2651 12

391 2666 522 2720 Vrjo'ae:
547 2676 582 2700 v.
599 2675 620 2701 2
639 2664 727 2710 Reg.
746 2662 794 2699 xi.
813 2673 833 2699 2
845 2673 949 2709 seqq.
1156 2673 1197 2708 ¹3
1223 2665 1437 2719 tirannam:
1464 2674 1512 2720 ⁸⁰:
1531 2661 1643 2730 Saul}
1668 2673 1701 2700 v.
1722 2671 1737 2699 ι
1759 2660 1852 2710 Reg.

385 2725 484 2797 1:33:
503 2722 653 2796 fgqu„
671 2719 809 2795 ’33'323
818 2722 924 2794 532*
941 2758 1034 2793 sam
1049 2759 1122 2796 ea.
1138 2720 1276 2795 :²1¹1ss
1295 2707 1855 2811 33:322‘2212‘253223223332

385 2807 426 2844 in
443 2806 523 2844 cod.
540 2805 578 2843 C.
597 2805 715 2843 minio
734 2805 880 2843 notavit
927 2804 1091 2843 arken-ua.
1272 2814 1315 2850 27
1343 2806 1483 2842 Δολίον
1495 2807 1592 2843 eta:
1620 2816 1651 2841 v.
1672 2804 1800 2842 Iudith
1818 2815 1852 2840 ν.

388 2865 421 2905 5,
440 2865 496 2900 ²⁴2
516 2863 571 2901 ²5·

497 2925 561 2970 ³7⁸
