1988 3250
228 209 315 249 626
333 206 364 247 d

231 1098 313 1146 627
333 1107 363 1136 a

709 206 971 251 IOANNIS
1013 202 1530 252 SARESBERIENSIS
1676 210 1787 267 [mn.
1802 222 1854 254 vt

379 329 512 374 terris
533 328 757 387 quandam
777 329 1018 386 imaginem
1039 328 1231 371 deitatis.
1291 327 1351 371 Et
1370 343 1428 371 ex
1450 343 1502 372 eo
1522 330 1700 387 quidem
1720 332 1855 374 maie-

379 400 511 443 statis
531 399 697 442 dicitur
719 399 898 450 crimen,
919 398 1037 455 quod
1065 395 1348 455 persequitur
1370 398 1491 441 illius
1517 400 1757 458 imaginem
1777 401 1855 458 qui

379 470 511 522 solus,
531 469 647 512 sicut
671 468 859 512 illustris
886 483 1029 511 eomes
1057 466 1360 524 Legecestriae
1383 467 1635 512 Rodbertus
1659 470 1856 513 modeste

379 538 739 596 proconsulatum
774 552 933 595 gerens
973 537 1091 594 apud
1132 536 1391 579 Britannias
1431 537 1574 581 dicere
1613 539 1856 592 consueuit,

378 622 511 651 uerae
539 611 584 651 et
608 608 827 665 ingenuae
856 607 1103 650 maiestatis
1134 607 1299 649 retinet
1326 606 1587 660 ueritatem3
1616 610 1728 665 puta
1754 623 1855 652 cum
1874 626 1894 662 5

379 677 479 734 quis
500 678 712 720 aduersus
732 677 945 734 principis
965 676 1249 719 securitatem
1270 678 1350 719 aut
1370 677 1524 733 populi
1546 678 1653 734 quid
1673 679 1858 722 molitur

379 747 474 790 siue
506 762 585 804 per
614 762 660 790 se
691 747 786 789 siue
815 761 894 804 per
924 746 1074 790 alium.
1134 746 1190 788 In
1217 746 1351 788 huius
1378 749 1529 790 autem
1553 748 1857 804 persecutione

379 817 584 860 omnibus
623 831 766 873 aequa
809 816 1005 860 conditio
1050 819 1141 869 est;
1190 819 1236 858 et
1280 816 1541 873 plerumque
1583 818 1636 860 fit
1682 820 1734 860 ut
1777 832 1858 862 nec

378 886 536 928 mortis
565 886 788 936 beneficio,
813 886 860 928 in
888 879 958 928 his
983 885 1118 928 etiam
1146 900 1256 942 quos
1283 898 1412 928 nemo
1438 886 1648 929 conuenit
1674 887 1722 929 in
1749 887 1858 939 uita,

379 954 627 998 liberentur
639 969 649 1007 3
685 955 762 998 sed
792 955 1008 998 conuictis
1038 955 1226 998 mortuis
1256 955 1435 998 illorum
1465 956 1736 1013 dampnatur
1764 971 1854 1000 me·
1877 972 1920 997 10

380 1025 523 1067 moria
562 1028 607 1067 et
641 1025 758 1067 bona
798 1025 1121 1068 successoribus
1161 1024 1440 1068 auferuntur.
1504 1025 1633 1068 -Nam
1673 1041 1730 1069 ex
1769 1041 1858 1083 quo

380 1093 766 1136 sceleratissimum
797 1094 896 1150 quis
924 1094 1156 1137 consilium
1186 1094 1315 1150 cepit,
1344 1093 1504 1138 exinde
1535 1095 1859 1152 quodammodo

379 1178 461 1206 sua
481 1167 629 1206 mente
649 1164 835 1221 punitus
855 1166 932 1206 est.
994 1163 1064 1205 Ex
1085 1178 1173 1220 quo
1198 1163 1299 1220 quis
1318 1164 1409 1207 tale
1432 1164 1599 1207 crimen
1620 1165 1859 1219 contraxit,

379 1247 522 1290 neque
557 1233 751 1276 alienare
782 1248 926 1290 neque
965 1233 1282 1276 manumittere
1322 1248 1450 1290 posse
1481 1237 1658 1277 constat
1696 1249 1776 1278 nec
1816 1235 1857 1278 ei

381 1302 551 1345 soluere
592 1302 688 1345 iure
729 1302 984 1345 debitorem.
1065 1302 1241 1345 Famosi
1282 1317 1467 1359 quoque,
1508 1301 1585 1360 qui
1632 1303 1742 1347 alias
1786 1304 1857 1348 ius
1877 1321 1919 1357 15

380 1371 615 1414 accusandi
631 1386 721 1414 non
738 1372 915 1422 habent,
930 1371 1025 1414 sine
1045 1371 1138 1414 ulla
1153 1372 1432 1415 dubitatione
1453 1372 1525 1416 hic
1541 1370 1857 1426 admittuntur,

380 1440 458 1484 sed
498 1444 544 1484 et
578 1441 757 1493 milites,
792 1440 868 1498 qui
905 1441 1016 1484 alias
1052 1456 1208 1484 causas
1247 1441 1485 1484 defendere
1525 1457 1615 1485 non
1655 1445 1855 1500 possunt.

381 1510 500 1554 Nam
541 1510 617 1567 qui
657 1525 737 1567 pro
777 1525 883 1567 pace
923 1510 1157 1561 excubant,
1197 1511 1340 1568 magis
1379 1511 1608 1568 magisque
1643 1512 1702 1555 ad
1741 1513 1858 1557 hanc

379 1580 703 1623 accusationem
753 1579 1019 1623 admittendi
1065 1583 1183 1622 sunt.
1256 1580 1386 1623 Serui
1436 1595 1610 1638 quoque
1654 1580 1857 1626 dominos

379 1649 565 1693 licenter
594 1648 804 1692 deferunt
838 1651 883 1692 et
914 1649 1063 1692 liberti
1093 1652 1314 1706 patronos.
1376 1650 1472 1693 Hoc
1502 1654 1653 1694 tamen
1688 1650 1855 1695 crimen
1875 1667 1919 1692 ιο

381 1735 409 1763 a
444 1719 664 1763 iudicibus
704 1734 793 1762 non
833 1719 881 1761 in
920 1719 1190 1762 occasionem
1226 1719 1283 1762 ob
1317 1719 1574 1777 principalis
1609 1722 1857 1767 maiestatis

381 1789 713 1832 uenerationem
754 1788 1007 1831 habendum
1048 1792 1115 1831 est
1154 1788 1231 1831 sed
1270 1789 1317 1831 in
1362 1789 1564 1833 ueritate.
1645 1791 1763 1834 Nam
1810 1795 1858 1836 et

382 1858 623 1916 spectanda
647 1861 714 1901 est
741 1872 930 1915 persona
954 1872 1011 1899 an
1039 1858 1237 1914 potuerit
1267 1857 1412 1901 facere
1442 1862 1488 1902 et
1515 1874 1573 1902 an
1603 1860 1771 1913 fecerit,
1797 1872 1857 1905 an

381 1928 648 1986 cogitauerit
664 1931 709 1971 et
726 1943 783 1970 an
799 1927 1057 1986 (antequam
1073 1928 1154 1971 hoc
1170 1929 1531 1986 praesumpserit)
1548 1945 1682 1974 sanae
1694 1931 1858 1976 mentis

385 2028 400 2055 1
429 2017 649 2064 ymaginem
668 2016 707 2052 M
820 2016 871 2054 Et
887 2029 954 2054 om.
974 2017 1015 2053 M
1178 2028 1198 2063 3
1226 2016 1410 2054 Robertus
1428 2017 1517 2055 BA:
1543 2019 1585 2056 R.
1605 2019 1645 2056 M
1812 2031 1858 2058 10

381 2066 589 2101 damnatur
605 2063 694 2100 CBS
841 2075 882 2102 12
908 2064 1222 2102 celeratiseimum
1241 2065 1265 2101 S
1407 2075 1450 2112 19
1475 2067 1797 2106 accususationem
1815 2069 1854 2106 M

431 2158 452 2183 2
478 2149 602 2183 illius:
628 2159 677 2184 sc.
696 2146 777 2183 Dei.
923 2157 943 2192 3
970 2148 1192 2183 Rodbertus:
1220 2145 1275 2184 De
1292 2146 1361 2183 1110
1380 2159 1411 2184 ν.
1429 2147 1462 2184 J.
1484 2148 1529 2184 H.
1549 2148 1683 2186 Round
1701 2149 1741 2186 in
1760 2152 1855 2189 Dr'ct.

381 2197 427 2241 of
437 2197 519 2231 Nat.
537 2197 638 2241 Bioq.
656 2206 682 2230 ε.
697 2207 728 2230 v.
748 2195 960 2239 maumam,
974 2196 1103 2230 Robert
1119 2196 1172 2238 de,
1189 2195 1285 2230 Earl
1301 2197 1347 2239 os
1356 2197 1550 2238 Lekestem
1577 2199 1625 2233 cf.
1638 2197 1765 2234 Nostri
1781 2200 1856 2245 Ep.

383 2245 451 2288 238
467 2254 569 2278 anno
586 2244 673 2278 1168
690 2242 738 2278 ad
757 2241 958 2278 Girardum
974 2241 1124 2279 Pucelle
1140 2241 1333 2288 scriptam,
1348 2243 1416 2278 sub
1430 2243 1516 2279 fin.:
1542 2246 1614 2281 Nec
1627 2257 1725 2282 noua
1741 2247 1856 2284 scribo

381 2293 458 2326 nisi
473 2292 565 2336 quod
582 2302 693 2326 comes
710 2292 947 2335 Leyecestriae
962 2291 1177 2326 obdormim’t
1192 2291 1232 2325 in
1250 2291 1415 2326 Domino.
1514 2303 1537 2338 4
1556 2295 1856 2338 proconsulatum

378 2350 526 2421 petr-eze:
551 2337 690 2420 Quohin
709 2349 809 2421 annto
828 2349 850 2373 a
867 2337 1302 2421 Rolicratg'cofitgigbierindpl
1311 2337 1654 2421 ciessgvitlloapnea
1672 2340 1856 2426 lgo¹bertu¹s²

382 2397 610 2421 iseeuo
655 2397 689 2420 10
762 2396 1058 2422 lurvlceree
1171 2397 1223 2420 rc
1340 2397 1364 2420 n
1423 2397 1529 2422 nia
1572 2398 1835 2425 uneauru

380 2397 559 2478 capitati?
584 2397 826 2469 iusticiggseu
860 2396 1084 2469 iusticiaffii'aae
1117 2433 1179 2478 (cf.
1211 2432 1336 2478 Eyton
1374 2397 1493 2476 Congu
1529 2400 1746 2478 Housgehold,
1780 2439 1856 2474 and
1910 2465 1913 2467 >

381 2481 567 2524 Itinerary
589 2482 634 2525 of
652 2482 698 2516 K.
727 2481 854 2525 Henry
879 2482 931 2516 II.
959 2492 1020 2526 pp.
1048 2491 1079 2525 3,
1104 2479 1182 2523 10);
1211 2492 1243 2516 ν.
1273 2481 1396 2524 Mayn.
1422 2482 1501 2516 Rot.
1524 2483 1606 2527 Pip.
1633 2492 1651 2529 5
1677 2483 1775 2520 Hen.
1803 2484 1849 2523 IL
1906 2486 1916 2494 ⁴

346 2555 348 2557 >
381 2530 451 2563 rot.
472 2538 503 2572 3.
522 2539 569 2562 m.
592 2538 620 2564 1.
640 2533 672 2562 et
687 2529 862 2563 militibus
873 2530 916 2564 de
934 2529 1064 2563 Waln't's
1080 2528 1146 2572 171.
1163 2538 1231 2563 ¹0⁸.
1247 2539 1318 2573 per
1331 2528 1435 2563 breue
1451 2531 1592 2563 comitis
1604 2531 1855 2576 Leqecestm'ae,

382 2576 406 2612 6
424 2574 519 2611 Hen.
541 2574 588 2611 11.
614 2577 685 2611 rot.
711 2577 744 2611 6.
771 2587 819 2611 m.
846 2586 866 2611 2
893 2577 1072 2611 Ricardus
1095 2576 1138 2611 de
1165 2576 1339 2611 Canuilla
1363 2576 1377 2609 i
1398 2577 1637 2621 yinfalconem
1655 2590 1728 2631 per
1750 2580 1855 2616 breue

381 2625 519 2659 comitia
539 2624 772 2667 Leqvcestriae
791 2622 863 2661 (ed.
886 2623 1000 2660 Lond.
1026 2625 1112 2666 1884
1131 2621 1154 2658 i.
1179 2634 1215 2669 p.
1244 2624 1294 2664 18,
1317 2621 1354 2658 11.
1383 2634 1417 2668 p.
1445 2626 1520 2670 45).
1572 2623 1626 2662 De
1652 2625 1855 2663 iusticiarii

381 2669 459 2706 nive
476 2671 645 2715 capitalia
663 2672 825 2705 iusticiae
848 2670 968 2707 officio
993 2670 1039 2706 cf.
1068 2671 1167 2706 Dial.
1192 2671 1235 2706 de
1259 2672 1372 2706 Scacc.
1399 2669 1422 2707 i.
1449 2681 1470 2715 4
1486 2680 1511 2706 Β
1532 2671 1605 2715 (ed.
1625 2672 1743 2711 oxon.
1764 2685 1854 2722 1902

381 2728 418 2764 p.
436 2717 511 2762 67).
634 2719 654 2753 8
679 2719 842 2753 omnibus
857 2730 971 2764 aequa
988 2719 1143 2754 conditio
1159 2722 1229 2755 eet:
1254 2717 1343 2754 cod.
1362 2717 1494 2755 lustin.
1514 2717 1562 2755 ix.
1582 2722 1614 2756 8.
1632 2731 1667 2765 4.
1779 2723 1812 2766 8,

381 2776 446 2800 me
472 2766 598 2800 mortio
625 2767 720 2800 etc:
761 2777 791 2799 v.
821 2765 910 2801 Cod.
941 2764 991 2801 ix.
1021 2767 1053 2801 8.
1085 2766 1117 2802 6.
1308 2775 1318 2801 1
1329 2773 1345 2811 ς
1377 2765 1522 2802 Famosi
1550 2769 1622 2803 etc.
1659 2779 1775 2815 usque
1804 2732 1855 2806 23

380 2813 646 2848 uindicandum
663 2818 731 2848 eat:
759 2811 843 2860 Dig.
860 2812 977 2849 xlviii.
994 2824 1029 2858 4.
1049 2821 1083 2858 7.
1201 2821 1246 2858 24
1264 2817 1457 2859 antequam
1472 2814 1536 2850 hoc
1547 2818 1854 2863 praesumpserim

382 2870 459 2896 non
477 2862 628 2896 exstant
645 2859 684 2895 111
703 2858 789 2906 Dig.

497 2932 538 2966 7⁴
