1988 3250
212 169 313 203 car.
330 155 464 218 xxw]
732 155 1172 202 POLICRATICVS
1698 156 1775 198 8ι6
1794 165 1819 198 c

212 277 357 321 simile
391 276 510 335 quod
544 276 584 319 ei
616 275 916 319 fabricauerat
947 275 1080 326 Deus,
1112 275 1370 319 innocenter
1407 276 1582 320 locutus
1615 279 1684 320 est

213 345 437 404 magnalia
467 345 579 397 Dei;
619 344 697 388 sed
735 359 793 388 ex
832 358 920 400 quo
952 343 1098 387 factus
1137 344 1364 387 uerbosior
1401 359 1481 402 per
1518 346 1682 388 ostium
1698 346 1728 387 d

212 414 482 458 curiositatis
513 414 698 457 eductus
732 413 932 457 exercuit
965 427 1065 456 cum
1095 415 1363 469 temptatore
1402 415 1527 456 uerbi
1567 429 1682 457 com-
1719 423 1722 426 ’

212 484 435 534 mercium,
455 483 582 540 quasi
602 483 660 526 ab
689 482 884 525 infantia
902 481 1154 525 adolescens
1172 485 1382 538 concepto
1401 483 1544 525 calore
1564 483 1684 526 intu-

174 569 195 608 5
214 553 330 596 muit
342 555 388 596 et
407 553 739 610 praeuaricatus
754 551 1027 601 mandatum,
1047 550 1173 594 cuius
1196 551 1398 594 custodia
1421 551 1478 594 ad
1496 552 1685 608 gloriam

212 621 363 666 fuerat
381 621 631 680 profutura,
650 624 885 679 corruptus
905 623 973 664 est
991 623 1044 663 ut
1063 635 1120 662 ex
1139 622 1247 663 tunc
1262 620 1455 663 mirabili
1472 623 1516 663 et
1536 621 1684 663 inuin-

211 691 335 736 cibili
353 691 449 750 lege
467 691 734 735 conditionis
754 690 947 734 inflictae
973 689 1058 733 sibi
1085 689 1192 732 unio
1212 689 1456 732 reluctetur
1474 690 1619 732 carnis
1639 693 1685 733 et

213 761 398 819 spiritus
417 765 470 804 ut
489 761 614 804 nulla
637 761 811 804 ratione
840 759 1042 817 componi
1071 758 1254 816 possint,
1284 758 1371 801 nisi
1399 759 1519 802 illius
1537 759 1685 815 gratia.

213 831 460 874 intercedat
489 831 566 888 qui
597 830 704 874 fecit
732 833 922 886 utraque
949 843 1088 872 unum
1112 831 1158 871 et
1177 842 1353 872 earnem
1373 828 1421 871 in
1445 828 1684 871 electorum

154 915 198 943 ιο
213 900 301 944 fine
321 900 456 944 faciet
475 915 503 943 a
522 901 683 958 spiritu
703 899 940 943 absorberi.
1000 898 1050 941 Si
1071 898 1220 941 uerbis
1237 898 1473 956 gentilium
1493 898 1562 941 uti
1583 898 1687 941 licet

215 970 482 1021 Christiano,
503 970 580 1028 qui
600 970 704 1013 solis
725 969 874 1013 electis
894 968 1097 1011 diuinum
1125 971 1171 1011 et
1192 967 1287 1011 Deo
1311 968 1488 1025 placens
1515 982 1595 1025 per
1619 968 1685 1010 in-

213 1039 489 1083 habitantem
511 1039 702 1097 gratiam
723 1053 816 1082 esse
836 1037 977 1082 credit
995 1037 1237 1094 ingenium,
1258 1037 1342 1080 etsi
1362 1051 1441 1080 nec
1454 1038 1591 1080 uerba
1606 1052 1685 1081 nec

213 1122 368 1152 sensus
417 1108 593 1152 credam
631 1108 867 1167 gentilium
911 1106 1159 1164 fugiendos,
1201 1106 1440 1149 dummodo
1481 1107 1686 1150 uitentur

213 1192 394 1228 errores,
414 1178 495 1221 hoc
515 1178 661 1235 ipsum
681 1177 835 1220 diuina
849 1176 1087 1234 prudentia.
1106 1176 1152 1218 in
1174 1176 1340 1219 Eneide
1355 1191 1437 1219 sua
1455 1176 1539 1219 sub
1559 1176 1683 1219 inuo-
1701 1182 1772 1234 817
1791 1193 1821 1222 a

153 1247 338 1298 15lucro
375 1247 524 1291 fictitii
563 1247 799 1291 commenti
830 1246 1027 1289 innuisse
1051 1246 1175 1289 uisus
1204 1249 1272 1289 est
1302 1246 1439 1296 Maro,
1469 1246 1575 1288 dum
1606 1261 1686 1288 sex

215 1319 387 1360 etatum
433 1316 600 1375 gradus
646 1330 727 1359 sex
775 1315 989 1358 librorum
1038 1315 1400 1358 distinctionibus
1444 1315 1688 1372 prudenter

213 1386 444 1444 expressit.
519 1386 691 1439 Quibus
730 1385 996 1429 conditionis
1035 1386 1268 1436 humanae,
1308 1385 1415 1427 dum
1456 1385 1687 1428 Odisseam

213 1455 429 1506 imitatur,
445 1458 593 1499 ortum
613 1454 860 1512 exprimere
876 1455 999 1498 uisus
1015 1457 1083 1497 est
1098 1458 1144 1498 et
1163 1468 1426 1512 processum,
1443 1454 1688 1511 ipsumque,

215 1539 347 1582 quem
381 1524 530 1568 educit
561 1527 606 1568 et
637 1523 859 1582 prouehit,
890 1524 1096 1582 producit
1131 1526 1177 1567 et
1215 1523 1396 1567 deducit
1429 1524 1485 1566 ad
1522 1524 1686 1567 Manes.

152 1607 199 1635 ³0
217 1593 335 1638 Nam
356 1594 511 1645 Eneas,
531 1594 607 1651 qui
628 1593 691 1637 ibi
711 1593 900 1651 fingitur
919 1594 1106 1645 animus,
1126 1593 1188 1636 sic
1209 1593 1356 1636 dictus
1386 1608 1437 1636 eo
1472 1593 1590 1650 quod
1620 1596 1689 1636 est

215 1663 411 1722 corporis
434 1663 683 1715 habitat0r;
712 1678 851 1707 e‘nnoa
875 1663 1005 1714 enim,
1025 1666 1078 1706 ut
1097 1662 1250 1706 Grecis
1276 1662 1433 1720 placet,
1460 1663 1689 1705 habitator

215 1736 296 1784 est,
315 1734 468 1777 demas
486 1747 645 1790 corpus
672 1736 718 1776 et
741 1733 798 1776 ab
824 1733 895 1775 his
914 1732 1194 1790 componitur
1223 1732 1367 1775 Eneas
1392 1736 1444 1775 ut
1467 1732 1688 1790 significet

215 1802 410 1846 animam
430 1802 556 1860 quasi
577 1802 722 1846 carnis
742 1802 923 1860 tugurio
950 1802 1240 1845 habitantem.
1300 1801 1374 1845 Sic
1405 1802 1539 1844 etiam
1571 1801 1688 1859 Nep·

215 1874 376 1915 tunum
416 1871 701 1929 ennosigeum
743 1886 794 1915 eo
833 1871 951 1929 quod
987 1871 1169 1929 Sigeum
1206 1870 1439 1914 inhabitet.
1511 1871 1688 1914 Primus

215 1974 238 2001 2
261 1963 429 2001 hostium
445 1964 471 2002 S
612 1975 635 2009 4
660 1963 902 2001 adholescens
918 1963 951 1999 A
1094 1972 1115 2008 7
1142 1964 1231 2000 unio
1247 1963 1373 1999 carnis
1389 1962 1599 2000 reluctetur
1616 1962 1660 1997 A¹
1677 1974 1686 1998 ε

214 2011 423 2048 reluctetur
439 2011 562 2049 carnis
575 2011 667 2048 unio
680 2011 728 2047 A·
837 2022 879 2056 13
903 2010 1111 2059 gentilium
1128 2011 1280 2047 credam
1298 2011 1330 2046 A
1431 2020 1470 2057 ις
1498 2011 1533 2046 vi
1546 2010 1685 2047 CBAM

217 2060 262 2099 16
286 2058 324 2095 vi
341 2057 434 2096 CBA
577 2061 620 2096 18
645 2058 841 2096 imittatur
863 2059 888 2095 S
1030 2068 1077 2103 24
1102 2058 1386 2105 ethnossigeum
1403 2057 1568 2094 CBASM

267 2149 300 2184 1,
316 2150 337 2176 2
363 2141 499 2176 locutus
513 2146 564 2177 est
580 2142 769 2186 maqnalia
786 2141 856 2176 Dei
867 2151 876 2176 ε
903 2151 934 2176 ν.
953 2139 1037 2176 Act.
1053 2139 1149 2186 App.
1169 2138 1208 2175 ii.
1231 2149 1287 2176 11.
1478 2149 1501 2184 9
1575 2141 1691 2184 ifecit

351 2199 370 2224 ο
391 2198 531 2224 unum:
558 2187 652 2234 Eph.
680 2187 721 2226 ii.
750 2198 804 2232 14.
925 2199 1070 2224 carnem
1096 2191 1190 2223 ete:
1217 2187 1268 2224 cf.
1290 2186 1391 2232 quod
1416 2186 1472 2223 ait
1538 2186 1689 2224 aximus

216 2234 320 2272 Theo
338 2261 348 2270 .
371 2245 433 2279 ap.
458 2234 511 2272 Io.
537 2234 637 2272 Scot.
660 2237 704 2271 de
727 2237 808 2271 Dio.
834 2236 919 2271 Nat.
939 2247 970 2271 v.
990 2237 1011 2272 8
1030 2234 1177 2281 (Migne
1192 2236 1233 2271 P.
1251 2236 1295 2270 L.
1312 2234 1425 2270 cxxii.
1443 2236 1550 2280 878);
1576 2247 1688 2280 quem

217 2282 348 2318 tamen
372 2281 510 2318 librum
535 2282 577 2318 in
602 2282 774 2319 manibus
798 2282 973 2318 habuisse
999 2282 1181 2318 Ioannem
1206 2293 1283 2318 non
1309 2282 1431 2318 credo.
1579 2292 1622 2326 14
1648 2284 1689 2318 in

218 2330 358 2364 Eneide
381 2341 449 2365 sua
471 2332 565 2366 etc-t
600 2329 647 2366 Se
674 2330 779 2366 uitur
803 2330 966 2366 Ioannes
995 2329 1226 2366 Bernardum
1257 2329 1486 2372 Silvestrem,
1513 2329 1559 2366 de
1585 2330 1691 2366 cuius

219 2375 444 2412 Commento
449 2388 570 2430 super
585 2388 647 2414 sex
681 2377 780 2414 ibros
794 2376 1006 2414 Aeneidos
995 2389 1034 2412 ιιι
1053 2377 1135 2414 cod.
1150 2377 1266 2414 Paris.
1280 2377 1395 2422 (Bibl.
1408 2375 1495 2412 Nat.
1514 2378 1628 2421 16246
1642 2380 1688 2421 Ι),

219 2433 331 2469 quem
349 2423 430 2469 ipse
446 2422 607 2470 inspexi
625 2423 780 2461 invento
797 2437 828 2461 v.
846 2424 994 2466 Cousin,
1008 2426 1156 2470 Fraqm.
1168 2426 1300 2471 philos.
1320 2425 1469 2470 (philos.
1487 2426 1593 2460 schol.
1600 2430 1611 2467 )
1629 2425 1690 2461 ed.

221 2472 322 2515 1840
338 2482 400 2517 pp.
412 2472 479 2516 358
496 2482 598 2517 seqq.
629 2472 686 2508 cf.
697 2470 812 2508 Dant.
828 2471 996 2508 Gor-vito
985 2484 1036 2508 iv.
1050 2473 1118 2515 263
1144 2484 1177 2509 v.
1192 2471 1440 2518 Comparetti,
1462 2473 1613 2517 Vityilio
1631 2474 1692 2507 nel

219 2517 449 2554 medioeuoi.
463 2529 526 2564 pp.
543 2529 557 2554 ι
565 2519 609 2565 56
620 2529 721 2564 seqq.
820 2528 872 2563 17,
892 2521 932 2555 18
953 2521 1040 2555 dum
1059 2500 1244 2555 odissoam
1262 2522 1451 2555 imitatur.
1476 2531 1507 2555 v
1527 2519 1691 2556 Macrob.

219 2566 295 2601 Sat.
313 2576 344 2600 v.
367 2575 387 2600 2
415 2564 432 2611 §
456 2566 490 2601 6.
633 2576 679 2602 20
702 2567 824 2602 Encas
847 2568 943 2603 etc.:
971 2579 1002 2602 v.
1021 2567 1134 2604 Bern.
1153 2566 1266 2603 Silv:
1291 2568 1441 2602 Dicitur
1455 2568 1552 2602 em'm
1571 2569 1693 2602 Encas

218 2614 324 2660 quasi
347 2623 459 2648 ennos
482 2613 605 2648 demas
626 2614 652 2648 i.
677 2614 862 2649 habitator
882 2617 1053 2660 corporis.
1102 2615 1231 2650 Ennos
1254 2616 1350 2649 enim
1380 2626 1478 2658 yrece
1509 2615 1694 2650 habitator

219 2661 357 2696 dicitur
378 2660 593 2705 simpliciter
602 2659 665 2706 (‘?).
727 2661 825 2695 Vnde
854 2667 1054 2707 neptunum
1076 2666 1179 2697 uocat
1203 2662 1395 2697 quenalis
1413 2663 1644 2706 ennosiyeum
1665 2663 1690 2697 i.

219 2708 454 2743 habitatorem
482 2708 594 2751 siqei.
632 2708 753 2743 demas
778 2719 863 2743 uero
889 2710 929 2743 id
958 2714 1008 2744 est
1036 2710 1227 2744 uinculum
1251 2709 1390 2744 dicitur
1418 2711 1579 2754 corporis
1606 2711 1691 2754 quia

221 2756 339 2790 animi
355 2765 477 2790 carcer
487 2758 547 2788 est.
597 2753 652 2791 Cf.
666 2754 799 2790 Ioann.
815 2753 921 2791 Balb.
933 2755 980 2791 de
995 2755 1113 2791 Ianua
1124 2755 1207 2801 (qui
1224 2755 1284 2792 ob.
1298 2766 1334 2792 8.
1355 2756 1460 2801 1298)
1483 2757 1692 2791 Catholicon

222 2813 250 2839 s.
261 2814 294 2840 v.
311 2802 558 2847 ennosiyaeua.
700 2811 742 2838 21
770 2813 900 2838 ennoo:
924 2801 1032 2848 quasi
1049 2802 1131 2838 abe'
1114 2804 1243 2841 εἰνναω.

1515 2876 1581 2923 415
