<?xml version="1.0" encoding="UTF-8"?>
<!DOCTYPE html PUBLIC "-//W3C//DTD XHTML 1.0 Transitional//EN"
    "http://www.w3.org/TR/xhtml1/DTD/xhtml1-transitional.dtd">
<html xmlns="http://www.w3.org/1999/xhtml" xml:lang="en" lang="en">
 <head>
  <title>
</title>
<meta http-equiv="Content-Type" content="text/html;charset=utf-8" />
  <meta name='ocr-system' content='tesseract 3.04.00' />
  <meta name='ocr-capabilities' content='ocr_page ocr_carea ocr_par ocr_line ocrx_word'/>
</head>
<body>
  <div class='ocr_page' id='page_1' title='image "./policraticisived02john_0264.png"; bbox 0 0 1988 3250; ppageno 0'>
   <div class='ocr_carea' id='block_1_1' title="bbox 270 194 1876 256">
    <p class='ocr_par' dir='ltr' id='par_1_1' title="bbox 270 194 1876 256">
     <span class='ocr_line' id='line_1_1' title="bbox 270 194 1876 256; baseline 0.001 -17"><span class='ocrx_word' id='word_1_1' title='bbox 270 208 349 249; x_wconf 77' lang='lat'>725</span> <span class='ocrx_word' id='word_1_2' title='bbox 367 209 398 239; x_wconf 86' lang='lat' dir='ltr'>a</span> <span class='ocrx_word' id='word_1_3' title='bbox 723 195 985 241; x_wconf 89' lang='lat' dir='ltr'>IOANNIS</span> <span class='ocrx_word' id='word_1_4' title='bbox 1025 195 1538 241; x_wconf 85' lang='lat' dir='ltr'><strong>SARESBERIENSIS</strong></span> <span class='ocrx_word' id='word_1_5' title='bbox 1655 194 1767 256; x_wconf 74' lang='grc' dir='ltr'><strong>[ΜΒ.</strong></span> <span class='ocrx_word' id='word_1_6' title='bbox 1782 207 1876 240; x_wconf 77' lang='lat' dir='ltr'><strong>VIII</strong></span> 
     </span>
    </p>
   </div>
   <div class='ocr_carea' id='block_1_2' title="bbox 362 314 1941 2386">
    <p class='ocr_par' dir='ltr' id='par_1_2' title="bbox 412 314 1874 374">
     <span class='ocr_line' id='line_1_2' title="bbox 412 314 1874 374; baseline -0.001 -15"><span class='ocrx_word' id='word_1_7' title='bbox 412 330 498 373; x_wconf 91' lang='lat' dir='ltr'>que</span> <span class='ocrx_word' id='word_1_8' title='bbox 518 318 748 374; x_wconf 84' lang='lat' dir='ltr'>expugnat</span> <span class='ocrx_word' id='word_1_9' title='bbox 773 318 820 359; x_wconf 88' lang='lat' dir='ltr'>et</span> <span class='ocrx_word' id='word_1_10' title='bbox 845 318 996 359; x_wconf 88' lang='lat' dir='ltr'>tamen</span> <span class='ocrx_word' id='word_1_11' title='bbox 1019 315 1068 358; x_wconf 92' lang='lat' dir='ltr'>in</span> <span class='ocrx_word' id='word_1_12' title='bbox 1097 315 1256 359; x_wconf 85' lang='lat' dir='ltr'>sacello</span> <span class='ocrx_word' id='word_1_13' title='bbox 1279 314 1525 372; x_wconf 89' lang='lat' dir='ltr'>uoluptatis</span> <span class='ocrx_word' id='word_1_14' title='bbox 1545 314 1720 358; x_wconf 89' lang='lat' dir='ltr'>nemine</span> <span class='ocrx_word' id='word_1_15' title='bbox 1740 315 1874 358; x_wconf 81' lang='lat' dir='ltr'>recla-</span> 
     </span>
    </p>

    <p class='ocr_par' dir='ltr' id='par_1_3' title="bbox 362 383 1940 1275">
     <span class='ocr_line' id='line_1_3' title="bbox 362 383 1876 441; baseline -0.001 -13"><span class='ocrx_word' id='word_1_16' title='bbox 362 392 392 430; x_wconf 91' lang='lat' dir='ltr'>b</span> <span class='ocrx_word' id='word_1_17' title='bbox 411 389 562 428; x_wconf 87' lang='lat' dir='ltr'>mante</span> <span class='ocrx_word' id='word_1_18' title='bbox 596 385 879 428; x_wconf 87' lang='lat' dir='ltr'>conueniunt.</span> <span class='ocrx_word' id='word_1_19' title='bbox 952 385 1001 428; x_wconf 88' lang='lat' dir='ltr'>Si</span> <span class='ocrx_word' id='word_1_20' title='bbox 1038 385 1212 428; x_wconf 91' lang='lat' dir='ltr'>Bachus</span> <span class='ocrx_word' id='word_1_21' title='bbox 1245 384 1502 441; x_wconf 71' lang='lat' dir='ltr'><strong>optinuerit,</strong></span> <span class='ocrx_word' id='word_1_22' title='bbox 1535 383 1752 427; x_wconf 80' lang='lat' dir='ltr'>Venerem</span> <span class='ocrx_word' id='word_1_23' title='bbox 1786 399 1876 427; x_wconf 91' lang='lat' dir='ltr'>non</span> 
     </span>
     <span class='ocr_line' id='line_1_4' title="bbox 411 453 1877 512; baseline -0.001 -14"><span class='ocrx_word' id='word_1_24' title='bbox 411 455 689 512; x_wconf 88' lang='lat' dir='ltr'>uoluptatem</span> <span class='ocrx_word' id='word_1_25' title='bbox 710 454 945 512; x_wconf 74' lang='lat' dir='ltr'>extinguit.</span> <span class='ocrx_word' id='word_1_26' title='bbox 1005 454 1100 497; x_wconf 91' lang='lat' dir='ltr'>Aut</span> <span class='ocrx_word' id='word_1_27' title='bbox 1126 454 1250 496; x_wconf 91' lang='lat' dir='ltr'>nulla</span> <span class='ocrx_word' id='word_1_28' title='bbox 1280 454 1470 496; x_wconf 74' lang='lat' dir='ltr'>ebrietas</span> <span class='ocrx_word' id='word_1_29' title='bbox 1494 456 1574 496; x_wconf 89' lang='lat' dir='ltr'>aut</span> <span class='ocrx_word' id='word_1_30' title='bbox 1596 455 1726 496; x_wconf 90' lang='lat' dir='ltr'>tanta</span> <span class='ocrx_word' id='word_1_31' title='bbox 1745 453 1806 496; x_wconf 90' lang='lat' dir='ltr'>sit</span> <span class='ocrx_word' id='word_1_32' title='bbox 1824 456 1877 496; x_wconf 91' lang='lat' dir='ltr'>ut</span> 
     </span>
     <span class='ocr_line' id='line_1_5' title="bbox 411 522 1876 581; baseline 0 -15"><span class='ocrx_word' id='word_1_33' title='bbox 411 524 496 567; x_wconf 92' lang='lat' dir='ltr'>tibi</span> <span class='ocrx_word' id='word_1_34' title='bbox 516 524 635 567; x_wconf 85' lang='lat' dir='ltr'>uires</span> <span class='ocrx_word' id='word_1_35' title='bbox 656 523 841 581; x_wconf 89' lang='lat' dir='ltr'>eripiat;</span> <span class='ocrx_word' id='word_1_36' title='bbox 871 523 908 566; x_wconf 90' lang='lat' dir='ltr'>si</span> <span class='ocrx_word' id='word_1_37' title='bbox 930 538 1018 580; x_wconf 87' lang='lat' dir='ltr'>qua</span> <span class='ocrx_word' id='word_1_38' title='bbox 1041 526 1109 566; x_wconf 91' lang='lat' dir='ltr'>est</span> <span class='ocrx_word' id='word_1_39' title='bbox 1132 523 1250 566; x_wconf 88' lang='lat' dir='ltr'>inter</span> <span class='ocrx_word' id='word_1_40' title='bbox 1275 525 1523 579; x_wconf 89' lang='lat' dir='ltr'>utramque,</span> <span class='ocrx_word' id='word_1_41' title='bbox 1542 526 1683 566; x_wconf 91' lang='lat' dir='ltr'>nocet.</span> <span class='ocrx_word' id='word_1_42' title='bbox 1743 522 1876 566; x_wconf 91' lang='lat' dir='ltr'>Vtro-</span> 
     </span>
     <span class='ocr_line' id='line_1_6' title="bbox 410 591 1915 650; baseline -0.001 -14"><span class='ocrx_word' id='word_1_43' title='bbox 410 594 542 650; x_wconf 91' lang='lat' dir='ltr'>bique</span> <span class='ocrx_word' id='word_1_44' title='bbox 571 608 599 636; x_wconf 91' lang='lat' dir='ltr'>a</span> <span class='ocrx_word' id='word_1_45' title='bbox 618 593 714 636; x_wconf 92' lang='lat' dir='ltr'>Deo</span> <span class='ocrx_word' id='word_1_46' title='bbox 737 593 968 643; x_wconf 84' lang='lat' dir='ltr'>receditur,</span> <span class='ocrx_word' id='word_1_47' title='bbox 988 593 1064 636; x_wconf 89' lang='lat' dir='ltr'>sed</span> <span class='ocrx_word' id='word_1_48' title='bbox 1092 607 1180 649; x_wconf 91' lang='lat' dir='ltr'>qua</span> <span class='ocrx_word' id='word_1_49' title='bbox 1208 592 1350 650; x_wconf 90' lang='lat' dir='ltr'>magis</span> <span class='ocrx_word' id='word_1_50' title='bbox 1380 592 1611 634; x_wconf 84' lang='lat' dir='ltr'>aberretur</span> <span class='ocrx_word' id='word_1_51' title='bbox 1630 606 1719 634; x_wconf 92' lang='lat' dir='ltr'>non</span> <span class='ocrx_word' id='word_1_52' title='bbox 1747 591 1877 635; x_wconf 80' lang='lat' dir='ltr'>facile</span> <span class='ocrx_word' id='word_1_53' title='bbox 1896 612 1915 646; x_wconf 85' lang='lat'><strong>5</strong></span> 
     </span>
     <span class='ocr_line' id='line_1_7' title="bbox 410 661 1878 718; baseline -0.001 -13"><span class='ocrx_word' id='word_1_54' title='bbox 410 663 601 706; x_wconf 87' lang='lat' dir='ltr'>dixerim</span> <span class='ocrx_word' id='word_1_55' title='bbox 618 677 628 716; x_wconf 96' lang='lat'>;</span> <span class='ocrx_word' id='word_1_56' title='bbox 658 663 735 706; x_wconf 89' lang='lat' dir='ltr'>sed</span> <span class='ocrx_word' id='word_1_57' title='bbox 750 663 839 705; x_wconf 90' lang='lat' dir='ltr'>iam</span> <span class='ocrx_word' id='word_1_58' title='bbox 855 663 1046 705; x_wconf 89' lang='lat' dir='ltr'>alterum</span> <span class='ocrx_word' id='word_1_59' title='bbox 1067 662 1228 705; x_wconf 88' lang='lat' dir='ltr'>erroris</span> <span class='ocrx_word' id='word_1_60' title='bbox 1248 662 1425 704; x_wconf 91' lang='lat' dir='ltr'>nomine</span> <span class='ocrx_word' id='word_1_61' title='bbox 1439 676 1528 704; x_wconf 91' lang='lat' dir='ltr'>non</span> <span class='ocrx_word' id='word_1_62' title='bbox 1545 664 1759 712; x_wconf 88' lang='lat' dir='ltr'>censetur,</span> <span class='ocrx_word' id='word_1_63' title='bbox 1772 661 1878 718; x_wconf 90' lang='lat' dir='ltr'>quia</span> 
     </span>
     <span class='ocr_line' id='line_1_8' title="bbox 410 730 1878 789; baseline -0.001 -14"><span class='ocrx_word' id='word_1_64' title='bbox 410 732 628 775; x_wconf 87' lang='lat' dir='ltr'>auaritiae</span> <span class='ocrx_word' id='word_1_65' title='bbox 659 731 868 789; x_wconf 85' lang='lat' dir='ltr'>propellit</span> <span class='ocrx_word' id='word_1_66' title='bbox 897 735 1048 774; x_wconf 90' lang='lat' dir='ltr'>notam</span> <span class='ocrx_word' id='word_1_67' title='bbox 1079 734 1125 774; x_wconf 90' lang='lat' dir='ltr'>et</span> <span class='ocrx_word' id='word_1_68' title='bbox 1156 732 1374 788; x_wconf 83' lang='lat' dir='ltr'>ingenuae</span> <span class='ocrx_word' id='word_1_69' title='bbox 1403 730 1685 774; x_wconf 82' lang='lat' dir='ltr'>liberalitatis</span> <span class='ocrx_word' id='word_1_70' title='bbox 1715 731 1878 774; x_wconf 89' lang='lat' dir='ltr'>habere</span> 
     </span>
     <span class='ocr_line' id='line_1_9' title="bbox 409 799 1878 858; baseline -0.001 -14"><span class='ocrx_word' id='word_1_71' title='bbox 409 802 592 844; x_wconf 90' lang='lat' dir='ltr'>uidetur</span> <span class='ocrx_word' id='word_1_72' title='bbox 618 801 870 858; x_wconf 85' lang='lat' dir='ltr'>imaginem.</span> <span class='ocrx_word' id='word_1_73' title='bbox 941 800 1055 845; x_wconf 83' lang='lat' dir='ltr'>Cum</span> <span class='ocrx_word' id='word_1_74' title='bbox 1087 801 1205 844; x_wconf 91' lang='lat' dir='ltr'>enim</span> <span class='ocrx_word' id='word_1_75' title='bbox 1237 799 1520 843; x_wconf 82' lang='lat' dir='ltr'>liberalitatis</span> <span class='ocrx_word' id='word_1_76' title='bbox 1549 799 1730 843; x_wconf 89' lang='lat' dir='ltr'>effectus</span> <span class='ocrx_word' id='word_1_77' title='bbox 1759 814 1878 843; x_wconf 90' lang='lat' dir='ltr'>nunc</span> 
     </span>
     <span class='ocr_line' id='line_1_10' title="bbox 410 868 1876 927; baseline -0.002 -13"><span class='ocrx_word' id='word_1_78' title='bbox 410 886 438 914; x_wconf 88' lang='lat' dir='ltr'>a</span> <span class='ocrx_word' id='word_1_79' title='bbox 458 871 564 921; x_wconf 90' lang='lat' dir='ltr'>loco,</span> <span class='ocrx_word' id='word_1_80' title='bbox 583 885 703 914; x_wconf 89' lang='lat' dir='ltr'>nunc</span> <span class='ocrx_word' id='word_1_81' title='bbox 722 885 750 913; x_wconf 92' lang='lat' dir='ltr'>a</span> <span class='ocrx_word' id='word_1_82' title='bbox 770 874 978 927; x_wconf 88' lang='lat' dir='ltr'>tempore,</span> <span class='ocrx_word' id='word_1_83' title='bbox 1000 885 1118 913; x_wconf 92' lang='lat' dir='ltr'>nunc</span> <span class='ocrx_word' id='word_1_84' title='bbox 1138 885 1166 912; x_wconf 90' lang='lat' dir='ltr'>a</span> <span class='ocrx_word' id='word_1_85' title='bbox 1186 870 1452 927; x_wconf 89' lang='lat' dir='ltr'>quantitate,</span> <span class='ocrx_word' id='word_1_86' title='bbox 1472 884 1591 912; x_wconf 90' lang='lat' dir='ltr'>nunc</span> <span class='ocrx_word' id='word_1_87' title='bbox 1611 884 1639 912; x_wconf 92' lang='lat' dir='ltr'>a</span> <span class='ocrx_word' id='word_1_88' title='bbox 1667 868 1876 926; x_wconf 77' lang='lat' dir='ltr'>personiS,</span> 
     </span>
     <span class='ocr_line' id='line_1_11' title="bbox 409 938 1940 998; baseline -0.001 -16"><span class='ocrx_word' id='word_1_89' title='bbox 409 954 528 984; x_wconf 89' lang='lat' dir='ltr'>nunc</span> <span class='ocrx_word' id='word_1_90' title='bbox 548 940 606 983; x_wconf 86' lang='lat' dir='ltr'>ab</span> <span class='ocrx_word' id='word_1_91' title='bbox 625 954 709 983; x_wconf 88' lang='lat' dir='ltr'>usu</span> <span class='ocrx_word' id='word_1_92' title='bbox 730 943 776 983; x_wconf 88' lang='lat' dir='ltr'>et</span> <span class='ocrx_word' id='word_1_93' title='bbox 795 940 1056 983; x_wconf 87' lang='lat' dir='ltr'>assiduitate</span> <span class='ocrx_word' id='word_1_94' title='bbox 1072 939 1303 983; x_wconf 90' lang='lat' dir='ltr'>exercendi</span> <span class='ocrx_word' id='word_1_95' title='bbox 1320 939 1538 990; x_wconf 86' lang='lat' dir='ltr'>laudetur,</span> <span class='ocrx_word' id='word_1_96' title='bbox 1551 939 1628 998; x_wconf 81' lang='lat' dir='ltr'>illa</span> <span class='ocrx_word' id='word_1_97' title='bbox 1643 938 1877 996; x_wconf 85' lang='lat' dir='ltr'>praecipue</span> <span class='ocrx_word' id='word_1_98' title='bbox 1897 957 1940 981; x_wconf 84' lang='lat'>10</span> 
     </span>
     <span class='ocr_line' id='line_1_12' title="bbox 409 1008 1879 1066; baseline -0.001 -13"><span class='ocrx_word' id='word_1_99' title='bbox 409 1010 771 1053; x_wconf 84' lang='lat' dir='ltr'>commendabilis</span> <span class='ocrx_word' id='word_1_100' title='bbox 808 1009 1005 1053; x_wconf 90' lang='lat' dir='ltr'>creditur</span> <span class='ocrx_word' id='word_1_101' title='bbox 1037 1024 1149 1066; x_wconf 93' lang='lat' dir='ltr'>quae</span> <span class='ocrx_word' id='word_1_102' title='bbox 1178 1009 1226 1052; x_wconf 92' lang='lat' dir='ltr'>in</span> <span class='ocrx_word' id='word_1_103' title='bbox 1261 1009 1484 1052; x_wconf 89' lang='lat' dir='ltr'>alimentis</span> <span class='ocrx_word' id='word_1_104' title='bbox 1519 1012 1565 1051; x_wconf 92' lang='lat' dir='ltr'>et</span> <span class='ocrx_word' id='word_1_105' title='bbox 1599 1009 1686 1052; x_wconf 89' lang='lat' dir='ltr'>hiis</span> <span class='ocrx_word' id='word_1_106' title='bbox 1716 1008 1879 1065; x_wconf 89' lang='lat' dir='ltr'>quibus</span> 
     </span>
     <span class='ocr_line' id='line_1_13' title="bbox 410 1077 1877 1137; baseline -0.001 -15"><span class='ocrx_word' id='word_1_107' title='bbox 410 1083 575 1122; x_wconf 86' lang='lat' dir='ltr'>natura</span> <span class='ocrx_word' id='word_1_108' title='bbox 614 1079 785 1137; x_wconf 88' lang='lat' dir='ltr'>indiget</span> <span class='ocrx_word' id='word_1_109' title='bbox 820 1082 899 1122; x_wconf 88' lang='lat' dir='ltr'>aut</span> <span class='ocrx_word' id='word_1_110' title='bbox 936 1079 1034 1122; x_wconf 91' lang='lat' dir='ltr'>uita</span> <span class='ocrx_word' id='word_1_111' title='bbox 1068 1079 1212 1122; x_wconf 82' lang='lat' dir='ltr'>ciuilis</span> <span class='ocrx_word' id='word_1_112' title='bbox 1247 1082 1434 1122; x_wconf 90' lang='lat' dir='ltr'>ornatur</span> <span class='ocrx_word' id='word_1_113' title='bbox 1465 1079 1628 1122; x_wconf 88' lang='lat' dir='ltr'>clarius</span> <span class='ocrx_word' id='word_1_114' title='bbox 1662 1077 1877 1121; x_wconf 83' lang='lat' dir='ltr'>enitescit.</span> 
     </span>
     <span class='ocr_line' id='line_1_14' title="bbox 412 1147 1878 1206; baseline -0.001 -15"><span class='ocrx_word' id='word_1_115' title='bbox 412 1148 531 1206; x_wconf 90' lang='lat' dir='ltr'>Ergo</span> <span class='ocrx_word' id='word_1_116' title='bbox 557 1149 633 1206; x_wconf 88' lang='lat' dir='ltr'>qui</span> <span class='ocrx_word' id='word_1_117' title='bbox 658 1163 809 1192; x_wconf 88' lang='lat' dir='ltr'>omnes</span> <span class='ocrx_word' id='word_1_118' title='bbox 836 1148 1037 1191; x_wconf 89' lang='lat' dir='ltr'>admittit</span> <span class='ocrx_word' id='word_1_119' title='bbox 1065 1149 1121 1191; x_wconf 91' lang='lat' dir='ltr'>ad</span> <span class='ocrx_word' id='word_1_120' title='bbox 1148 1163 1357 1198; x_wconf 85' lang='lat' dir='ltr'>mensam,</span> <span class='ocrx_word' id='word_1_121' title='bbox 1385 1148 1690 1192; x_wconf 82' lang='lat' dir='ltr'>exactissimae</span> <span class='ocrx_word' id='word_1_122' title='bbox 1719 1147 1878 1190; x_wconf 86' lang='lat' dir='ltr'>libera-</span> 
     </span>
     <span class='ocr_line' id='line_1_15' title="bbox 411 1217 1878 1275; baseline 0 -15"><span class='ocrx_word' id='word_1_123' title='bbox 411 1218 555 1261; x_wconf 78' lang='lat' dir='ltr'>litatis</span> <span class='ocrx_word' id='word_1_124' title='bbox 581 1221 674 1270; x_wconf 91' lang='lat' dir='ltr'>est;</span> <span class='ocrx_word' id='word_1_125' title='bbox 704 1218 835 1275; x_wconf 87' lang='lat' dir='ltr'>plane</span> <span class='ocrx_word' id='word_1_126' title='bbox 864 1217 1053 1274; x_wconf 91' lang='lat' dir='ltr'>quidem,</span> <span class='ocrx_word' id='word_1_127' title='bbox 1085 1233 1222 1275; x_wconf 90' lang='lat' dir='ltr'>eoque</span> <span class='ocrx_word' id='word_1_128' title='bbox 1252 1218 1477 1261; x_wconf 89' lang='lat' dir='ltr'>liberalior</span> <span class='ocrx_word' id='word_1_129' title='bbox 1505 1232 1593 1275; x_wconf 92' lang='lat' dir='ltr'>quo</span> <span class='ocrx_word' id='word_1_130' title='bbox 1621 1217 1772 1275; x_wconf 87' lang='lat' dir='ltr'>plures</span> <span class='ocrx_word' id='word_1_131' title='bbox 1800 1217 1878 1260; x_wconf 88' lang='lat' dir='ltr'>ad·</span> 
     </span>
    </p>

    <p class='ocr_par' dir='ltr' id='par_1_4' title="bbox 369 1286 1940 2176">
     <span class='ocr_line' id='line_1_16' title="bbox 369 1286 1937 1344; baseline 0.001 -14"><span class='ocrx_word' id='word_1_132' title='bbox 369 1299 394 1330; x_wconf 88' lang='lat' dir='ltr'>c</span> <span class='ocrx_word' id='word_1_133' title='bbox 412 1287 577 1339; x_wconf 89' lang='lat' dir='ltr'>mittit;</span> <span class='ocrx_word' id='word_1_134' title='bbox 622 1287 699 1330; x_wconf 90' lang='lat' dir='ltr'>sed</span> <span class='ocrx_word' id='word_1_135' title='bbox 725 1288 808 1331; x_wconf 94' lang='lat' dir='ltr'>hoc</span> <span class='ocrx_word' id='word_1_136' title='bbox 834 1287 1000 1331; x_wconf 88' lang='lat' dir='ltr'>calculo</span> <span class='ocrx_word' id='word_1_137' title='bbox 1024 1287 1276 1344; x_wconf 85' lang='lat' dir='ltr'>paucissimi</span> <span class='ocrx_word' id='word_1_138' title='bbox 1301 1287 1582 1344; x_wconf 89' lang='lat' dir='ltr'>colliguntur.</span> <span class='ocrx_word' id='word_1_139' title='bbox 1643 1286 1878 1330; x_wconf 89' lang='lat' dir='ltr'>Proximus</span> <span class='ocrx_word' id='word_1_140' title='bbox 1896 1306 1937 1342; x_wconf 83' lang='lat'>¹5</span> 
     </span>
     <span class='ocr_line' id='line_1_17' title="bbox 412 1356 1878 1414; baseline -0.001 -14"><span class='ocrx_word' id='word_1_141' title='bbox 412 1360 479 1400; x_wconf 86' lang='lat' dir='ltr'>est</span> <span class='ocrx_word' id='word_1_142' title='bbox 509 1357 598 1414; x_wconf 91' lang='lat' dir='ltr'>qui,</span> <span class='ocrx_word' id='word_1_143' title='bbox 628 1356 711 1400; x_wconf 87' lang='lat' dir='ltr'>etsi</span> <span class='ocrx_word' id='word_1_144' title='bbox 741 1371 831 1399; x_wconf 91' lang='lat' dir='ltr'>non</span> <span class='ocrx_word' id='word_1_145' title='bbox 861 1371 1012 1400; x_wconf 88' lang='lat' dir='ltr'>omnes</span> <span class='ocrx_word' id='word_1_146' title='bbox 1047 1357 1271 1407; x_wconf 87' lang='lat' dir='ltr'>admittat,</span> <span class='ocrx_word' id='word_1_147' title='bbox 1300 1371 1373 1400; x_wconf 90' lang='lat' dir='ltr'>eos</span> <span class='ocrx_word' id='word_1_148' title='bbox 1403 1371 1513 1413; x_wconf 88' lang='lat' dir='ltr'>quos</span> <span class='ocrx_word' id='word_1_149' title='bbox 1542 1356 1788 1400; x_wconf 84' lang='lat' dir='ltr'>introducit</span> <span class='ocrx_word' id='word_1_150' title='bbox 1815 1356 1878 1399; x_wconf 85' lang='lat' dir='ltr'>sic</span> 
     </span>
     <span class='ocr_line' id='line_1_18' title="bbox 411 1425 1878 1483; baseline 0.001 -15"><span class='ocrx_word' id='word_1_151' title='bbox 411 1426 541 1476; x_wconf 87' lang='lat' dir='ltr'>cibat,</span> <span class='ocrx_word' id='word_1_152' title='bbox 563 1426 625 1469; x_wconf 91' lang='lat' dir='ltr'>sic</span> <span class='ocrx_word' id='word_1_153' title='bbox 644 1428 783 1483; x_wconf 87' lang='lat' dir='ltr'>potat,</span> <span class='ocrx_word' id='word_1_154' title='bbox 809 1426 870 1468; x_wconf 89' lang='lat' dir='ltr'>sic</span> <span class='ocrx_word' id='word_1_155' title='bbox 891 1426 938 1467; x_wconf 91' lang='lat' dir='ltr'>in</span> <span class='ocrx_word' id='word_1_156' title='bbox 959 1425 1167 1468; x_wconf 88' lang='lat' dir='ltr'>tricliniis</span> <span class='ocrx_word' id='word_1_157' title='bbox 1187 1425 1318 1469; x_wconf 83' lang='lat' dir='ltr'>fulcit</span> <span class='ocrx_word' id='word_1_158' title='bbox 1348 1429 1393 1469; x_wconf 89' lang='lat' dir='ltr'>et</span> <span class='ocrx_word' id='word_1_159' title='bbox 1417 1426 1532 1469; x_wconf 87' lang='lat' dir='ltr'>locat</span> <span class='ocrx_word' id='word_1_160' title='bbox 1552 1426 1878 1469; x_wconf 87' lang='lat' dir='ltr'>discumbentes</span> 
     </span>
     <span class='ocr_line' id='line_1_19' title="bbox 411 1495 1876 1553; baseline 0.001 -16"><span class='ocrx_word' id='word_1_161' title='bbox 411 1495 460 1537; x_wconf 92' lang='lat' dir='ltr'>in</span> <span class='ocrx_word' id='word_1_162' title='bbox 480 1495 703 1545; x_wconf 87' lang='lat' dir='ltr'>sedilibus,</span> <span class='ocrx_word' id='word_1_163' title='bbox 724 1498 777 1538; x_wconf 91' lang='lat' dir='ltr'>ut</span> <span class='ocrx_word' id='word_1_164' title='bbox 796 1495 933 1538; x_wconf 90' lang='lat' dir='ltr'>nichil</span> <span class='ocrx_word' id='word_1_165' title='bbox 953 1495 1026 1538; x_wconf 90' lang='lat' dir='ltr'>uel</span> <span class='ocrx_word' id='word_1_166' title='bbox 1046 1496 1290 1553; x_wconf 89' lang='lat' dir='ltr'>excogitari</span> <span class='ocrx_word' id='word_1_167' title='bbox 1318 1495 1486 1538; x_wconf 86' lang='lat' dir='ltr'>lautius</span> <span class='ocrx_word' id='word_1_168' title='bbox 1513 1495 1664 1552; x_wconf 87' lang='lat' dir='ltr'>possit.</span> <span class='ocrx_word' id='word_1_169' title='bbox 1725 1495 1876 1538; x_wconf 89' lang='lat' dir='ltr'>Multi-</span> 
     </span>
     <span class='ocr_line' id='line_1_20' title="bbox 412 1563 1877 1621; baseline 0.001 -14"><span class='ocrx_word' id='word_1_170' title='bbox 412 1564 636 1621; x_wconf 86' lang='lat' dir='ltr'>plicantur</span> <span class='ocrx_word' id='word_1_171' title='bbox 656 1563 836 1615; x_wconf 84' lang='lat' dir='ltr'>fercula,</span> <span class='ocrx_word' id='word_1_172' title='bbox 856 1564 943 1607; x_wconf 90' lang='lat' dir='ltr'>cibi</span> <span class='ocrx_word' id='word_1_173' title='bbox 964 1564 1040 1607; x_wconf 88' lang='lat' dir='ltr'>alii</span> <span class='ocrx_word' id='word_1_174' title='bbox 1068 1565 1168 1608; x_wconf 87' lang='lat' dir='ltr'>aliis</span> <span class='ocrx_word' id='word_1_175' title='bbox 1196 1564 1459 1615; x_wconf 86' lang='lat' dir='ltr'>farciuntur,</span> <span class='ocrx_word' id='word_1_176' title='bbox 1479 1565 1750 1608; x_wconf 90' lang='lat' dir='ltr'>condiuntur</span> <span class='ocrx_word' id='word_1_177' title='bbox 1769 1565 1877 1608; x_wconf 84' lang='lat' dir='ltr'>haec</span> 
     </span>
     <span class='ocr_line' id='line_1_21' title="bbox 412 1633 1940 1691; baseline 0.001 -15"><span class='ocrx_word' id='word_1_178' title='bbox 412 1633 502 1677; x_wconf 87' lang='lat' dir='ltr'>illis</span> <span class='ocrx_word' id='word_1_179' title='bbox 522 1637 567 1677; x_wconf 88' lang='lat' dir='ltr'>et</span> <span class='ocrx_word' id='word_1_180' title='bbox 587 1634 634 1676; x_wconf 91' lang='lat' dir='ltr'>in</span> <span class='ocrx_word' id='word_1_181' title='bbox 654 1633 862 1676; x_wconf 88' lang='lat' dir='ltr'>iniuriam</span> <span class='ocrx_word' id='word_1_182' title='bbox 887 1637 1074 1677; x_wconf 87' lang='lat' dir='ltr'>naturae</span> <span class='ocrx_word' id='word_1_183' title='bbox 1102 1634 1306 1677; x_wconf 89' lang='lat' dir='ltr'>innatum</span> <span class='ocrx_word' id='word_1_184' title='bbox 1333 1634 1580 1691; x_wconf 89' lang='lat' dir='ltr'>relinquere</span> <span class='ocrx_word' id='word_1_185' title='bbox 1610 1637 1656 1677; x_wconf 88' lang='lat' dir='ltr'>et</span> <span class='ocrx_word' id='word_1_186' title='bbox 1682 1634 1876 1677; x_wconf 87' lang='lat' dir='ltr'>alienum</span> <span class='ocrx_word' id='word_1_187' title='bbox 1896 1652 1940 1676; x_wconf 67' lang='grc' dir='ltr'>πο</span> 
     </span>
     <span class='ocr_line' id='line_1_22' title="bbox 411 1703 1877 1760; baseline 0.002 -15"><span class='ocrx_word' id='word_1_188' title='bbox 411 1706 634 1760; x_wconf 89' lang='lat' dir='ltr'>coguntur</span> <span class='ocrx_word' id='word_1_189' title='bbox 687 1703 843 1746; x_wconf 82' lang='lat' dir='ltr'>afferre</span> <span class='ocrx_word' id='word_1_190' title='bbox 897 1717 1109 1760; x_wconf 86' lang='lat' dir='ltr'>saporem,</span> <span class='ocrx_word' id='word_1_191' title='bbox 1154 1703 1450 1746; x_wconf 88' lang='lat' dir='ltr'>conficiuntur</span> <span class='ocrx_word' id='word_1_192' title='bbox 1503 1706 1549 1746; x_wconf 91' lang='lat' dir='ltr'>et</span> <span class='ocrx_word' id='word_1_193' title='bbox 1599 1703 1877 1748; x_wconf 86' lang='lat' dir='ltr'>salsamenta.</span> 
     </span>
     <span class='ocr_line' id='line_1_23' title="bbox 413 1771 1880 1830; baseline 0.001 -15"><span class='ocrx_word' id='word_1_194' title='bbox 413 1771 532 1815; x_wconf 86' lang='lat' dir='ltr'>Garo</span> <span class='ocrx_word' id='word_1_195' title='bbox 551 1771 687 1815; x_wconf 92' lang='lat' dir='ltr'>nichil</span> <span class='ocrx_word' id='word_1_196' title='bbox 712 1771 847 1814; x_wconf 86' lang='lat' dir='ltr'>uilius</span> <span class='ocrx_word' id='word_1_197' title='bbox 876 1775 955 1824; x_wconf 89' lang='lat' dir='ltr'>est,</span> <span class='ocrx_word' id='word_1_198' title='bbox 975 1772 1061 1815; x_wconf 91' lang='lat' dir='ltr'>nisi</span> <span class='ocrx_word' id='word_1_199' title='bbox 1091 1772 1384 1829; x_wconf 88' lang='lat' dir='ltr'>complurium</span> <span class='ocrx_word' id='word_1_200' title='bbox 1411 1772 1672 1830; x_wconf 85' lang='lat' dir='ltr'>polliceatur</span> <span class='ocrx_word' id='word_1_201' title='bbox 1698 1772 1880 1817; x_wconf 86' lang='lat' dir='ltr'>effectus</span> 
     </span>
     <span class='ocr_line' id='line_1_24' title="bbox 413 1840 1879 1899; baseline 0.001 -16"><span class='ocrx_word' id='word_1_202' title='bbox 413 1845 460 1884; x_wconf 89' lang='lat' dir='ltr'>et</span> <span class='ocrx_word' id='word_1_203' title='bbox 487 1840 653 1884; x_wconf 87' lang='lat' dir='ltr'>indicia</span> <span class='ocrx_word' id='word_1_204' title='bbox 681 1841 937 1898; x_wconf 86' lang='lat' dir='ltr'>specierum.</span> <span class='ocrx_word' id='word_1_205' title='bbox 998 1841 1237 1899; x_wconf 84' lang='lat' dir='ltr'>Egregium</span> <span class='ocrx_word' id='word_1_206' title='bbox 1271 1845 1421 1885; x_wconf 88' lang='lat' dir='ltr'>tamen</span> <span class='ocrx_word' id='word_1_207' title='bbox 1451 1845 1518 1885; x_wconf 91' lang='lat' dir='ltr'>est</span> <span class='ocrx_word' id='word_1_208' title='bbox 1548 1842 1595 1884; x_wconf 92' lang='lat' dir='ltr'>in</span> <span class='ocrx_word' id='word_1_209' title='bbox 1624 1842 1879 1886; x_wconf 89' lang='lat' dir='ltr'>huiusmodi</span> 
     </span>
     <span class='ocr_line' id='line_1_25' title="bbox 413 1910 1878 1968; baseline 0.002 -15"><span class='ocrx_word' id='word_1_210' title='bbox 413 1910 531 1968; x_wconf 92' lang='lat' dir='ltr'>quod</span> <span class='ocrx_word' id='word_1_211' title='bbox 570 1910 718 1953; x_wconf 89' lang='lat' dir='ltr'>mimis</span> <span class='ocrx_word' id='word_1_212' title='bbox 749 1913 795 1954; x_wconf 90' lang='lat' dir='ltr'>et</span> <span class='ocrx_word' id='word_1_213' title='bbox 829 1910 1121 1954; x_wconf 87' lang='lat' dir='ltr'>histrionibus</span> <span class='ocrx_word' id='word_1_214' title='bbox 1155 1914 1201 1954; x_wconf 91' lang='lat' dir='ltr'>et</span> <span class='ocrx_word' id='word_1_215' title='bbox 1236 1911 1519 1968; x_wconf 87' lang='lat' dir='ltr'>rumigerulis</span> <span class='ocrx_word' id='word_1_216' title='bbox 1558 1911 1726 1968; x_wconf 88' lang='lat' dir='ltr'>placet;</span> <span class='ocrx_word' id='word_1_217' title='bbox 1770 1912 1878 1956; x_wconf 83' lang='lat' dir='ltr'>haec</span> 
     </span>
     <span class='ocr_line' id='line_1_26' title="bbox 411 1979 1938 2038; baseline 0 -16"><span class='ocrx_word' id='word_1_218' title='bbox 411 1979 530 2023; x_wconf 89' lang='lat' dir='ltr'>enim</span> <span class='ocrx_word' id='word_1_219' title='bbox 569 1994 658 2023; x_wconf 92' lang='lat' dir='ltr'>non</span> <span class='ocrx_word' id='word_1_220' title='bbox 697 1979 754 2022; x_wconf 88' lang='lat' dir='ltr'>ad</span> <span class='ocrx_word' id='word_1_221' title='bbox 794 1979 1029 2023; x_wconf 87' lang='lat' dir='ltr'>ueritatem</span> <span class='ocrx_word' id='word_1_222' title='bbox 1069 1980 1146 2023; x_wconf 86' lang='lat' dir='ltr'>sed</span> <span class='ocrx_word' id='word_1_223' title='bbox 1186 1980 1243 2023; x_wconf 82' lang='lat' dir='ltr'>ad</span> <span class='ocrx_word' id='word_1_224' title='bbox 1283 1980 1533 2038; x_wconf 89' lang='lat' dir='ltr'>opinionem</span> <span class='ocrx_word' id='word_1_225' title='bbox 1573 1980 1722 2023; x_wconf 89' lang='lat' dir='ltr'>omnia</span> <span class='ocrx_word' id='word_1_226' title='bbox 1750 1981 1876 2026; x_wconf 89' lang='lat' dir='ltr'>fiunt.</span> <span class='ocrx_word' id='word_1_227' title='bbox 1896 1997 1938 2032; x_wconf 74' lang='lat'>²5</span> 
     </span>
     <span class='ocr_line' id='line_1_27' title="bbox 413 2047 1877 2107; baseline 0.002 -16"><span class='ocrx_word' id='word_1_228' title='bbox 413 2047 629 2092; x_wconf 83' lang='lat' dir='ltr'>Cocorum</span> <span class='ocrx_word' id='word_1_229' title='bbox 654 2048 904 2092; x_wconf 87' lang='lat' dir='ltr'>sollicitudo</span> <span class='ocrx_word' id='word_1_230' title='bbox 929 2048 1087 2102; x_wconf 84' lang='lat' dir='ltr'>feruet,</span> <span class='ocrx_word' id='word_1_231' title='bbox 1118 2052 1214 2093; x_wconf 88' lang='lat' dir='ltr'>arte</span> <span class='ocrx_word' id='word_1_232' title='bbox 1240 2050 1475 2107; x_wconf 88' lang='lat' dir='ltr'>multiplici</span> <span class='ocrx_word' id='word_1_233' title='bbox 1505 2050 1744 2094; x_wconf 86' lang='lat' dir='ltr'>eliciuntur</span> <span class='ocrx_word' id='word_1_234' title='bbox 1767 2050 1877 2102; x_wconf 88' lang='lat' dir='ltr'>iura,</span> 
     </span>
     <span class='ocr_line' id='line_1_28' title="bbox 414 2118 1878 2176; baseline 0.003 -16"><span class='ocrx_word' id='word_1_235' title='bbox 414 2118 521 2175; x_wconf 90' lang='lat' dir='ltr'>quid</span> <span class='ocrx_word' id='word_1_236' title='bbox 549 2133 637 2175; x_wconf 92' lang='lat' dir='ltr'>quo</span> <span class='ocrx_word' id='word_1_237' title='bbox 666 2118 738 2162; x_wconf 88' lang='lat' dir='ltr'>die</span> <span class='ocrx_word' id='word_1_238' title='bbox 764 2118 858 2176; x_wconf 90' lang='lat' dir='ltr'>geri</span> <span class='ocrx_word' id='word_1_239' title='bbox 887 2121 1090 2175; x_wconf 80' lang='lat' dir='ltr'>oporteat</span> <span class='ocrx_word' id='word_1_240' title='bbox 1120 2122 1165 2162; x_wconf 86' lang='lat' dir='ltr'>et</span> <span class='ocrx_word' id='word_1_241' title='bbox 1194 2119 1430 2162; x_wconf 77' lang='lat' dir='ltr'>cotidianis</span> <span class='ocrx_word' id='word_1_242' title='bbox 1457 2119 1701 2163; x_wconf 87' lang='lat' dir='ltr'>ministrari</span> <span class='ocrx_word' id='word_1_243' title='bbox 1729 2121 1878 2164; x_wconf 88' lang='lat' dir='ltr'>conui-</span> 
     </span>
    </p>

    <p class='ocr_par' dir='ltr' id='par_1_5' title="bbox 367 2187 1941 2386">
     <span class='ocr_line' id='line_1_29' title="bbox 367 2187 1878 2246; baseline 0.002 -16"><span class='ocrx_word' id='word_1_244' title='bbox 367 2191 397 2231; x_wconf 89' lang='lat' dir='ltr'>d</span> <span class='ocrx_word' id='word_1_245' title='bbox 414 2187 502 2231; x_wconf 86' lang='lat' dir='ltr'>uiis</span> <span class='ocrx_word' id='word_1_246' title='bbox 521 2187 787 2231; x_wconf 86' lang='lat' dir='ltr'>domesticus</span> <span class='ocrx_word' id='word_1_247' title='bbox 807 2187 999 2231; x_wconf 85' lang='lat' dir='ltr'>dictator</span> <span class='ocrx_word' id='word_1_248' title='bbox 1018 2191 1144 2232; x_wconf 90' lang='lat' dir='ltr'>nocte</span> <span class='ocrx_word' id='word_1_249' title='bbox 1164 2188 1323 2246; x_wconf 87' lang='lat' dir='ltr'>dieque</span> <span class='ocrx_word' id='word_1_250' title='bbox 1342 2188 1570 2232; x_wconf 86' lang='lat' dir='ltr'>deliberat.</span> <span class='ocrx_word' id='word_1_251' title='bbox 1631 2189 1878 2234; x_wconf 84' lang='lat' dir='ltr'>Vndecum·</span> 
     </span>
     <span class='ocr_line' id='line_1_30' title="bbox 415 2256 1880 2315; baseline 0.003 -16"><span class='ocrx_word' id='word_1_252' title='bbox 415 2270 501 2313; x_wconf 86' lang='lat' dir='ltr'>que</span> <span class='ocrx_word' id='word_1_253' title='bbox 520 2256 744 2314; x_wconf 71' lang='lat' dir='ltr'>conquirit</span> <span class='ocrx_word' id='word_1_254' title='bbox 763 2256 1043 2300; x_wconf 86' lang='lat' dir='ltr'>irritamenta</span> <span class='ocrx_word' id='word_1_255' title='bbox 1062 2257 1192 2315; x_wconf 87' lang='lat' dir='ltr'>gulae</span> <span class='ocrx_word' id='word_1_256' title='bbox 1213 2261 1258 2301; x_wconf 83' lang='lat' dir='ltr'>et</span> <span class='ocrx_word' id='word_1_257' title='bbox 1278 2257 1395 2301; x_wconf 90' lang='lat' dir='ltr'>unde</span> <span class='ocrx_word' id='word_1_258' title='bbox 1415 2258 1554 2315; x_wconf 86' lang='lat' dir='ltr'>palati</span> <span class='ocrx_word' id='word_1_259' title='bbox 1576 2258 1695 2302; x_wconf 86' lang='lat' dir='ltr'>uires</span> <span class='ocrx_word' id='word_1_260' title='bbox 1714 2259 1880 2303; x_wconf 87' lang='lat' dir='ltr'>excitet</span> 
     </span>
     <span class='ocr_line' id='line_1_31' title="bbox 415 2326 1941 2386; baseline 0.004 -17"><span class='ocrx_word' id='word_1_261' title='bbox 415 2326 625 2377; x_wconf 87' lang='lat' dir='ltr'>hebetati,</span> <span class='ocrx_word' id='word_1_262' title='bbox 645 2326 781 2370; x_wconf 87' lang='lat' dir='ltr'>nichil</span> <span class='ocrx_word' id='word_1_263' title='bbox 802 2326 1025 2370; x_wconf 85' lang='lat' dir='ltr'>arbitrans</span> <span class='ocrx_word' id='word_1_264' title='bbox 1054 2327 1323 2385; x_wconf 87' lang='lat' dir='ltr'>expeditum,</span> <span class='ocrx_word' id='word_1_265' title='bbox 1343 2328 1429 2371; x_wconf 88' lang='lat' dir='ltr'>nisi</span> <span class='ocrx_word' id='word_1_266' title='bbox 1454 2342 1554 2371; x_wconf 90' lang='lat' dir='ltr'>cum</span> <span class='ocrx_word' id='word_1_267' title='bbox 1582 2328 1877 2386; x_wconf 83' lang='lat' dir='ltr'>intemperan-</span> <span class='ocrx_word' id='word_1_268' title='bbox 1897 2348 1941 2382; x_wconf 80' lang='lat'>3⁰</span> 
     </span>
    </p>
   </div>
   <div class='ocr_carea' id='block_1_3' title="bbox 411 2444 1877 2540">
    <p class='ocr_par' dir='ltr' id='par_1_6' title="bbox 411 2444 1877 2540">
     <span class='ocr_line' id='line_1_32' title="bbox 411 2444 1877 2500; baseline 0.002 -17"><span class='ocrx_word' id='word_1_269' title='bbox 411 2447 435 2483; x_wconf 91' lang='lat'><strong>6</strong></span> <span class='ocrx_word' id='word_1_270' title='bbox 460 2448 658 2483; x_wconf 74' lang='lat' dir='ltr'>censenter</span> <span class='ocrx_word' id='word_1_271' title='bbox 675 2444 719 2483; x_wconf 84' lang='lat'>0¹</span> <span class='ocrx_word' id='word_1_272' title='bbox 842 2447 863 2483; x_wconf 91' lang='lat'>8</span> <span class='ocrx_word' id='word_1_273' title='bbox 888 2457 950 2500; x_wconf 65' lang='lat' dir='ltr'>ym</span> <span class='ocrx_word' id='word_1_274' title='bbox 1007 2445 1107 2483; x_wconf 83' lang='lat' dir='ltr'>‘nem</span> <span class='ocrx_word' id='word_1_275' title='bbox 1125 2446 1164 2483; x_wconf 99' lang='lat' dir='ltr'>M</span> <span class='ocrx_word' id='word_1_276' title='bbox 1301 2457 1338 2485; x_wconf 89' lang='lat'>11</span> <span class='ocrx_word' id='word_1_277' title='bbox 1368 2447 1426 2484; x_wconf 79' lang='lat' dir='ltr'>his</span> <span class='ocrx_word' id='word_1_278' title='bbox 1443 2447 1482 2483; x_wconf 87' lang='lat' dir='ltr'>M</span> <span class='ocrx_word' id='word_1_279' title='bbox 1619 2459 1659 2486; x_wconf 86' lang='lat'>12</span> <span class='ocrx_word' id='word_1_280' title='bbox 1685 2448 1877 2498; x_wconf 77' lang='lat' dir='ltr'>enitescit]</span> 
     </span>
     <span class='ocr_line' id='line_1_33' title="bbox 411 2493 1674 2540; baseline 0.002 -10"><span class='ocrx_word' id='word_1_281' title='bbox 411 2493 590 2531; x_wconf 71' lang='lat' dir='ltr'>elucescit</span> <span class='ocrx_word' id='word_1_282' title='bbox 608 2493 646 2529; x_wconf 90' lang='lat' dir='ltr'>M</span> <span class='ocrx_word' id='word_1_283' title='bbox 794 2502 835 2539; x_wconf 91' lang='lat'>17</span> <span class='ocrx_word' id='word_1_284' title='bbox 861 2493 986 2531; x_wconf 76' lang='lat' dir='ltr'>dmum</span> <span class='ocrx_word' id='word_1_285' title='bbox 1015 2496 1122 2531; x_wconf 74' lang='lat' dir='ltr'>entes</span> <span class='ocrx_word' id='word_1_286' title='bbox 1141 2494 1179 2531; x_wconf 90' lang='lat' dir='ltr'>M</span> <span class='ocrx_word' id='word_1_287' title='bbox 1323 2504 1366 2540; x_wconf 86' lang='lat'>27</span> <span class='ocrx_word' id='word_1_288' title='bbox 1392 2494 1613 2533; x_wconf 76' lang='lat' dir='ltr'>cottidianis</span> <span class='ocrx_word' id='word_1_289' title='bbox 1628 2496 1674 2532; x_wconf 80' lang='grc' dir='ltr'>Αι</span> 
     </span>
    </p>
   </div>
   <div class='ocr_carea' id='block_1_4' title="bbox 411 2601 1881 2888">
    <p class='ocr_par' dir='ltr' id='par_1_7' title="bbox 411 2601 1881 2888">
     <span class='ocr_line' id='line_1_34' title="bbox 462 2601 1879 2652; baseline 0.004 -13"><span class='ocrx_word' id='word_1_290' title='bbox 462 2612 484 2639; x_wconf 81' lang='lat'>2</span> <span class='ocrx_word' id='word_1_291' title='bbox 507 2604 550 2640; x_wconf 65' lang='lat' dir='ltr'>Sa·</span> <span class='ocrx_word' id='word_1_292' title='bbox 567 2603 711 2639; x_wconf 73' lang='lat' dir='ltr'>Bachus</span> <span class='ocrx_word' id='word_1_293' title='bbox 728 2604 823 2640; x_wconf 84' lang='lat' dir='ltr'>etc.:</span> <span class='ocrx_word' id='word_1_294' title='bbox 849 2602 895 2640; x_wconf 77' lang='lat' dir='ltr'>cf.</span> <span class='ocrx_word' id='word_1_295' title='bbox 913 2601 1075 2640; x_wconf 87' lang='lat' dir='ltr'>Macrob.</span> <span class='ocrx_word' id='word_1_296' title='bbox 1094 2604 1169 2640; x_wconf 76' lang='lat' dir='ltr'>Sat.</span> <span class='ocrx_word' id='word_1_297' title='bbox 1186 2602 1248 2639; x_wconf 88' lang='lat' dir='ltr'>vii.</span> <span class='ocrx_word' id='word_1_298' title='bbox 1271 2604 1294 2640; x_wconf 89' lang='lat'><strong>6</strong></span> <span class='ocrx_word' id='word_1_299' title='bbox 1313 2602 1331 2651; x_wconf 71' lang='grc' dir='ltr'><strong>ξ</strong></span> <span class='ocrx_word' id='word_1_300' title='bbox 1351 2605 1372 2640; x_wconf 89' lang='grc'>8</span> <span class='ocrx_word' id='word_1_301' title='bbox 1389 2617 1397 2648; x_wconf 90' lang='grc'><strong>;</strong></span> <span class='ocrx_word' id='word_1_302' title='bbox 1425 2604 1681 2652; x_wconf 80' lang='lat' dir='ltr'>Shakespearo</span> <span class='ocrx_word' id='word_1_303' title='bbox 1704 2607 1821 2643; x_wconf 78' lang='lat' dir='ltr'>Macb.</span> <span class='ocrx_word' id='word_1_304' title='bbox 1838 2605 1879 2644; x_wconf 80' lang='lat' dir='ltr'>ii.</span> 
     </span>
     <span class='ocr_line' id='line_1_35' title="bbox 439 2650 1880 2705; baseline 0.003 -19"><span class='ocrx_word' id='word_1_305' title='bbox 439 2677 447 2686; x_wconf 87' lang='lat'>.</span> <span class='ocrx_word' id='word_1_306' title='bbox 466 2661 521 2697; x_wconf 88' lang='lat'>33.</span> <span class='ocrx_word' id='word_1_307' title='bbox 573 2697 595 2705; x_wconf 91' lang='lat'>..</span> <span class='ocrx_word' id='word_1_308' title='bbox 689 2651 710 2687; x_wconf 90' lang='grc'><strong>8</strong></span> <span class='ocrx_word' id='word_1_309' title='bbox 739 2651 829 2686; x_wconf 84' lang='lat' dir='ltr'>Cum</span> <span class='ocrx_word' id='word_1_310' title='bbox 858 2652 954 2686; x_wconf 74' lang='lat' dir='ltr'>enim</span> <span class='ocrx_word' id='word_1_311' title='bbox 983 2653 1082 2687; x_wconf 86' lang='lat' dir='ltr'>etc.:</span> <span class='ocrx_word' id='word_1_312' title='bbox 1121 2650 1221 2694; x_wconf 81' lang='lat' dir='ltr'>Quae</span> <span class='ocrx_word' id='word_1_313' title='bbox 1247 2654 1458 2705; x_wconf 75' lang='lat' dir='ltr'>sequuntur</span> <span class='ocrx_word' id='word_1_314' title='bbox 1486 2663 1600 2699; x_wconf 80' lang='lat' dir='ltr'>usque</span> <span class='ocrx_word' id='word_1_315' title='bbox 1624 2653 1672 2690; x_wconf 83' lang='lat' dir='ltr'>ad</span> <span class='ocrx_word' id='word_1_316' title='bbox 1698 2662 1807 2700; x_wconf 73' lang='lat'>7251&gt;</span> <span class='ocrx_word' id='word_1_317' title='bbox 1833 2665 1880 2692; x_wconf 85' lang='lat' dir='ltr'>ex</span> 
     </span>
     <span class='ocr_line' id='line_1_36' title="bbox 414 2660 1881 2752; baseline 0.003 -18"><span class='ocrx_word' id='word_1_318' title='bbox 414 2660 598 2752; x_wconf 52' lang='lat' dir='ltr'>{iacrobn</span> <span class='ocrx_word' id='word_1_319' title='bbox 615 2699 911 2752; x_wconf 59' lang='lat' dir='ltr'>Satarnaliomm</span> <span class='ocrx_word' id='word_1_320' title='bbox 935 2700 1044 2744; x_wconf 82' lang='lat' dir='ltr'>parte</span> <span class='ocrx_word' id='word_1_321' title='bbox 1069 2709 1164 2744; x_wconf 85' lang='lat' dir='ltr'>quae</span> <span class='ocrx_word' id='word_1_322' title='bbox 1189 2698 1300 2736; x_wconf 78' lang='lat' dir='ltr'>hodie</span> <span class='ocrx_word' id='word_1_323' title='bbox 1327 2710 1402 2734; x_wconf 90' lang='lat' dir='ltr'>non</span> <span class='ocrx_word' id='word_1_324' title='bbox 1429 2702 1551 2737; x_wconf 82' lang='lat' dir='ltr'>exstat</span> <span class='ocrx_word' id='word_1_325' title='bbox 1581 2700 1782 2747; x_wconf 73' lang='lat' dir='ltr'>desumpta</span> <span class='ocrx_word' id='word_1_326' title='bbox 1802 2712 1881 2739; x_wconf 73' lang='lat' dir='ltr'>esse</span> 
     </span>
     <span class='ocr_line' id='line_1_37' title="bbox 414 2745 1880 2806; baseline 0.003 -25"><span class='ocrx_word' id='word_1_327' title='bbox 414 2756 607 2800; x_wconf 58' lang='lat' dir='ltr'>aunpxcon</span> <span class='ocrx_word' id='word_1_328' title='bbox 635 2757 665 2780; x_wconf 84' lang='lat' dir='ltr'>v.</span> <span class='ocrx_word' id='word_1_329' title='bbox 687 2745 786 2781; x_wconf 73' lang='lat' dir='ltr'>infra</span> <span class='ocrx_word' id='word_1_330' title='bbox 802 2745 849 2781; x_wconf 81' lang='lat' dir='ltr'>ad</span> <span class='ocrx_word' id='word_1_331' title='bbox 866 2756 899 2782; x_wconf 89' lang='lat' dir='ltr'>c.</span> <span class='ocrx_word' id='word_1_332' title='bbox 918 2754 938 2791; x_wconf 93' lang='lat'><strong><em>7</em></strong></span> <span class='ocrx_word' id='word_1_333' title='bbox 958 2747 1037 2803; x_wconf 60' lang='lat'>(233</span> <span class='ocrx_word' id='word_1_334' title='bbox 1056 2749 1115 2789; x_wconf 83' lang='lat' dir='ltr'>n).</span> <span class='ocrx_word' id='word_1_335' title='bbox 1295 2755 1339 2791; x_wconf 88' lang='lat'>27</span> <span class='ocrx_word' id='word_1_336' title='bbox 1362 2750 1442 2803; x_wconf 70' lang='lat' dir='ltr'>qam·</span> <span class='ocrx_word' id='word_1_337' title='bbox 1458 2750 1553 2786; x_wconf 86' lang='lat' dir='ltr'>etc.:</span> <span class='ocrx_word' id='word_1_338' title='bbox 1579 2748 1625 2784; x_wconf 75' lang='lat' dir='ltr'>cf.</span> <span class='ocrx_word' id='word_1_339' title='bbox 1643 2747 1778 2806; x_wconf 60' lang='lat' dir='ltr'>Qio3d0</span> <span class='ocrx_word' id='word_1_340' title='bbox 1794 2749 1880 2785; x_wconf 65' lang='lat' dir='ltr'>Fen.</span> 
     </span>
     <span class='ocr_line' id='line_1_38' title="bbox 415 2791 1880 2888; baseline 0.003 -60"><span class='ocrx_word' id='word_1_341' title='bbox 415 2802 543 2877; x_wconf 46' lang='lat' dir='ltr'>utiam</span> <span class='ocrx_word' id='word_1_342' title='bbox 569 2791 659 2876; x_wconf 49' lang='grc' dir='ltr'>ἓαῗῗ</span> <span class='ocrx_word' id='word_1_343' title='bbox 677 2804 806 2877; x_wconf 44' lang='lat' dir='ltr'>lumel-3⁸</span> <span class='ocrx_word' id='word_1_344' title='bbox 834 2794 1150 2888; x_wconf 54' lang='lat' dir='ltr'>31⁷admmmrare</span> <span class='ocrx_word' id='word_1_345' title='bbox 1177 2804 1250 2829; x_wconf 71' lang='lat' dir='ltr'>mm</span> <span class='ocrx_word' id='word_1_346' title='bbox 1277 2795 1471 2841; x_wconf 72' lang='lat' dir='ltr'>publrcam.</span> <span class='ocrx_word' id='word_1_347' title='bbox 1581 2804 1628 2842; x_wconf 85' lang='lat'>29</span> <span class='ocrx_word' id='word_1_348' title='bbox 1652 2800 1880 2834; x_wconf 55' lang='lat' dir='ltr'>arv-,tamenta</span> 
     </span>
     <span class='ocr_line' id='line_1_39' title="bbox 411 2850 908 2887; baseline 0.002 -11"><span class='ocrx_word' id='word_1_349' title='bbox 411 2852 460 2886; x_wconf 69' lang='lat' dir='ltr'>qu</span> <span class='ocrx_word' id='word_1_350' title='bbox 502 2850 541 2876; x_wconf 72' lang='lat' dir='ltr'>ez</span> <span class='ocrx_word' id='word_1_351' title='bbox 651 2868 659 2877; x_wconf 91' lang='lat'>.</span> <span class='ocrx_word' id='word_1_352' title='bbox 698 2852 756 2886; x_wconf 67' lang='grc' dir='ltr'>ιφ.</span> <span class='ocrx_word' id='word_1_353' title='bbox 797 2850 820 2887; x_wconf 88' lang='grc'><strong>9</strong></span> <span class='ocrx_word' id='word_1_354' title='bbox 899 2867 908 2877; x_wconf 92' lang='grc'><strong>.</strong></span> 
     </span>
    </p>
   </div>
   <div class='ocr_carea' id='block_1_5' title="bbox 526 2920 589 2955">
    <p class='ocr_par' dir='ltr' id='par_1_8' title="bbox 526 2920 589 2955">
     <span class='ocr_line' id='line_1_40' title="bbox 526 2920 589 2955; baseline 0 -11"><span class='ocrx_word' id='word_1_355' title='bbox 526 2920 589 2955; x_wconf 76' lang='lat'>²5²</span> 
     </span>
    </p>
   </div>
  </div>
 </body>
</html>
