1988 3250
183 196 186 199 ’
251 215 338 263 636
359 224 383 254 c
730 211 992 257 IOANNIS
1032 212 1548 280 SAaESBERIENSIs
1677 211 1875 274 [mna-11

402 332 539 376 nichil
569 333 751 376 suauius
780 333 990 376 uideatur
1019 332 1274 376 hominibus
1304 347 1438 389 quam
1466 333 1613 376 aliena
1642 333 1763 391 loqui
1798 334 1872 378 uel

402 403 549 446 aliena
587 416 765 455 curare;
809 402 886 446 sed
921 417 949 445 a
983 403 1250 460 compositae
1284 402 1447 446 mentis
1479 403 1665 446 arbitrio
1696 403 1877 447 uidetur

365 485 375 488 ⁴*
403 472 610 522 alienum,
640 472 766 515 decet
796 472 914 515 enim
944 472 1190 529 sapientem
1220 474 1415 514 mentem
1449 486 1708 530 componere
1737 475 1790 516 ut
1817 473 1877 515 ad

402 557 578 585 omnem
601 541 809 585 fortunae
829 542 1046 599 impetum
1068 541 1258 598 querelis
1278 541 1468 584 exclusis
1494 545 1669 586 scutum
1690 542 1877 586 rationis

405 611 532 668 quasi
572 611 768 654 uolubile
808 611 1081 668 praetorium
1116 610 1471 667 philosophantis
1505 616 1711 668 opponat.
1787 611 1876 664 Qui
1895 622 1916 658 5

404 680 523 723 enim
544 695 644 723 cum
665 683 811 723 status
832 680 901 723 sui
923 679 1139 736 qualitate
1163 679 1352 730 rixatur,
1373 679 1460 722 nisi
1488 679 1602 723 forte
1627 680 1682 724 de
1708 680 1878 738 peccati

403 750 687 807 corruptione
719 749 958 807 languidus
994 749 1267 806 ingemiscat,
1294 748 1494 792 nondum
1523 749 1879 807 philosophantis

404 819 629 877 ingressus
659 821 726 862 est
755 818 889 863 uiam.
948 818 1015 861 De
1046 833 1115 861 me
1145 818 1324 875 quidem
1353 818 1514 862 merito
1544 818 1669 875 queri
1699 833 1879 876 possum

405 887 483 945 qui
514 887 797 945 exigentibus
826 887 968 944 culpis
997 887 1107 930 meis
1137 887 1185 930 in
1215 887 1261 930 id
1291 887 1495 930 miseriae
1524 887 1745 944 proiectus
1778 902 1879 931 sum

405 960 458 1003 ut
487 957 535 999 in
564 957 740 1015 flagella
770 960 954 1014 paratus
983 957 1140 1000 uidear
1169 960 1215 1000 et
1245 971 1293 1000 os
1323 971 1472 1000 meum
1502 960 1630 1000 nocte
1653 957 1879 1001 doloribus
1899 972 1941 998 10

359 1035 389 1075 d
406 1025 659 1084 perforetur
682 1030 728 1070 et
751 1027 828 1084 qui
852 1041 925 1070 me
951 1027 1188 1070 comedunt
1214 1041 1304 1070 non
1329 1026 1570 1083 quiescant.
1632 1025 1746 1070 Cum
1774 1041 1881 1084 ergo

408 1095 533 1140 dolor
568 1111 692 1139 meus
724 1097 771 1138 in
807 1099 1043 1154 conspectu
1074 1111 1172 1139 meo
1207 1096 1267 1139 sit
1299 1110 1483 1153 semper,
1517 1098 1707 1152 putasne
1741 1096 1882 1153 possit

407 1165 565 1209 calami
599 1166 672 1208 uel
707 1165 938 1209 stridentis
968 1165 1144 1209 fistulae
1178 1165 1403 1208 suauitate
1432 1165 1646 1209 mulceri'b
1704 1165 1883 1209 Faciam

409 1239 559 1279 tamen
591 1238 832 1292 utcumque
864 1238 1042 1279 auctore
1078 1234 1271 1278 Domino
1304 1235 1423 1292 quod
1458 1235 1663 1286 hortaris,
1684 1237 1730 1278 et
1764 1235 1884 1278 inter

409 1304 558 1348 uarias
588 1319 692 1362 opes
722 1307 768 1347 et
795 1304 975 1348 delicias
1002 1304 1248 1356 nationum,
1269 1304 1432 1361 quibus
1462 1305 1618 1355 affluis,
1639 1304 1779 1348 ieiuni
1806 1319 1882 1362 pe-
1902 1317 1942 1352 15

409 1374 544 1418 ctoris
561 1378 606 1417 et
621 1373 771 1416 aridae
786 1373 966 1432 linguae
980 1373 1318 1431 qualiacumque
1334 1374 1597 1418 munuscula
1617 1377 1697 1417 tuo
1713 1373 1883 1417 nomini

410 1443 682 1488 consecrabo.
753 1443 857 1487 Non
897 1443 1016 1486 enim
1055 1442 1111 1486 de
1151 1443 1401 1486 subtilitate
1441 1443 1764 1486 sententiarum
1804 1446 1886 1487 aut

410 1514 648 1557 uerborum
670 1516 906 1556 uenustate
926 1527 1170 1570 praesumo,
1185 1513 1262 1556 sed
1283 1513 1337 1556 de
1358 1513 1613 1557 sinceritate
1634 1513 1885 1556 deuotionis

262 1590 344 1638 637
365 1598 395 1627 a
411 1584 534 1627 uitae
568 1598 668 1626 cum
703 1583 861 1640 quouis
895 1585 1069 1626 oratore
1112 1582 1400 1635 contendam3
1441 1586 1587 1626 certus
1627 1583 1745 1640 quod
1786 1597 1884 1626 eam

412 1667 518 1711 prae
558 1667 667 1696 auro
705 1652 957 1709 sapientum
992 1655 1039 1695 et
1070 1651 1371 1708 eloquentium
1411 1655 1597 1710 argento
1635 1652 1884 1710 acceptabis
1905 1668 1948 1698 πο

412 1722 655 1779 discipulus
675 1722 795 1764 illius
815 1721 892 1778 qui
913 1721 1001 1764 duo
1021 1720 1196 1763 minuta
1222 1720 1384 1764 uiduae
1409 1721 1631 1779 pomposis
1650 1722 1885 1765 oblationi·
1946 1733 1951 1746 ¹

413 1792 496 1835 bus
516 1791 710 1834 diuitum
731 1790 957 1848 praetulit.
1005 1790 1105 1833 Erit
1125 1790 1259 1833 etiam
1281 1790 1436 1834 fauore
1456 1791 1594 1849 digna
1613 1791 1886 1849 simplicitas,

413 1864 460 1905 et
490 1876 578 1904 non
603 1876 734 1918 quem
761 1875 938 1904 sensum
966 1860 1111 1917 prima
1142 1860 1254 1903 faeie
1281 1860 1419 1903 uerba
1446 1860 1697 1918 significent
1723 1861 1800 1905 sed
1829 1876 1887 1905 ex

414 1945 502 1988 quo
523 1945 653 1973 sensu
674 1930 746 1974 uel
767 1930 823 1972 ad
845 1944 975 1987 quem
996 1944 1174 1972 sensum
1201 1930 1314 1973 fiant
1340 1929 1483 1973 fidelis
1510 1930 1648 1974 lector
1670 1931 1885 1974 attendes.

415 1999 489 2044 Sic
529 1999 647 2043 enim
687 1999 819 2057 nugis
859 1999 975 2042 seria
1009 1998 1315 2042 immiscentur
1348 2003 1394 2043 et
1434 1998 1549 2043 falsa
1582 2000 1701 2044 ueris
1735 2003 1789 2044 ut
1827 2000 1884 2044 ad
1905 2014 1947 2060 εξ»

414 2083 612 2112 summae
647 2069 853 2112 ueritatis
884 2068 1053 2112 cultum
1089 2068 1239 2112 omnia
1271 2083 1326 2111 ex
1358 2070 1584 2126 proposito
1621 2069 1886 2114 referantur.

417 2138 511 2183 Nec
551 2143 739 2189 moueat,
774 2138 812 2181 si
853 2152 942 2195 qua
981 2153 1144 2189 eorum,
1185 2152 1297 2195 quae
1324 2138 1409 2182 ‚hic
1449 2139 1719 2193 scribuntur,
1758 2140 1891 2184 aliter

417 2208 708 2251 inueniantur
746 2207 865 2258 alibi,
900 2222 1000 2252 cum
1033 2211 1079 2251 et
1114 2207 1325 2251 historiae
1360 2208 1407 2250 in
1439 2208 1628 2252 diuersis
1662 2213 1890 2267 gestorum

417 2278 591 2322 casibus
623 2277 707 2320 sibi
741 2277 931 2320 inuicem
963 2278 1242 2335 reperiantur
1271 2278 1528 2329 contrariae,
1550 2278 1627 2322 sed
1658 2279 1717 2322 ad
1749 2294 1889 2323 unum

418 2347 630 2390 utilitatis
650 2350 696 2390 et
716 2347 961 2390 honestatis
981 2347 1219 2404 proficiunt
1239 2347 1446 2391 fructum.
1507 2347 1624 2391 Nam
1646 2349 1890 2406 periculum
1910 2366 1953 2402 30

419 2415 514 2459 ueri
548 2416 774 2459 statuendi
809 2416 943 2459 michi
979 2431 1068 2460 non
1102 2417 1241 2471 faci03
1284 2417 1362 2461 sed
1394 2431 1506 2475 quae
1541 2418 1660 2475 apud
1692 2418 1892 2463 diuersos

420 2517 441 2544 2
445 2506 644 2591 ὠιίἐοαιὲι·
660 2507 692 2544 A
850 2509 871 2545 8
896 2508 1074 2555 conqueri
1092 2509 1156 2546 ΔΡ
1313 2520 1361 2547 20
1385 2508 1630 2556 eloquentum
1647 2510 1681 2546 A
1847 2521 1893 2558 24

420 2566 444 2592 a
487 2566 510 2590 n
540 2566 579 2591 en

442 2641 491 2715 h?
517 2633 676 2668 uolubile
695 2636 922 2679 praetorium
945 2635 1259 2689 philosophaneiaez
1285 2646 1319 2671 v.
1349 2633 1502 2671 Hieron.
1532 2637 1611 2671 adv.
1636 2636 1752 2673 Iov-in.
1779 2636 1820 2673 ii.
1850 2646 1895 2682 14

424 2679 437 2723 (
484 2679 571 2727 igne
598 2681 637 2716 Ρ.
665 2681 708 2716 L.
736 2680 839 2715 xxiii.
866 2689 950 2728 305)
980 2682 1026 2719 de
1055 2681 1233 2729 Diogenis
1257 2681 1379 2729 cynici
1405 2682 1528 2719 dolio:
1564 2684 1712 2729 Friyore
1735 2686 1833 2720 em'm
1856 2696 1896 2722 οε

423 2729 516 2763 dolii
531 2728 689 2763 uertebat
707 2729 747 2762 in
766 2730 960 2770 meridiem,
978 2735 1111 2766 aestate
1127 2732 1175 2766 ad
1194 2733 1469 2776 septentrionem
1480 2743 1493 2774 ,·
1517 2735 1559 2774 et,
1579 2736 1766 2778 utcumque
1781 2733 1836 2768 sol
1858 2743 1895 2768 se

424 2776 678 2816 o’ncln'nauerae.
699 2776 870 2820 Dn‘oqem's
883 2778 995 2812 sinaut
1007 2781 1233 2823 praeteritam
1249 2779 1463 2814 uer-rebatur.
1627 2789 1670 2815 10
1694 2781 1735 2815 in
1743 2780 1896 2825 flayella

422 2827 595 2868 paratae:
624 2821 680 2858 P..
701 2822 836 2860 xxxvii.
860 2826 910 2860 18.
1016 2836 1055 2861 οε
1071 2837 1188 2861 meum
1204 2827 1298 2862 etc.:
1324 2836 1355 2860 v.
1377 2825 1443 2862 Iob
1460 2837 1546 2861 xxx.
1570 2835 1622 2871 ¹7·
1737 2835 1776 2863 12
1794 2828 1900 2863 dolor

426 2882 525 2906 meus
540 2874 610 2906 etc.
626 2881 634 2906 z
663 2870 720 2906 l’u.
740 2870 877 2907 xxxvii.
902 2874 953 2908 18.
1030 2882 1070 2910 21
1099 2874 1171 2910 duo
1188 2874 1329 2909 minuta
1346 2875 1420 2910 etc.
1437 2883 1446 2909 z
1473 2885 1504 2910 v.
1519 2872 1635 2910 Marc.
1650 2873 1715 2911 xii.
1729 2883 1771 2919 41
1789 2885 1892 2922 seqq.

535 2934 579 2969 92
