1988 3250
162 221 261 259 oAr.
277 210 349 272 w]
669 209 1106 255 POLICRATICVS
1642 212 1724 262 726
1743 208 1773 250 d

162 331 303 382 liceat,
322 330 560 375 sobrietate
589 330 721 372 hilari
747 344 836 373 non
860 329 1031 382 soluta3
1059 344 1164 372 nam
1196 329 1537 374 conuiuentibus
1564 330 1626 374 sic

162 415 327 444 morem
351 400 445 458 geri
472 402 647 456 oportet
673 401 726 441 ut
752 399 931 442 licentia
957 398 1088 441 letior
1117 413 1396 455 nequaquam
1418 400 1464 442 in
1484 400 1626 456 turpi·

162 470 362 514 tudinem
394 469 596 512 luxuriae
628 471 822 525 proruat.
888 467 974 510 Illa
1006 467 1236 523 siquidem,
1269 468 1394 524 quasi
1427 469 1625 511 omnium

162 539 362 598 gentium
383 538 522 582 hostis
543 537 771 581 teterrima
791 538 836 579 et
856 536 1148 586 acerbissima,
1169 536 1355 579 uitanda
1383 540 1460 579 est.
1520 538 1625 580 Dio·
1644 549 1720 590 727
1738 550 1768 580 a

125 623 146 659 ⁵
162 623 295 666 genes
314 608 514 652 tirannos
534 609 579 649 et
599 605 907 649 subuersiones
927 605 1105 648 urbium
1133 605 1334 662 bellaque
1355 605 1428 648 uel
1448 606 1628 648 hostilia

162 677 234 721 uel
253 677 404 721 ciuilia
429 691 518 719 non
548 690 628 732 pro
659 674 846 732 simplici
871 674 995 717 uictu
1023 674 1191 716 olerum
1213 688 1530 730 pomorumque
1551 675 1627 717 sed

161 760 242 805 pro
261 745 466 790 carnibus
486 748 532 788 et
552 744 782 802 epularum
812 743 977 786 delitiis
1001 743 1160 786 asserit
1187 743 1385 787 excitari.
1447 743 1628 787 Rectius

162 814 339 873 quidem
358 815 572 858 bellorum
593 813 821 857 hostilium
842 813 914 855 uel
933 812 1132 856 ciuilium
1153 816 1341 856 matrem
1363 816 1408 856 et
1428 813 1627 856 altricem

161 883 397 936 luxuriam,
410 898 522 940 quae
537 898 626 926 non
642 883 688 925 in
704 882 797 925 sola
811 882 918 939 gula
933 881 1148 938 placanda
1162 882 1376 933 consistit,
1392 883 1627 939 posuisset;

105 965 147 993 ¹0
162 953 238 997 sed
268 955 412 996 totum
442 952 664 996 intellexit
693 952 740 994 in
770 954 908 1008 parte,
939 950 1046 993 dum
1082 951 1203 994 illam
1234 966 1347 1008 quae
1377 952 1424 994 in
1454 952 1552 995 cibo
1582 956 1628 995 et

163 1025 272 1080 potu
293 1025 339 1066 et
358 1022 529 1066 Venere
549 1024 594 1065 et
614 1021 738 1064 cultu
758 1019 989 1078 splendido
1008 1023 1183 1063 constat
1203 1020 1260 1063 ad
1287 1021 1417 1077 gulae
1438 1021 1627 1078 speciem

161 1092 392 1136 coartauit.
453 1091 571 1134 Nam
602 1091 648 1133 in
679 1090 749 1133 his
778 1089 1011 1147 praecipue
1041 1090 1221 1132 luxuria
1251 1090 1417 1133 eminet
1451 1094 1497 1134 et
1529 1106 1627 1147 per-

161 1161 368 1206 niciosius
387 1163 526 1211 nocet,
546 1175 732 1218 quorum
754 1159 985 1202 meditatio
1013 1161 1058 1202 et
1085 1159 1187 1216 iuge
1208 1160 1467 1203 exercitium
1489 1164 1556 1203 est
1576 1163 1628 1203 ut

163 1231 398 1289 epulentur
434 1230 593 1274 cotidie
631 1229 871 1287 splendide.
947 1229 1070 1272 Haec
1117 1229 1236 1271 enim
1281 1229 1627 1286 intemperantia

105 1312 146 1349 τε
163 1301 298 1344 bonos
318 1315 460 1343 mores
480 1299 702 1343 subuertit
728 1302 774 1342 et
801 1299 940 1342 totius
970 1298 1161 1341 hominis
1188 1299 1322 1341 saluti
1351 1299 1627 1355 praeiudicat

163 1373 219 1421 et,
232 1370 317 1413 nisi
337 1369 630 1420 coherceatur,
643 1383 822 1426 prorsus
838 1368 1021 1411 humani
1037 1368 1232 1425 corporis
1248 1368 1462 1411 fabricam
1479 1368 1625 1412 soluit.

168 1440 337 1484 Auctor
381 1442 449 1483 est
491 1438 781 1496 Hypocrates,
823 1452 971 1481 crassa
1022 1440 1067 1481 et
1118 1438 1251 1481 obesa
1294 1452 1479 1495 corpora
1524 1452 1625 1481 cum
1644 1441 1674 1480 b

162 1508 381 1553 crescendi
412 1508 592 1551 modum
624 1507 919 1564 impleuerint,
950 1507 1239 1550 necessariam
1271 1522 1363 1550 esse
1395 1507 1626 1564 sanguinis

165 1578 472 1636 demptionem,
491 1580 544 1620 ut
574 1577 769 1620 habeant
798 1577 846 1619 in
877 1591 990 1634 quae
1020 1591 1174 1620 rursus
1208 1591 1399 1620 crescere
1430 1577 1628 1634 possint;

47 1642 52 1648 ’
106 1657 150 1683 ²0
164 1647 359 1704 alioquin
402 1646 693 1704 plenitudinis
731 1646 951 1690 distentae
996 1646 1180 1689 satietas
1224 1646 1271 1689 in
1316 1647 1542 1704 paralisim
1583 1649 1629 1689 et

163 1716 352 1775 pessima
374 1731 536 1774 genera
565 1716 819 1759 morborum
846 1716 1050 1772 erumpit.
1110 1715 1387 1773 Impossibile
1414 1716 1532 1758 enim
1561 1719 1630 1758 est

162 1785 211 1830 in
239 1800 328 1830 uno
357 1789 479 1830 statu
507 1800 739 1842 corporum
764 1799 1020 1842 permanere
1045 1788 1265 1836 naturam,
1285 1785 1361 1828 sed
1391 1788 1516 1828 motu
1546 1799 1626 1828 suo

163 1869 352 1900 erescere
378 1855 450 1899 uel
480 1855 725 1898 decrescere
753 1869 927 1898 necesse
956 1857 1024 1897 est
1048 1856 1104 1905 et,
1125 1854 1210 1897 nisi
1239 1854 1458 1898 crescendi
1489 1869 1630 1911 capax

164 1924 224 1969 sit
250 1924 426 1975 animal,
445 1924 624 1968 omnino
648 1924 886 1968 subsistere
912 1923 1078 1981 nequit.
1139 1923 1308 1967 Ferunt
1328 1927 1374 1966 et
1395 1923 1630 1967 Galienum

168 2075 183 2103 1
211 2065 336 2112 hylari
353 2064 393 2102 M
467 2075 487 2111 7
514 2066 788 2113 epularumque
804 2065 870 2102 ΑΡ
941 2064 1108 2102 excitare
1126 2064 1322 2102 CBA¹S¹M
1394 2076 1417 2112 9
1441 2065 1627 2112 potuisset

164 2112 205 2149 M
348 2124 390 2159 14
408 2113 564 2150 cottidie
581 2112 629 2149 A¹
770 2123 808 2158 17
834 2113 953 2150 Actor
968 2112 1099 2149 CBSM
1195 2114 1239 2148 ut
1256 2113 1481 2159 hypocrates
1499 2113 1626 2160 (hipo-

163 2162 284 2198 cratee
312 2159 351 2197 S)
382 2172 506 2198 crassa
534 2160 641 2198 0¹8¹:
667 2160 892 2208 hypocrates
923 2160 1156 2207 (hipocrates
1184 2160 1239 2196 A:
1275 2163 1474 2207 ypocrates
1502 2160 1557 2207 M)
1585 2163 1628 2197 ut

163 2219 288 2245 crassa
303 2207 464 2245 0²AS²M
607 2218 649 2245 21
678 2208 896 2245 morborum
912 2220 1056 2256 genera
1074 2207 1120 2244 A¹
1216 2211 1274 2245 est
1292 2208 1395 2245 enim
1414 2207 1454 2244 M

163 2332 325 2378 videtur)
350 2345 436 2370 usus
460 2337 526 2376 est,
549 2346 628 2371 non
652 2334 727 2371 nisi
753 2346 798 2372 ex
817 2334 979 2382 Gai-gilii
997 2334 1184 2371 Martialis
1208 2334 1315 2371 tertii
1335 2338 1421 2382 post
1438 2335 1629 2372 Christum

166 2379 307 2417 saeculi
318 2380 390 2417 scri
419 2381 510 2418 toris
521 2381 618 2418 libro
630 2384 673 2418 de
689 2384 875 2420 arboribus
885 2384 1077 2428 pomiferis
1095 2382 1188 2426 (Mai
1204 2384 1314 2419 Closs.
1327 2386 1431 2420 Auct.
1448 2383 1474 2418 Ι.
1490 2395 1526 2430 p.
1542 2385 1627 2429 398)

167 2427 261 2464 citat
281 2427 368 2464 Lex.
421 2429 554 2465 orc.-de
569 2428 645 2465 Vit.
781 2440 814 2475 4,
837 2439 854 2477 5
880 2431 1057 2476 Βίορεηεε
1072 2432 1143 2467 etc.
1159 2442 1166 2466 :
1192 2443 1224 2467 v.
1244 2430 1398 2467 Hieron.
1416 2433 1494 2467 adv.
1514 2433 1628 2467 Iom'n.

166 2474 207 2511 ii.
217 2485 266 2529 ,ιι
287 2474 435 2522 (Migne
450 2477 491 2511 P.
509 2477 553 2512 L.
571 2476 676 2512 xxiii.
695 2478 793 2523 300).
958 2488 1012 2523 13,
1034 2488 1075 2521 14
1100 2483 1142 2513 ut
1158 2480 1350 2524 epulentur
1364 2480 1460 2515 ete.:
1485 2490 1519 2514 v.
1541 2478 1628 2516 Luc.

167 2533 239 2557 xm.
261 2531 314 2567 ¹9-
496 2532 536 2568 17
562 2526 701 2560 Auctor
720 2529 770 2560 est
785 2526 856 2562 otc.
872 2537 880 2562 t
908 2537 941 2562 v.
960 2524 1116 2561 Hieron.
1134 2525 1203 2561 loc.
1221 2537 1333 2571 supra
1351 2525 1416 2563 cit.
1586 2537 1631 2570 24

171 2570 364 2623 Galifmum
397 2570 492 2623 ete.:
530 2569 606 2614 Quo
641 2573 796 2608 auctore
838 2571 909 2609 hoc
948 2571 1083 2608 Galeni
1122 2571 1266 2609 dictum
1312 2572 1463 2616 referat,
1506 2573 1631 2609 adhuc

166 2626 314 2652 nescio:
339 2615 386 2652 cf.
412 2615 550 2654 librum
578 2618 743 2655 alterum
775 2621 818 2655 de
849 2621 874 2655 d
949 2621 1074 2655 midiis
1095 2619 1239 2656 Galeno
1266 2620 1494 2656 attributum
1529 2620 1631 2657 inter

167 2673 285 2709 opera
309 2662 437 2709 spuria
462 2675 558 2710 quae
583 2666 756 2702 continet
781 2666 838 2703 ed.
899 2666 1003 2704 aleni
1029 2666 1122 2703 Ven.
1152 2669 1242 2713 1586
1269 2670 1360 2704 tom.
1388 2668 1628 2714 antepenult.

168 2719 215 2746 20
230 2709 255 2745 b
294 2710 474 2746 Aduersus
513 2717 632 2748 autem
671 2725 793 2749 omnes
831 2715 983 2759 impetus
1015 2715 1218 2750 morborum
1251 2717 1323 2750 duo
1354 2721 1440 2751 sunt
1471 2718 1630 2750 remedia

167 2758 384 2799 certissimm·
405 2759 564 2802 primum
591 2764 640 2794 est
667 2764 709 2795 ut
733 2762 865 2796 decimo
888 2773 1022 2808 quoque
1043 2763 1102 2796 die
1126 2774 1150 2796 a
1174 2762 1249 2797 cibo
1274 2767 1307 2796 et
1325 2768 1415 2808 potu
1437 2764 1626 2805 abstineas,

167 2805 294 2840 deinde
306 2808 446 2849 postero
465 2807 522 2841 die
543 2807 690 2852 lauet-is,
708 2809 848 2854 ciboque
859 2810 971 2852 firmo
987 2811 1130 2852 utaris,·
1153 2810 1186 2844 si
1206 2811 1258 2844 sic
1269 2811 1413 2854 feceris,
1431 2815 1566 2855 oportet
1590 2814 1631 2845 ut

166 2852 263 2887 nihil
277 2853 364 2887 uitii
379 2854 525 2889 omnino
541 2855 689 2899 accidat,
701 2860 944 2902 perpetuaque
959 2858 1115 2891 sanitate
1130 2858 1260 2894 utaris.

1458 2934 1523 2969 255
