1988 3250
147 221 246 255 car.
263 209 353 267 vn]
650 201 1087 253 POLICRATICVS
1623 210 1702 258 732
1719 207 1750 246 b

147 329 274 372 Pium
290 341 394 386 ergo
409 327 606 371 animum
621 327 823 385 egregiae
838 327 1023 370 uirtutis
1039 326 1233 383 imagine
1249 325 1380 369 facile
1400 325 1610 383 supplan-

145 397 264 441 tauit
295 397 528 440 Antonius.
588 396 676 440 Hic
707 396 838 447 enim,
866 410 967 440 cum
997 395 1208 452 quicquid
1238 395 1351 438 mari
1381 398 1462 438 aut
1491 399 1612 438 terra

146 468 227 511 aut
255 467 390 510 etiam
419 465 511 509 celo
539 465 799 523 gigneretur
829 465 886 508 ad
921 465 1170 508 satiandam
1206 464 1451 521 ingluuiem
1485 478 1611 506 suam

147 537 303 579 natum
323 534 583 578 existimans
603 534 806 578 faucibus
825 548 878 576 ac
898 533 1106 576 dentibus
1126 532 1218 575 suis
1238 532 1459 584 subderet,
1474 547 1613 589 eaque

110 619 132 655 5
149 620 196 650 re
208 608 362 662 captus
377 604 432 647 de
448 604 646 647 Romano
661 603 845 660 imperio
858 602 1003 646 facere
1018 602 1154 645 uellet
1168 601 1399 658 Egiptium
1413 616 1612 658 regnum,

149 674 383 732 Cleopatra
414 688 538 724 uxor,
566 687 678 730 quae
702 672 821 716 uinci
849 687 876 715 a
902 671 1114 715 Romanis
1143 685 1223 714 nec
1250 670 1428 713 luxuria
1458 671 1612 728 digna·
1630 675 1657 706 0

148 746 284 796 retur,
312 742 544 801 sponsione
583 741 843 800 prouocauit
881 741 1102 784 insumere
1141 755 1188 783 se
1226 754 1351 797 posse
1391 741 1439 783 in
1478 755 1614 784 unam

149 827 302 857 cenam
328 812 590 856 sextertium
617 812 792 855 centies.
851 810 905 853 Id
932 810 1095 853 mirum
1125 809 1323 853 Antonio
1349 810 1508 860 uisum,
1535 824 1615 853 nec

151 883 348 926 moratus
387 881 619 939 sponsione
657 879 897 924 contendit.
967 879 1143 936 Dignus
1184 878 1334 922 culina
1373 879 1617 922 Numatius

93 968 137 995 ιο
153 950 340 994 Plancus
374 951 451 1008 qui
490 957 584 994 tam
624 949 797 993 honesti
836 949 1092 992 certaminis
1126 948 1297 992 arbiter
1331 948 1497 992 electus
1537 951 1617 992 est.

153 1019 309 1063 Altera
323 1019 394 1063 dic
406 1019 653 1077 Cleopatra,
661 1021 919 1076 pertentans
935 1017 1499 1075 Antonium,pollucibilem
1513 1031 1619 1060 sane

152 1089 331 1147 parauit
354 1103 518 1140 cenam,
541 1088 618 1132 sed
641 1103 774 1145 quam
803 1102 893 1130 non
920 1087 1160 1130 miraretur
1189 1087 1424 1137 Antonius,
1454 1086 1618 1144 quippe

155 1157 232 1214 qui
252 1157 400 1201 omnia
423 1172 536 1215 quae
556 1157 893 1215 apponebantur
911 1171 967 1199 ex
983 1156 1218 1199 cotidianis
1238 1156 1397 1214 opibus
1411 1169 1617 1212 agnosce·

157 1229 237 1270 ret.
295 1227 417 1272 Tunc
436 1228 589 1286 regina
612 1227 812 1270 arridens
838 1226 1033 1284 phialam
1061 1226 1271 1284 poposcit,
1292 1227 1362 1269 cui
1391 1224 1618 1268 nonnichil

98 1311 139 1348 ¹5
158 1296 270 1340 aceti
299 1297 413 1340 acris
441 1296 621 1347 infudit,
645 1296 901 1353 dimisitque
929 1295 1246 1339 festinabunda
1275 1296 1380 1339 illuc
1410 1295 1619 1338 unionem

159 1379 215 1408 ex
233 1365 373 1409 altera
391 1380 498 1409 aure
516 1365 757 1423 demptum,
772 1368 818 1408 et
840 1364 1027 1408 eundern
1053 1368 1227 1408 mature
1247 1365 1512 1408 dissolutum
1535 1363 1619 1418 (uti

157 1436 320 1478 natura
351 1437 418 1478 est
451 1434 546 1478 eius
579 1434 755 1492 lapidis)
784 1433 1026 1478 absorbuit.
1086 1434 1145 1476 Et
1176 1434 1381 1491 quamuis
1416 1448 1467 1477 eo
1500 1433 1620 1476 facto

157 1503 388 1560 sponsione
414 1503 603 1554 uicisset,
622 1503 785 1561 quippe
812 1517 911 1547 cum
939 1503 1036 1560 ipsa
1060 1503 1304 1561 margarita
1332 1503 1498 1547 centies
1521 1517 1619 1546 sex·
1636 1500 1666 1541 d

159 1573 341 1616 tertium
384 1573 478 1616 sine
523 1573 802 1618 contentione
851 1572 1100 1623 eualuisset‚
1140 1587 1321 1615 manum
1368 1575 1519 1615 tamen
1564 1571 1621 1614 ad

99 1662 144 1687 ,ο
160 1641 343 1686 alterius
381 1642 501 1685 auris
540 1641 747 1685 unionem
782 1641 988 1685 similiter
1025 1642 1238 1692 admouit,
1259 1642 1344 1685 nisi
1379 1642 1624 1685 Numatins

162 1711 358 1762 Plancus,
384 1711 519 1755 iudex
546 1711 861 1762 seuerissimus,
887 1715 1144 1768 superatum
1172 1711 1419 1754 Antonium
1450 1715 1625 1754 mature

161 1781 498 1838 pronuntiasset.
558 1780 661 1838 Ipse
680 1783 830 1824 autem
850 1781 967 1833 uni0‚
980 1781 1106 1824 cuius
1130 1780 1269 1824 fuerit
1299 1781 1624 1838 magnitudinis

161 1849 264 1893 inde
283 1850 429 1908 colligi
448 1853 623 1907 poterat
647 1850 764 1907 quod
791 1850 867 1907 qui
892 1850 1126 1908 superfuit,
1147 1854 1300 1908 postea
1326 1851 1447 1894 uicta
1470 1851 1625 1908 regina

163 1921 209 1963 et
227 1922 356 1976 capta
376 1919 539 1977 Egipto
565 1919 751 1963 Romam
778 1919 952 1962 delatus
976 1920 1278 1977 dissectusque
1303 1923 1382 1970 est,
1403 1922 1449 1963 et
1479 1920 1624 1964 factae

103 2004 147 2040 ις
165 2002 222 2031 ex
246 2002 336 2031 una
361 1988 604 2046 margarita
628 1988 742 2032 duae
770 1989 1088 2046 impositaeque
1113 1990 1349 2033 simulacro
1370 1990 1554 2033 Veneris
1574 1992 1627 2032 ut

164 2062 466 2100 monstruosae
484 2057 805 2115 magnitudinis
824 2058 872 2101 in
891 2059 1058 2116 templo
1078 2059 1196 2116 quod
1214 2059 1411 2102 Panteon
1433 2059 1626 2117 appella-

165 2127 254 2170 tur.
313 2125 401 2170 Sed
429 2126 499 2170 his
521 2130 568 2170 et
596 2127 814 2171 similibus
833 2128 1054 2172 demeruit
1076 2129 1559 2186 intemperantissimus
1579 2133 1626 2172 et

165 2194 531 2252 flagitiosissimus
556 2211 645 2239 non
671 2197 823 2254 populi
851 2197 1039 2240 Romani
1067 2198 1144 2241 sed
1170 2198 1394 2242 uirtutum
1424 2198 1627 2255 publicus

167 2263 307 2307 hostis
325 2278 381 2307 ne
401 2264 591 2308 edictum
613 2266 729 2322 quod
749 2266 1061 2310 triumuiratus
1081 2270 1281 2324 tempore
1301 2267 1356 2310 de
1376 2267 1628 2324 sumptibus

111 2343 153 2380 ao
168 2332 316 2388 posuit
347 2332 458 2390 legis
494 2348 653 2377 nomen
687 2335 850 2378 habeat
883 2338 964 2378 aut
997 2336 1207 2394 uigorem.
1280 2336 1444 2379 Locum
1478 2339 1628 2379 autem
1647 2345 1728 2386 733
1747 2346 1778 2374 a

169 2400 304 2444 immo
323 2404 368 2444 et
386 2402 688 2446 necessitatem
708 2399 880 2461 legibus
900 2404 1037 2448 fuisse
1066 2406 1244 2449 cibariis
1273 2406 1345 2449 uel
1370 2421 1426 2449 ex
1453 2421 1504 2449 eo
1528 2421 1630 2449 con-

170 2471 262 2513 stat
291 2471 405 2526 quod
429 2471 691 2515 cibariorum
718 2473 1051 2531 deligendorum
1075 2475 1276 2532 regulam
1302 2475 1481 2518 luxuria
1505 2475 1630 2518 adin-

175 2560 191 2587 1
218 2550 395 2604 ymagine
412 2551 451 2586 M
592 2561 621 2596 1,
637 2563 658 2589 2
683 2552 944 2600 subplantauit
962 2552 986 2590 S
1131 2563 1150 2602 5
1178 2554 1374 2602 egyptium
1391 2555 1465 2591 ΒΜ
1608 2566 1631 2610 9

171 2599 404 2652 nummatius
421 2597 451 2633 B
619 2609 659 2645 13
685 2600 751 2646 qui
767 2613 834 2637 om.
854 2601 893 2636 M
991 2602 1258 2648 aponebantur
1274 2602 1362 2639 GBS
1523 2604 1632 2640 cotti-

172 2644 296 2698 diams
312 2644 356 2678 A¹
511 2654 552 2691 17
578 2646 680 2683 facta
697 2647 737 2683 Μ
878 2658 924 2694 24
949 2659 970 2684 e
1050 2651 1090 2686 to
1107 2649 1194 2686 BA:
1219 2653 1384 2697 aegypto
1401 2650 1441 2685 M
1586 2661 1606 2686 2
1611 2659 1629 2697 5

172 2690 396 2727 simulachro
413 2690 454 2727 M
580 2695 638 2738 26,
656 2703 699 2738 27
725 2694 917 2741 apellatur
933 2695 960 2732 C
1130 2707 1174 2742 32
1193 2696 1472 2744 diligendorum
1491 2697 1606 2733 C¹B1S
1621 2711 1629 2735 ε

174 2738 467 2784 delegendorum
484 2737 525 2774 M

221 2818 243 2844 2
268 2809 435 2860 quicquid
451 2811 546 2844 mari
561 2811 633 2846 etc.
651 2821 766 2856 usque
792 2811 842 2847 ad
872 2813 1083 2858 appellatur
1100 2811 1182 2858 (732
1194 2811 1240 2858 D)
1255 2824 1265 2849 z
1299 2812 1466 2850 Macrob.
1484 2815 1559 2850 Sat.
1579 2813 1635 2851 iii.

177 2865 219 2901 17
239 2854 280 2902 ξὲ
303 2863 427 2901 15—17.
583 2867 606 2903 9
628 2858 842 2894 Numanus:
866 2860 1058 2895 Munatius
1074 2859 1239 2896 Macrob.

231 2926 276 2945 w:
325 2926 346 2945 11

861 2925 894 2952 κ
912 2925 957 2952 m
1460 2921 1526 2964 2⁶5
