1988 3250
184 220 284 255 car.
299 210 443 268 xxm]
703 207 1142 254 POLICRATICVS
1667 212 1754 263 809
1772 216 1803 260 a

185 330 356 373 animas
378 329 571 387 ponere?
627 327 859 385 Numquid
890 328 1116 372 ecclesiam
1140 329 1339 382 diruunt,
1368 331 1651 389 prophanant

185 402 349 450 sancta,
368 402 421 442 ut
439 399 500 442 sit
519 398 636 456 quod
656 397 852 440 edificari
879 399 926 439 et
950 398 1217 441 sanctificari
1245 402 1478 456 oporteat3
1535 400 1650 444 Con-

183 467 361 512 cutiunt
399 467 595 525 populos,
633 481 771 524 regna
809 465 1062 518 sollicitant,
1105 467 1384 510 ecclesiarum
1431 469 1652 526 diripiunt

182 536 430 587 facultates,
461 535 577 579 forte
607 538 660 578 ut
693 535 778 578 sibi
814 534 983 578 faciant
1013 536 1245 578 materiam
1277 538 1567 593 promerendi,
1598 542 1653 581 ut

146 620 167 660 5
183 607 449 662 componant
482 604 641 655 omnia,
665 607 718 648 ut
748 604 1016 662 pauperibus
1046 604 1282 648 miserendi
1314 610 1360 648 et
1389 607 1651 663 prouidendi

183 675 283 718 aliis
306 673 668 718 concurrentibus
696 673 1002 718 necessitatem
1031 674 1316 732 praeripiant.
1375 675 1424 718 Si
1452 676 1569 718 enim
1600 678 1654 718 ut

183 745 315 802 plura
343 743 428 787 sibi
460 743 641 801 impune
670 743 844 796 liceant,
874 743 911 786 si
942 747 995 786 ut
1032 744 1263 801 pecuniam
1305 748 1585 802 congregent,
1615 746 1653 788 si

184 817 237 857 ut
256 828 432 858 carnem
453 816 499 857 et
523 813 785 870 sanguinem
805 812 990 856 foueant
1011 813 1203 856 dilatent
1227 817 1272 857 et
1297 817 1595 871 corrumpant,
1616 815 1654 857 si

185 886 239 927 ut
261 883 478 926 familiam
505 882 754 934 nobilitent,
783 883 821 926 si
853 883 1043 940 denique
1073 886 1125 926 ut
1153 883 1341 940 gloriam
1365 898 1491 926 suam
1522 898 1654 940 quae-

126 968 170 995 ιο
187 955 291 996 rant
310 952 357 995 in
377 952 493 996 clero
519 951 798 995 dominantes
817 967 906 995 non
938 951 1082 995 forma
1112 951 1221 996 facti
1248 952 1397 1010 gregis
1417 967 1473 996 ex
1494 953 1654 1002 animo,

185 1021 290 1066 licet
309 1021 438 1065 labiis
458 1024 504 1064 et
522 1021 803 1064 simulatione
824 1021 954 1065 officii
983 1025 1204 1079 pastorem
1227 1022 1428 1073 induant,
1448 1022 1654 1080 tyrannis
1670 1015 1702 1059 ‘l

186 1106 319 1149 quam
346 1091 620 1150 principibus
649 1091 825 1135 facilius
849 1091 1076 1135 accedunt.
1136 1092 1304 1135 Dicunt
1328 1092 1578 1149 philosophi
1610 1094 1656 1134 et

186 1175 342 1204 uerum
370 1161 563 1204 arbitror
586 1161 722 1204 nichil
752 1161 799 1203 in
830 1161 961 1204 rebus
990 1161 1197 1204 humanis
1216 1162 1373 1204 utilius
1401 1162 1589 1211 homine,
1610 1165 1657 1203 et

186 1230 235 1273 in
254 1229 362 1288 ipsis
382 1229 634 1272 hominibus
660 1230 858 1287 principe
878 1230 1169 1274 ecclesiastico
1189 1231 1260 1273 uel
1282 1231 1508 1273 mundano
1527 1244 1656 1273 nemo

127 1313 170 1350 15
186 1300 362 1353 utilior3
387 1315 411 1344 e
431 1300 606 1342 diuerso
621 1299 756 1342 nichil
777 1300 944 1342 homini
962 1300 1248 1357 perniciosius
1265 1300 1454 1353 homine,
1469 1300 1576 1344 etin
1593 1300 1656 1342 eis

187 1369 393 1413 tirannus
416 1368 624 1412 secularis
652 1371 733 1412 aut
762 1369 1079 1413 ecclesiasticus
1110 1370 1396 1427 perniciosior
1428 1373 1507 1413 est.
1567 1368 1656 1412 Sed

186 1439 386 1497 profecto
397 1438 445 1481 in
456 1442 645 1495 utroque
660 1453 819 1496 genere
834 1439 1074 1483 secularem
1090 1440 1408 1483 ecclesiasticus
1423 1439 1655 1482 antecedit.

187 1508 265 1552 Sal
277 1508 395 1552 enim
407 1507 681 1552 infatuatum
697 1509 754 1551 ad
766 1509 1074 1552 nihilomnino
1093 1510 1227 1561 ualet,
1243 1509 1328 1552 nisi
1345 1513 1397 1553 ut
1416 1509 1660 1567 proiciatur

188 1576 309 1622 foras
329 1581 374 1622 et
393 1577 669 1622 concultetur
688 1579 746 1622 ab
765 1579 1030 1624 hominibus.
1090 1579 1225 1623 Porro

124 1678 173 1706 ²0
303 1684 442 1728 usque
461 1671 571 1714 adeo
590 1671 709 1714 solus
728 1670 896 1715 ferrum
918 1675 1191 1740 mortemque
1210 1673 1368 1716 timere

303 1729 401 1772 auri
421 1729 561 1773 nescit
580 1745 714 1780 amor,
765 1733 922 1774 ereunt
941 1731 1193 1774 discrimine
1213 1731 1336 1774 nullo

303 1788 489 1831 amissae
508 1788 649 1846 leges;
678 1803 724 1831 se
758 1823 767 1839 ,
787 1803 890 1846 pars
909 1789 1126 1832 uilissima
1146 1804 1307 1841 rerum,

302 1849 524 1890 certamen
543 1847 760 1901 mouistis,
779 1861 894 1905 opes.

190 1938 310 1997 Ergo
335 1938 564 1982 diuidatur
588 1940 751 1990 unitas,
782 1940 1017 1997 integritas
1040 1939 1284 1993 scindatur,
1312 1940 1543 1984 sinceritas
1565 1954 1657 1985 cor·
1677 1937 1752 1977 810
1773 1947 1803 1975 a

126 2016 174 2052 ³5
192 2011 437 2065 rumpatur,
465 2009 712 2053 maculetur
738 2012 784 2053 et
812 2010 1037 2060 sanctitas,
1072 2010 1227 2052 mundi
1255 2025 1421 2053 nouum
1445 2010 1658 2054 iudicium

192 2076 446 2128 celebretur,
467 2080 513 2122 et
538 2079 740 2136 princeps
759 2079 865 2130 eius,
886 2079 963 2137 qui
993 2080 1041 2122 in
1070 2080 1273 2137 passione
1301 2079 1470 2123 Christi
1497 2080 1662 2123 eiectus

193 2150 271 2197 est,
298 2146 471 2190 rediens
494 2148 700 2192 scandala
726 2152 908 2207 spargat
938 2154 990 2192 ut
1016 2149 1173 2192 beatus
1200 2150 1260 2193 sit
1281 2149 1357 2207 qui
1378 2164 1467 2193 non
1487 2150 1663 2207 capitur

190 2216 425 2260 tendiculis
444 2217 564 2261 eius:

196 2382 212 2409 1
240 2371 454 2418 prohanant
469 2372 500 2409 B
619 2384 642 2418 4
665 2372 883 2412 matteriam
898 2374 930 2411 A
1071 2376 1095 2412 6
1119 2373 1384 2412 coherentibus
1400 2375 1496 2412 CBA

196 2419 310 2456 liceat
326 2419 427 2456 ASM
610 2431 655 2457 10
678 2421 918 2460 dominantes
934 2421 975 2459 in
992 2422 1093 2461 clero
1110 2423 1157 2458 A¹
1351 2425 1393 2461 18
1418 2423 1611 2460 famatum
1629 2423 1660 2460 B

193 2477 239 2504 22
265 2467 341 2511 sed,
354 2479 441 2513 paro
458 2479 524 2504 om.
542 2466 704 2505 GBASM

246 2626 290 2652 10
313 2617 354 2671 fn
371 2618 462 2652 clero
477 2618 572 2653 ete:
607 2629 640 2654 v.
662 2629 676 2655 1
699 2617 798 2655 Petr.
814 2631 846 2655 v.
865 2629 898 2666 3.
1068 2630 1122 2662 11,
1143 2630 1183 2656 12
1211 2622 1371 2656 tirannis
1386 2632 1514 2667 quam:
1541 2620 1661 2657 minio

195 2665 344 2700 notavit
362 2663 546 2700 Parkerus
561 2664 603 2700 in
619 2665 699 2702 cod.
718 2665 758 2702 C.
922 2677 963 2704 12
990 2667 1128 2702 Dicunt
1170 2668 1349 2714 hilosophi
1360 2670 1454 2705 etc.:
1479 2681 1511 2705 v.
1525 2668 1600 2704 Cic.
1618 2671 1663 2704 de

198 2713 266 2756 Off.
281 2710 320 2747 ii.
341 2721 361 2756 3
379 2710 420 2758 ἓξ
444 2721 495 2753 11,
518 2721 571 2747 12.
718 2715 758 2749 18
782 2714 846 2749 Sal
862 2715 957 2749 enim
974 2716 1068 2751 etc.:
1091 2727 1122 2751 v.
1184 2717 1253 2751 att.
1274 2727 1305 2751 v.
1329 2726 1383 2761 13.
1525 2718 1662 2761 infatu-

194 2763 318 2794 atum:
345 2760 378 2793 si
407 2760 598 2794 manner-it
623 2759 762 2806 Vulg.;
786 2772 820 2797 v.
847 2760 1021 2798 Sabatier
1051 2762 1099 2798 ad
1131 2762 1227 2804 loc.;
1263 2761 1312 2798 cf.
1343 2774 1457 2808 supra
1481 2762 1530 2799 ad
1559 2776 1590 2798 v.
1619 2765 1662 2799 16

194 2806 278 2851 (581
294 2804 349 2851 D).
520 2816 570 2841 20
594 2818 704 2853 usque
719 2809 806 2843 adeo
825 2810 919 2844 etc.:
945 2808 1032 2844 Luc.
1050 2810 1178 2844 Phara.
1196 2809 1250 2845 iii.
1272 2811 1443 2847 118-121.
1614 2811 1662 2848 26

189 2855 364 2900 princeps
380 2855 478 2890 eius:
504 2864 555 2890 sc.
571 2853 762 2900 diabolus;
789 2866 820 2890 v.
839 2854 969 2896 Ioann.
988 2855 1053 2893 xii.
1071 2866 1128 2902 31.

250 2924 332 2944 vnn
347 2924 368 2944 11
900 2916 922 2954 3
944 2916 970 2943 F
1485 2920 1548 2955 403
