1988 3250
202 198 302 235 οη.
322 187 417 250 v11]
716 188 1158 234 POLICRATICVS

201 311 248 353 et
276 309 512 352 amabilem
542 323 648 353 esse.
707 308 827 351 Nam
858 307 1176 365 Epicureorum
1206 307 1352 351 Deum
1383 323 1477 352 esse
1506 324 1674 367 negan-

199 378 315 422 tium
335 382 381 422 et
400 378 520 422 casui
541 377 854 421 subicientium
875 376 1025 419 omnia
1051 376 1140 418 iam
1166 377 1339 433 pridem
1369 382 1549 421 auctore
1577 378 1674 423 Deo

198 447 378 491 homine
398 446 580 504 explosa
599 446 822 489 sententia
844 449 924 490 est.
982 445 1177 488 Obuiare
1208 459 1314 502 ergo
1341 446 1572 503 principiis
1593 451 1674 490 aut

198 516 330 560 rebus
358 530 439 573 per
467 531 514 559 se
544 516 663 559 notis
692 515 787 558 siue
816 514 871 558 de
901 515 971 557 his
1001 514 1226 572 ambigere
1256 515 1471 558 insensati
1497 520 1566 558 est
1593 520 1674 560 aut

161 604 182 640 5
198 585 398 629 uecordis
417 585 512 628 siue
533 585 669 644 (quod
689 584 886 628 deterius
913 586 997 639 est)
1018 583 1255 628 criminosi.
1317 583 1406 627 Sed
1427 599 1507 628 nec
1527 585 1582 628 de
1604 586 1674 628 his

197 654 403 698 dubitare
441 654 545 698 licet
584 668 698 711 quae
734 668 790 697 ex
829 653 1061 711 principiis
1100 656 1444 710 consequuntur,
1480 654 1587 696 dum
1622 669 1675 697 ea

196 726 348 768 tamen
367 724 491 781 sequi
511 724 695 781 planum
724 724 810 776 sit;
846 723 1026 766 interim
1050 738 1243 780 namque
1271 728 1378 766 sunt
1403 724 1672 780 quaestioni-

196 793 281 836 bus
319 793 543 851 agitanda‚
573 793 680 836 dum
719 793 897 836 illorum
936 792 994 835 ad
1033 792 1253 850 principia
1287 792 1359 836 uel
1389 794 1673 837 consecutiua

197 876 348 906 eorum
363 862 618 906 coherentia
629 865 794 920 pateat.
854 862 973 905 Nam
989 862 1044 904 de
1059 861 1248 919 singulis
1264 862 1451 905 istorum
1465 862 1671 906 dubitare

1690 191 1779 241 650
1800 200 1826 231 c

141 949 182 975 10
197 946 288 976 non
317 935 386 975 est
415 932 600 985 inutile;
637 935 683 975 et
713 931 892 989 quidem
923 932 970 974 in
997 931 1175 981 talibus,
1199 931 1338 976 donec
1368 932 1670 988 apprehende·
1686 931 1717 973 d

197 1004 299 1046 rent
337 1001 586 1052 ueritatem,
626 1001 1021 1045 Achademicorum
1060 999 1359 1058 probabilium
1406 1000 1672 1058 disceptatio

196 1070 467 1114 uertebatur.
527 1070 646 1124 Quid
667 1070 785 1114 enim
814 1069 954 1113 refert
980 1072 1062 1112 aut
1088 1083 1278 1126 quorum
1308 1069 1507 1120 interest,
1528 1071 1565 1113 si
1594 1071 1672 1128 qui

196 1153 369 1197 semper
403 1142 449 1183 et
488 1140 638 1183 omnia
677 1139 961 1197 quaerebant,
992 1138 1212 1182 discentes
1251 1141 1297 1182 et
1332 1153 1577 1196 numquam
1614 1140 1671 1183 ad

196 1208 426 1252 scientiam
446 1208 652 1252 ueritatis
674 1209 996 1266 peruenientes,
1017 1208 1123 1265 quia
1150 1207 1286 1250 nichil
1311 1211 1482 1251 certum
1508 1208 1671 1251 habere

140 1297 180 1333 ιε
198 1278 446 1323 nouerant?
505 1278 635 1323 Hanc
667 1293 773 1336 ergo
804 1278 946 1336 legem
977 1277 1373 1321 Achademicorum
1410 1278 1673 1334 praescribit

198 1346 352 1393 Cicero
370 1350 424 1391 ut
442 1348 514 1392 cui
529 1348 870 1406 philosophandi
887 1348 1163 1405 propositum
1185 1350 1264 1399 est,
1277 1347 1384 1390 dum
1400 1362 1470 1390 res
1485 1348 1673 1391 obscura

196 1420 276 1469 est,
296 1421 482 1475 quaerat
494 1432 504 1471 ;
534 1418 641 1461 dum
662 1418 952 1476 probabiliter
971 1417 1178 1461 elucescit
1202 1418 1381 1467 ueritas,
1402 1417 1672 1474 adquiescat.

195 1486 277 1531 Ait
296 1487 438 1531 enim:
468 1487 574 1539 Nos,
595 1487 672 1544 qui
698 1487 926 1544 sequimur
953 1486 1202 1545 probabilia
1226 1501 1306 1530 nec
1331 1486 1452 1530 ultra
1476 1486 1522 1529 id
1553 1486 1671 1544 quod

195 1555 422 1615 probabile
472 1557 663 1601 occurrit
705 1557 914 1614 progredi
959 1571 1204 1614 possumus,
1237 1560 1284 1600 et
1326 1556 1529 1599 refellere
1577 1557 1672 1600 sine

138 1642 182 1669 ao
197 1625 427 1670 iracundia
460 1629 506 1670 et
540 1626 684 1670 refelli
720 1627 815 1670 sine
847 1627 1094 1684 pertinacia
1127 1627 1274 1684 parati
1310 1641 1475 1669 sumus.
1550 1626 1674 1671 Haec

197 1696 315 1740 enim
335 1695 423 1740 duo
443 1696 691 1740 inuentioni
713 1697 919 1740 ueritatis
939 1696 1182 1754 plurimum
1203 1696 1512 1746 aduersantur,
1533 1696 1570 1739 si
1592 1699 1673 1739 aut

195 1778 304 1809 uera
334 1765 499 1810 dicenti
529 1766 629 1824 quis
658 1770 914 1810 succenseat
945 1770 1027 1810 aut
1057 1766 1347 1823 pertinaciter
1378 1766 1426 1808 in
1458 1765 1672 1810 falsitatis
1690 1766 1768 1817 651
1789 1777 1820 1807 a

194 1833 450 1880 defensione
479 1836 661 1880 laboret.
722 1836 841 1879 Nam
871 1839 925 1879 ut
953 1836 1020 1879 ait
1050 1836 1247 1879 ethicus:

341 1921 536 1980 Impedit
564 1922 633 1966 ira
661 1923 860 1966 animum
891 1938 947 1966 ne
976 1922 1118 1980 possit
1146 1936 1325 1966 cernere
1354 1936 1524 1966 uerum.

139 2028 180 2064 ²⁵
197 2011 257 2056 Et
276 2012 453 2058 Veritas
472 2014 570 2072 ipsa
589 2015 823 2059 incarnata
842 2016 1023 2059 recessit
1042 2014 1100 2058 ab
1120 2014 1184 2058 eis
1204 2015 1281 2072 qui
1302 2015 1350 2057 in
1371 2013 1603 2058 Corozaim
1624 2018 1670 2059 et

196 2081 437 2127 Bethsaida
465 2083 655 2142 Spiritui
685 2089 839 2128 sancto
868 2084 1140 2142 pertinacius
1169 2084 1445 2128 restiterunt.
1506 2084 1594 2127 Sed
1625 2087 1671 2128 et

194 2151 357 2196 Iudeos
382 2153 626 2210 pertinacia
649 2154 877 2198 excecauit
903 2157 956 2198 ut
983 2154 1128 2198 adhuc
1158 2153 1306 2197 oculos
1337 2168 1489 2197 eorum
1519 2154 1670 2197 uelum

195 2221 350 2279 templi
376 2225 538 2276 teneat,
560 2223 679 2281 quod
699 2223 892 2268 Domino
915 2224 1115 2282 patiente
1139 2223 1324 2268 scissum
1348 2227 1416 2267 est
1439 2238 1466 2266 a
1496 2238 1670 2268 summo

171 2336 173 2339 ,
194 2302 334 2348 usque
353 2290 568 2336 deorsum.

195 2381 220 2419 6
245 2385 498 2420 consecuntur
513 2383 579 2420 SM

243 2473 276 2506 2,
293 2473 314 2509 3
339 2464 414 2500 Deo
429 2465 596 2502 homine:
623 2464 648 2501 i.
661 2476 692 2502 e.
710 2463 873 2502 Christo.
1019 2475 1041 2512 3
1066 2466 1212 2512 explosa
1228 2467 1407 2502 sententia
1423 2470 1497 2501 eci:
1522 2464 1600 2502 Cic.
1627 2466 1672 2501 de

199 2511 267 2555 Off.
285 2509 310 2546 ι.
328 2520 349 2546 2
369 2509 386 2558 ξ
405 2512 439 2548 6.
548 2558 556 2566 ·
585 2522 627 2558 13
652 2514 824 2569 disconfec
840 2515 936 2568 etc.:
963 2525 994 2549 v.
1014 2523 1035 2549 2
1051 2511 1150 2550 Tim.
1168 2512 1223 2549 iii.
1241 2522 1274 2557 7.
1366 2562 1374 2570 .
1438 2514 1480 2549 18
1506 2514 1591 2570 Noa,
1608 2514 1673 2570 qgn‘

195 2557 934 2653 &W3‘3·.=‚..⁰.¹.5;..1²'.3:⁸.⁶·.¹'.‚.‘⁸²⁹.-‚;.¹:;-.²
965 2569 1026 2644 10⁵:
1119 2562 1673 2654 pzz.1‚ez.²³3²5‘².-⁶...·.:23.z”c÷².f

199 2661 246 2696 24
269 2653 424 2698 Impedit
440 2654 512 2690 etc.
529 2665 537 2690 ε
567 2653 661 2690 Cato
680 2656 773 2690 Dice.
789 2654 830 2691 ii.
846 2666 869 2700 4
889 2655 1096 2697 (Baehrens
1111 2656 1206 2692 Poa.
1223 2657 1306 2692 Lat.
1322 2657 1420 2691 Min.
1438 2655 1494 2692 ιιι.
1513 2668 1550 2702 p.
1570 2656 1670 2701 223).

199 2707 243 2745 25
275 2700 415 2735 Ver-itas
431 2702 523 2737 etc.:
546 2712 579 2738 v.
597 2701 707 2738 Matt.
726 2701 776 2738 xi.
796 2712 838 2738 2ι
857 2715 866 2745 ;
891 2701 982 2739 Luc.
998 2714 1034 2739 x.
1057 2713 1113 2748 13.
1244 2704 1290 2739 26
1313 2705 1475 2749 Spiritui
1491 2706 1563 2740 etc.
1580 2715 1590 2740 ε
1617 2702 1667 2739 cf.

198 2746 282 2782 Act.
301 2745 394 2792 App.
413 2746 475 2783 vii.
493 2756 548 2794 51.
660 2758 705 2793 27
731 2751 935 2787 excoecavit:
962 2762 993 2785 v.
1014 2749 1144 2786 Ioann.
1163 2749 1227 2786 xii.
1246 2761 1306 2795 40.
1416 2751 1535 2786 adhuc
1551 2751 1671 2786 oculoe

197 2794 296 2830 etc.:
330 2805 365 2831 v.
384 2803 405 2829 2
422 2792 501 2831 Cor.
517 2793 573 2831 iii.
595 2803 635 2842 15
653 2807 663 2838 ;
699 2795 794 2832 Heb.
811 2806 846 2832 x.
866 2807 935 2840 20;
961 2796 1075 2833 Matt.
1093 2796 1206 2834 xxvii.
1226 2806 1284 2844 51.
1332 2796 1388 2834 cf.
1412 2797 1567 2834 Hieron.
1594 2799 1666 2842 Ep.

198 2851 280 2878 cxx.
295 2849 316 2886 7
332 2839 350 2888 ξ
364 2851 407 2884 2;
439 2842 570 2878 Gomm.
586 2843 628 2878 in
643 2843 747 2880 Mau.
765 2845 878 2881 xxvii.
898 2853 939 2890 51
958 2843 1106 2892 (Migne
1122 2846 1165 2884 P.
1180 2846 1226 2881 L.
1246 2843 1338 2881 xxii.
1354 2855 1437 2891 992,
1454 2844 1551 2882 xxvi.
1570 2845 1668 2891 213).

1495 2919 1558 2954 ¹17
