1988 3250
156 208 254 243 car.
269 186 383 256 vm]
670 183 1107 238 'POLIORATICVS
1632 198 1709 243 7³⁷
1727 199 1754 230 c

156 317 320 367 scribit,
335 327 600 373 magnopere
619 312 843 356 admirari.
903 310 1074 355 Assunt
1093 311 1245 368 itaque
1264 310 1529 368 uoluptates,
1541 309 1618 354 sed

156 401 268 444 quae
298 384 480 428 lasciuia
509 384 700 427 careant.
771 381 913 424 Adest
940 379 1152 438 grauitas,
1179 379 1256 422 sed
1285 394 1398 436 quae
1428 380 1617 423 letitiam
1632 379 1662 420 d

155 469 245 498 non
268 451 487 497 excludat.
546 450 729 493 Habent
747 452 898 492 autem
928 451 974 491 et
1000 448 1108 491 haec
1132 448 1339 491 conuiuia
1368 463 1470 491 suas
1500 463 1618 491 sum-

155 522 355 582 ptuarias
381 521 454 564 uel
481 519 669 564 cibarias
689 518 821 576 leges,
840 532 930 561 non
951 520 1102 560 tamen
1121 519 1174 559 ut
1201 517 1332 559 rebus
1352 517 1428 559 sed
1449 520 1501 560 ut
1520 532 1619 574 per·

118 613 137 646 5
155 592 273 636 sonis
306 592 502 648 parcant.
562 589 649 632 Res
683 587 814 638 enim,
843 590 1063 644 quatenus
1093 586 1268 629 utilitas
1299 589 1379 628 aut
1412 587 1620 628 honestas

155 660 362 718 exposcit,
400 658 622 702 effundere
661 672 751 700 non
790 659 1013 700 uerentur.
1088 655 1318 712 Siquidem
1358 656 1405 697 in
1449 655 1512 698 eis
1555 655 1619 697 nil

154 729 343 788 sapienti
372 742 522 772 carum
555 730 623 770 est
656 729 832 784 praeter
862 740 1005 769 usum.
1065 724 1255 768 Videtur
1283 728 1432 767 autem
1463 724 1620 766 beatus

155 799 400 844 Ieronimus
427 797 485 841 ad
511 796 756 841 custodiam
783 794 1048 845 sobrietatis,
1075 794 1201 838 cuius
1231 793 1543 837 iocundissima
1573 796 1620 836 et

154 868 391 913 utilissima
417 866 625 923 uoluptas
651 869 731 917 est,
749 864 974 922 egregiam
1002 863 1212 906 statuisse
1233 863 1444 906 cibariam
1465 862 1620 920 legem.

98 949 138 975 το
154 937 235 981 Ait
254 951 384 995 ergo:
414 936 579 979 Adesse
609 934 740 978 debet
769 933 884 976 ratio
914 936 966 976 ut
996 933 1107 976 tales
1137 936 1183 976 et
1212 936 1363 976 tantas
1393 946 1621 975 sumamus

155 1021 284 1058 escas,
305 1006 465 1063 quibus
484 1019 574 1048 non
593 1007 801 1048 oneretur
819 1017 977 1060 corpus
997 1017 1076 1046 nec
1098 1002 1279 1045 libertas
1299 1002 1473 1044 animae
1493 1015 1618 1058 prae-

154 1079 366 1134 grauetur
378 1090 389 1129 ;
422 1075 527 1132 quia
558 1076 604 1118 et
636 1072 951 1117 comedendum
987 1075 1055 1115 est
1086 1075 1132 1115 et
1164 1071 1538 1114 deambulandum
1573 1074 1620 1113 et

153 1145 458 1188 dormiendum
478 1147 522 1187 et
533 1142 887 1201 digerendum,et
901 1144 1055 1199 postea
1069 1141 1236 1184 infiatis
1251 1141 1378 1184 uenis
1393 1140 1618 1184 ineentiua
1635 1140 1713 1190 738
1734 1150 1767 1197 ².

154 1214 351 1258 libidinis
370 1213 638 1257 sustinenda.
698 1211 946 1255 Luxuriosa
965 1226 1035 1254 res
1055 1211 1211 1254 uinum
1233 1213 1278 1254 et
1301 1210 1619 1254 contumeliosa

97 1296 138 1332 15
155 1284 354 1328 ebrietas.
437 1282 592 1327 Omnis
625 1284 775 1325 autem
808 1280 884 1338 qui
917 1295 1018 1324 cum
1055 1280 1125 1323 his
1157 1280 1368 1323 miscetur
1399 1295 1488 1322 non
1532 1279 1619 1322 erit

154 1353 340 1411 sapiens.
401 1352 494 1396 Nec
525 1351 637 1396 tales
670 1350 936 1408 accipiamus
970 1350 1092 1394 cibos
1126 1365 1236 1407 quos
1268 1353 1348 1393 aut
1383 1349 1620 1393 difficulter

153 1422 350 1480 digerere
389 1424 469 1466 aut
506 1435 698 1465 comesos
738 1434 899 1478 magno
947 1423 1100 1477 partos
1143 1423 1189 1462 et
1228 1419 1424 1477 perditos
1467 1418 1618 1461 labore

152 1490 388 1534 doleamus.
448 1489 629 1534 Olerum
656 1492 702 1532 et
730 1502 961 1546 pomorum
989 1502 1039 1531 ac
1067 1488 1341 1546 leguminum
1372 1492 1417 1530 et
1445 1486 1619 1530 facilior

153 1563 393 1618 apparatus
413 1561 481 1603 est
501 1562 546 1602 et
565 1561 662 1602 arte
690 1558 1011 1615 impendiisque
1035 1572 1239 1601 cocorum
1263 1572 1353 1600 non
1381 1556 1553 1614 indiget
1574 1559 1621 1600 et

93 1640 138 1664 ὀ
153 1629 247 1673 sine
259 1643 365 1673 cura
379 1630 601 1672 sustentat
615 1628 859 1670 humanum
880 1642 1020 1684 genus
1035 1644 1046 1679 3
1074 1627 1386 1684 moderateque
1402 1629 1619 1684 sumptus,

153 1698 257 1756 quia
275 1713 355 1742 nec
373 1698 504 1741 auide
523 1698 763 1742 deuoratur
783 1697 900 1754 quod
920 1697 1201 1740 irritamenta
1216 1697 1347 1754 gulae
1363 1711 1451 1739 non
1473 1696 1619 1745 habet,

153 1767 307 1811 leuiori
327 1767 572 1824 digestione
592 1767 891 1823 concoquitur.
952 1766 1095 1809 Nemo
1119 1766 1238 1808 enim
1263 1781 1353 1808 uno
1377 1768 1423 1808 et
1446 1765 1620 1808 duobus

152 1837 262 1881 cibis
280 1836 435 1894 hisque
455 1836 620 1879 uilibus
641 1850 780 1893 usque
810 1835 867 1879 ad
899 1836 1173 1879 inflationem
1198 1836 1370 1879 uentris
1396 1839 1619 1886 oneratur,

153 1921 265 1964 quae
284 1905 541 1950 diuersitate
561 1905 760 1949 carnium
787 1908 834 1948 et
861 1905 1030 1962 saporis
1050 1905 1341 1949 delectatione
1361 1905 1620 1962 concipitur,

96 1984 138 2019 ²5
153 1990 253 2020 cum
272 1976 409 2019 uariis
428 1975 657 2018 nidoribus
677 1974 854 2018 fumant
874 1975 1053 2032 patinae
1073 1977 1120 2017 et
1140 1974 1196 2017 ad
1217 1989 1340 2017 esum
1355 1974 1424 2017 sui
1441 1974 1620 2031 expleta

153 2045 296 2088 esurie
319 2045 444 2102 quasi
462 2044 663 2102 captiuos
683 2044 881 2087 trahunt.
942 2044 1069 2087 Vnde
1085 2047 1131 2087 et
1146 2044 1288 2087 morbi
1304 2059 1360 2087 ex
1381 2044 1617 2087 saturitate
1634 2046 1663 2086 b

154 2114 292 2157 nimia
327 2114 616 2164 concitantur,
644 2113 862 2170 multique
901 2113 1227 2171 impatientiam
1267 2114 1397 2171 gulae
1444 2113 1619 2157 uomitu

154 2183 464 2234 remediantur,
483 2185 529 2226 et
554 2182 671 2239 quod
694 2183 888 2240 turpiter
917 2183 1198 2241 ingesserunt
1223 2183 1400 2240 turpius
1420 2185 1619 2240 egerunt.

155 2251 243 2296 Sed
273 2251 388 2295 forte
416 2252 549 2295 nimis
577 2255 781 2296 austerus
813 2252 995 2296 uidetur
1026 2267 1119 2296 esse
1140 2252 1390 2296 Ieronimus
1419 2255 1465 2295 et
1494 2252 1620 2296 cuius

97 2337 140 2370 30
155 2321 298 2365 edicto
343 2320 647 2364 difficillimum
690 2322 750 2365 sit
792 2336 959 2380 parere.
1030 2322 1150 2372 Esto,
1184 2322 1317 2366 liceat
1363 2322 1618 2379 contempni

156 2389 436 2442 Ieronimum,
447 2389 694 2434 Stoicorum
714 2385 899 2435 uilescat
918 2392 1172 2442 auctoritas,
1189 2391 1485 2435 excludantur
1498 2391 1618 2434 Peri-

155 2458 348 2517 patetici,
383 2458 489 2502 dum
526 2459 598 2503 uel
631 2459 848 2518 Epicurus
886 2461 1133 2519 uoluptatis
1165 2465 1358 2504 assertor
1397 2461 1618 2505 audiatur.

160 2575 175 2602 1
205 2564 351 2620 itaque]
370 2564 503 2612 utique
520 2565 586 2602 SM
731 2576 749 2615 5
769 2567 942 2622 utilitas]
959 2567 1160 2605 humilitas
1175 2568 1208 2604 A
1351 2578 1398 2605 22
1423 2567 1560 2604 leuiori
1577 2567 1618 2603 M

109 2638 111 2641 -
157 2622 203 2658 23
227 2612 377 2658 hiisque
395 2611 420 2648 S
530 2623 576 2658 30
600 2615 736 2661 contep
738 2614 779 2650 ni
796 2615 821 2652 S
932 2626 973 2661 31
1001 2615 1260 2652 hieronimum
1277 2614 1306 2651 C
1394 2615 1619 2662 Stoycorum

332 2669 387 2705 31,
405 2669 449 2704 32
474 2626 736 2707 perypatetici
742 2662 796 2698 Α.
821 2626 1093 2710 peripathetici
1109 2662 1177 2699 SM

209 2756 253 2783 10
276 2747 409 2782 Adesse
425 2747 517 2784 etex
543 2746 696 2784 Hieron.
721 2750 800 2785 adv.
824 2750 940 2786 Iovin.
966 2747 1008 2785 ii.
1030 2759 1075 2786 10
1098 2748 1245 2796 (Migne
1270 2750 1311 2785 P.
1336 2750 1380 2785 L.
1404 2748 1512 2785 xxiii.
1536 2758 1620 2803 299,

400 2803 452 2838 14,
474 2803 489 2830 1
539 2795 748 2832 Luxuriosa
762 2807 818 2832 res
833 2798 966 2834 uinum
987 2801 1020 2832 et
1043 2798 1298 2832 contumeliosa
1323 2797 1495 2833 ebrietas:
1523 2795 1620 2832 citat

195 2840 413 2887 ieronymus
430 2851 476 2877 ex
523 2852 598 2878 rov.
617 2852 677 2878 xx.
697 2852 728 2880 1.
955 2853 1000 2890 32
1025 2844 1212 2890 Epicurus
1226 2845 1429 2890 uoluptatis
1445 2849 1619 2879 amr-tor:

1439 2916 1505 2952 275
