1988 3250
242 215 332 266 649
351 214 381 255 d
735 212 996 258 IOANNIS
1025 212 1540 259 SARESBERIENSIS
1670 213 1780 276 [mn.
1797 226 1869 260 vn

397 334 522 391 pium
557 336 636 387 est,
670 333 786 378 sicut
815 347 844 376 a
877 333 1182 391 probabilibus
1215 333 1449 378 dissentire
1483 334 1773 392 pertinaciter
1802 337 1871 378 est

397 409 668 461 proteruum.
719 403 830 456 Quis
850 403 968 446 enim
989 403 1075 446 nisi
1095 403 1279 446 insanus
1293 407 1374 446 aut
1386 407 1621 461 proteruus
1637 404 1870 462 negauerit

399 472 508 529 quin
535 473 593 516 ab
619 472 740 516 omni
766 476 932 530 puncto
960 473 1017 515 ad
1047 487 1177 516 omne
1203 476 1419 530 punctum
1446 474 1699 531 oppositum
1730 473 1871 530 possit

247 549 333 598 650
351 558 382 588 a
398 543 517 586 linea
546 546 668 586 recta
701 542 938 600 protendi'l
996 541 1116 585 Nam
1148 543 1263 586 sicut
1294 543 1342 585 in
1378 543 1562 587 edificiis
1595 557 1770 586 necesse
1803 546 1872 586 est

398 611 566 668 aliquid
591 611 733 654 fixum
764 625 858 654 esse
885 613 931 654 et
957 611 1117 654 stabile
1143 612 1214 654 cui
1242 611 1452 668 erigenda
1478 614 1704 655 structura
1730 612 1871 669 possit
1889 629 1909 664 ⁵

398 681 544 732 inniti,
574 681 637 723 sic
667 680 715 722 in
741 680 862 723 omni
892 680 1094 723 doctrina
1119 679 1299 736 aliquod
1326 681 1486 724 stabile
1512 681 1693 724 initium
1722 695 1870 738 proce-

397 750 532 793 dendi
552 749 789 793 necessitas
808 749 1159 793 consultissimae
1178 749 1365 793 rationis
1389 751 1599 807 exposcit.
1658 750 1872 808 Alioquin

398 819 609 877 quicquid
639 818 792 876 opifex
822 818 970 870 adicit,
994 821 1127 861 nutat
1158 833 1210 862 ac
1246 819 1284 862 si
1316 819 1364 861 in
1396 819 1566 863 lubrico
1600 835 1759 863 arenae
1791 822 1873 863 aut

398 888 631 932 bituminis
652 888 751 945 quis
772 888 946 931 edificet
965 890 1046 930 aut
1069 887 1235 931 scribat
1256 888 1305 930 in
1331 889 1528 932 fluminis
1552 889 1693 946 lapsu.
1752 889 1872 932 Nam

397 957 577 1001 incertis
596 957 785 1000 certiora
805 956 978 1000 faciunt
1005 956 1151 999 fidem.
1212 956 1262 1000 Si
1283 971 1387 1015 ergo
1406 957 1545 1001 nichil
1564 958 1767 1015 sequitur
1785 957 1872 1001 nisi
1892 974 1935 1000 xo

399 1027 522 1070 aliud
560 1026 805 1077 antecedat,
840 1026 878 1069 si
913 1029 1061 1069 motus
1100 1026 1244 1069 omnis
1278 1041 1306 1069 a
1340 1027 1489 1084 quiete
1528 1028 1738 1085 procedit,
1773 1028 1874 1085 quis

399 1099 547 1154 potest
573 1096 613 1139 ei
641 1095 917 1153 probationis
947 1110 1040 1138 esse
1070 1109 1298 1152 processus
1332 1096 1408 1152 qui
1438 1111 1659 1153 nusquam
1687 1097 1875 1154 quiescit

399 1169 481 1210 aut
503 1165 616 1208 nulli
642 1164 917 1222 adquiescit?
989 1164 1043 1206 Ei
1067 1179 1259 1222 namque
1283 1165 1355 1208 cui
1379 1165 1529 1208 omnia
1553 1180 1692 1222 aeque
1718 1166 1876 1223 proba·

399 1235 510 1278 bilia
528 1238 634 1278 sunt
653 1234 791 1278 nichil
810 1234 990 1291 probari
1010 1237 1168 1291 potest.
1229 1234 1318 1278 Sed
1338 1249 1490 1278 eorum
1511 1250 1624 1292 quae
1644 1236 1877 1293 perspicua

401 1308 508 1349 sunt
546 1305 636 1347 alia
680 1307 786 1347 sunt
833 1304 1038 1347 omnibus
1087 1307 1207 1357 nota,
1246 1305 1336 1347 alia
1382 1305 1654 1349 doctioribus
1696 1308 1874 1349 tantum
1895 1325 1936 1360 ¹5

401 1374 640 1431 unicuique
660 1374 901 1417 secundum
922 1374 1147 1431 propriam
1168 1373 1440 1418 facultatem.
1501 1375 1621 1418 Nam
1640 1390 1876 1419 numerum

355 1447 385 1486 b
402 1458 578 1488 omnem
605 1458 757 1500 parem
783 1458 875 1486 esse
901 1443 974 1486 uel
1001 1443 1217 1501 imparem
1246 1444 1312 1487 ita
1340 1445 1516 1502 publice
1542 1448 1700 1488 notum
1730 1448 1798 1489 est
1823 1448 1878 1489 ut

401 1527 482 1558 nec
501 1527 660 1571 pueros
680 1513 820 1556 lateat
839 1513 1000 1570 quibus
1019 1513 1200 1556 licentia
1218 1514 1352 1557 etatis
1371 1514 1576 1572 indulget

576 1582 727 1625 ludere
756 1597 839 1640 par
868 1582 1024 1640 impar,
1054 1583 1254 1639 equitare
1284 1583 1332 1626 111
1362 1583 1580 1627 arundine
1610 1583 1754 1642 longa,

576 1640 779 1684 edificare
809 1655 944 1691 casas,
973 1641 1176 1719 plostello
1205 1642 1447 1699 adiungere
1476 1657 1635 1687 mures.
1894 1650 1940 1676 ²0

405 1710 504 1754 Hoc
533 1712 696 1760 autem,
728 1710 846 1767 quod
878 1710 1021 1754 omnis
1056 1711 1294 1768 multiplex
1333 1715 1469 1789 quoto
1508 1712 1602 1755 loco
1641 1712 1781 1756 distat
1819 1713 1878 1756 ab

403 1780 590 1830 unitate,
633 1782 703 1822 tot
740 1779 1164 1836 superparticulares
1208 1779 1278 1823 sui
1319 1780 1494 1838 generis
1533 1780 1768 1834 antecedit,
1807 1781 1879 1825 his

404 1849 644 1892 dumtaxat
697 1849 896 1892 innotuit
951 1848 1028 1905 qui
1082 1849 1278 1892 numeris
1324 1864 1503 1907 operam
1549 1849 1877 1907 impenderunt.

405 1918 749 1962 Mathematicus
769 1920 919 1961 autem
947 1918 1191 1962 consultior
1212 1919 1342 1962 nouit
1365 1919 1472 1976 quia
1498 1918 1677 1962 diuersa
1702 1923 1810 1963 sunt
1831 1920 1879 1964 id

406 1988 525 2045 quod
545 1991 613 2030 est
633 1991 680 2030 et
700 2002 792 2030 esse
814 1987 890 2031 rei.
953 1987 1011 2030 Et
1031 1987 1093 2031 sic
1114 1988 1160 2030 in
1181 1988 1370 2046 singulis
1390 1988 1635 2046 disciplinis
1660 1989 1878 2046 quaedam
1897 2004 1940 2040 ²5

404 2057 499 2101 suis
524 2057 755 2114 opificibus
784 2057 1069 2100 innotescunt
1097 2071 1210 2114 quae
1236 2072 1326 2100 non
1356 2057 1486 2101 modo
1513 2058 1650 2116 uulgo
1676 2059 1754 2102 sed
1779 2059 1880 2103 aliis

405 2126 680 2185 philosophis
714 2126 1005 2170 occultantur.
1067 2126 1218 2170 Habet
1249 2131 1296 2170 et
1322 2127 1478 2185 religio
1504 2128 1729 2185 quaelibet
1758 2129 1880 2186 prin·

405 2196 523 2254 cipia
561 2210 643 2238 sua
681 2210 795 2252 quae
833 2198 914 2238 aut
945 2195 1061 2239 ratio
1094 2196 1340 2239 communis
1371 2200 1452 2240 aut
1483 2197 1626 2254 pietas
1659 2199 1882 2255 persuasit

366 2281 392 2312 c
408 2266 570 2324 quibus
590 2265 764 2322 proficit
780 2265 827 2307 111
843 2265 967 2308 6111111
981 2265 1064 2308 Dei
1085 2268 1131 2309 et
1151 2280 1324 2309 morum
1340 2266 1552 2310 exercitio
1566 2267 1623 2310 ad
1639 2267 1880 2311 beatitudi-

408 2350 509 2379 nem
549 2334 849 2392 optinendam.
909 2334 990 2378 Est
1024 2338 1174 2378 autem
1212 2350 1351 2378 unum
1385 2336 1582 2379 omnium
1616 2336 1880 2395 religionum
1899 2353 1944 2389 30

407 2404 675 2463 principium
694 2403 811 2460 quod
832 2403 976 2461 pietas
996 2405 1138 2462 gratis
1159 2407 1204 2448 et
1224 2405 1319 2448 sine
1340 2405 1433 2448 ulla
1453 2406 1714 2463 probatione
1731 2422 1881 2452 conce-

409 2475 491 2526 dit,
505 2474 649 2517 Deum
670 2473 837 2516 scilicet
858 2477 1096 2531 potentem,
1113 2474 1370 2532 sapientem,
1389 2475 1564 2527 bonum,
1581 2477 1882 2521 uenerabilem

407 2557 740 2641 &sspmemum
771 2557 827 2593 est
854 2554 893 2591 M
1056 2564 1098 2600 13
1133 2566 1229 2601 eque
1262 2555 1392 2593 omnia
1420 2554 1466 2591 A¹
1626 2566 1674 2593 20
1706 2556 1882 2604 plestello

457 2675 478 2711 8
503 2675 545 2709 in
562 2674 701 2709 lubn'co
717 2684 875 2709 annae.
902 2671 951 2709 cf.
968 2671 1078 2708 Matt.
1097 2671 1157 2709 vii.
1177 2673 1234 2709 26.
1373 2682 1416 2718 19
1433 2674 1555 2709 ludere
1571 2675 1668 2711 etc.:
1696 2673 1785 2711 Hor.
1803 2676 1880 2713 Sat.

409 2721 449 2759 ii.
471 2732 499 2765 3.
519 2724 598 2766 248,
619 2731 699 2767 247.
849 2729 888 2756 21
910 2721 1028 2756 omnis
1042 2721 1233 2766 multiplex
1248 2721 1335 2757 etc.:
1361 2732 1393 2756 v.
1413 2720 1551 2758 Boeth.
1568 2723 1611 2757 de
1627 2724 1784 2758 Arithm.
1802 2722 1841 2759 ii.
1860 2732 1882 2760 2

408 2767 553 2817 (Migne
584 2770 623 2804 1².
650 2770 690 2805 Ι.
721 2766 816 2803 lxiii.
852 2776 944 2821 1115
970 2769 1100 2813 seqq).
1238 2778 1282 2804 22
1306 2779 1465 2853 superfla
1442 2771 1675 2805 aizrtculares
1708 2769 1804 2825 Quid
1831 2770 1884 2808 sit

409 2827 586 2854 numerus
611 2813 975 2869 superparticularis.
1003 2813 1094 2852 satis
1119 2813 1287 2862 explicat
1321 2815 1397 2852 Boe
1446 2827 1504 2853 ms
1529 2818 1571 2854 de
1596 2818 1756 2855 Arithm.
1784 2817 1809 2855 i.
1836 2828 1883 2864 24

411 2863 558 2912 (Migne
583 2866 623 2901 Ρ.
642 2866 684 2901 L.
710 2862 805 2900 lxiii.
835 2865 955 2910 1101).

522 2934 586 2971 116
