1988 3250
253 205 332 255 728
352 216 378 246 c
694 194 974 252 'IOANNIS
1014 207 1529 252 SARESBERIENSIS
1637 205 1750 267 [Lm.
1765 209 1863 253 vm*

450 325 526 369 Fit
554 328 768 385 strepitus
796 331 938 380 tectis,
967 345 1207 388 uocemque
1235 345 1316 387 per
1344 330 1494 387 ampla
1521 329 1730 374 uolutant

449 384 592 438 atria3
630 386 881 444 dependent
909 388 1021 445 ligni
1050 389 1332 446 laquearibus
1361 388 1507 431 aureis

447 441 628 495 incensi,
657 448 704 488 et
731 449 905 490 noctem
934 447 1124 490 flammis
1154 447 1328 490 funalia
1355 447 1555 490 uincunt.

449 499 537 544 Hic
566 502 721 569 regina
748 519 931 561 grauem
959 505 1146 562 gemmis
1174 519 1369 562 auroque
1399 504 1600 561 poposcit

447 558 737 618 implemtque
766 577 887 606 mero
916 567 1128 620 pateram,
1160 578 1293 620 quam
1323 563 1456 605 Belus
1486 565 1532 606 et
1560 576 1711 605 omnes
1875 579 1895 614 5

447 631 476 659 a
504 617 612 661 Belo
641 619 784 672 soliti;
823 623 930 664 tunc
960 620 1081 665 facta
1110 621 1287 664 silentia
1316 620 1466 664 tectis:

447 674 622 732 Iupiter
650 677 918 735 (hospitibus
948 693 1051 722 nam
1082 682 1127 723 te
1157 679 1262 722 dare
1291 679 1391 721 iura
1420 677 1694 736 loquuntur),

446 732 565 777 hunc
593 733 733 778 letum
763 736 983 794 Tiriisque
1012 738 1130 780 diem
1161 736 1378 794 Troiaque
1407 736 1619 794 profectis

446 805 539 834 esse
568 793 680 836 uelis
709 797 968 852 nostrosque
998 795 1131 838 huius
1159 795 1411 838 meminisse
1439 794 1642 838 minores.

446 849 571 893 Assit
599 850 768 895 letitiae
798 853 973 896 Bachus
1001 854 1132 896 dator
1161 856 1206 896 et
1234 853 1351 896 bona
1380 853 1519 908 Iuno3
1875 863 1918 888 ¹0

445 910 492 950 et
521 922 601 951 uos
629 923 656 952 o
684 913 830 953 cetum
860 911 970 953 Tirii
999 911 1216 955 celebrate
1246 911 1464 954 fauentes,

444 964 576 1032 Dixit
605 970 651 1010 et
678 968 942 1012 immensum
972 969 1154 1012 laticum
1183 969 1344 1012 libauit
1373 969 1583 1012 honorem

444 1026 1211 1142 ffiffiassissssbiffiffifflgpffissss
1234 1030 1545 1143 ‘'iiissgssssnssigzr
1573 1084 1724 1129 hausit

340 1134 370 1174 <l
444 1145 724 1196 spumantem
754 1146 954 1199 pateram
984 1147 1030 1187 et
1057 1144 1188 1200 pleno
1216 1159 1262 1187 se
1292 1143 1460 1200 proluit
1489 1157 1621 1195 auro;
1874 1156 1915 1192 15

349 1230 357 1241 .
444 1200 546 1254 post
573 1199 650 1242 alii
680 1215 891 1258 proceres.
956 1201 1159 1258 Cythara
1187 1202 1374 1245 crinitus
1404 1202 1536 1259 Iopas

444 1261 653 1312 personat
680 1262 839 1302 aurata
867 1259 1018 1303 docuit
1047 1275 1160 1316 quae
1190 1260 1411 1303 maximus
1441 1259 1629 1312 Athlas;

445 1313 562 1357 unde
591 1315 821 1359 hominum
850 1332 991 1375 genus
1020 1321 1066 1361 et
1094 1318 1293 1375 pecudes,
1316 1317 1434 1361 unde
1464 1318 1606 1360 imber
1634 1319 1680 1361 et
1708 1317 1838 1376 ignis,

443 1372 662 1416 Arturum
693 1374 966 1432 Pliadasque,
997 1375 1168 1419 Hiadas
1196 1376 1481 1433 geminosque
1511 1376 1720 1428 Triones;

443 1430 551 1486 quid
581 1434 758 1475 tantum
789 1433 989 1477 Occeano
1018 1437 1256 1491 properent
1284 1449 1330 1477 se
1359 1434 1564 1491 tinguere
1593 1434 1706 1478 soles
1872 1445 1916 1471 το

443 1487 630 1540 hiberni,
659 1490 730 1533 uel
761 1505 875 1547 quae
904 1492 1045 1535 tardis
1075 1507 1199 1535 mora
1227 1492 1431 1536 noctibus
1460 1492 1618 1535 obstet.

443 1545 729 1604 Ingeminant
757 1549 917 1606 plausu
945 1550 1068 1601 'rix-ii,
1098 1550 1317 1607 Troesque
1346 1554 1604 1607 sequuntur.

441 1603 487 1647 Ν
489 1619 537 1648 ec
565 1620 654 1649 non
685 1610 730 1650 et
759 1608 885 1651 uario
915 1611 1088 1651 noctem
1118 1623 1317 1651 sermone
1347 1608 1555 1652 trahebat

442 1662 601 1706 infelix
632 1664 748 1708 Dido
777 1665 1046 1723 longumque
1077 1666 1255 1710 bibebat
1284 1681 1491 1710 amorem.

383 1735 574 1782 Videsne
604 1738 781 1783 delicati
812 1740 1021 1784 instituta
1050 1741 1244 1784 conuiuii
1278 1756 1542 1799 processum,
1571 1743 1617 1785 et
1646 1740 1850 1786 exitum?
1873 1748 1914 1784 ²⁵

382 1804 618 1864 Superflua
637 1807 854 1865 siquidem
876 1810 1162 1867 praecessisse
1178 1813 1223 1853 et
1238 1810 1394 1853 luxum
1415 1810 1647 1867 epularum
1667 1825 1851 1868 grauem

383 1875 521 1920 fuisse
542 1876 710 1920 indicat
729 1877 847 1934 quod
867 1878 1098 1935 praemisit
1117 1895 1126 1922 :

238 1963 321 2006 729
339 1965 370 1996 a
445 1951 683 2010 Postquam
713 1953 858 2010 prima
886 1954 1011 2011 quies
1040 1954 1193 2011 epulis.

384 2026 472 2081 Qui
493 2027 613 2080 alibi,
632 2028 844 2085 parcioris
864 2043 1039 2072 mensae
1058 2028 1343 2072 sobrietatem
1367 2033 1527 2073 notans
1547 2032 1593 2073 et
1613 2044 1726 2087 quae
1745 2029 1852 2074 solis

383 2097 639 2141 necessariis
658 2098 835 2155 gaudet,
855 2098 920 2141 ait
939 2113 949 2141 :
1869 2111 1916 2147 30

443 2171 682 2229 Postquam
712 2175 919 2230 exempta
949 2172 1088 2216 fames
1118 2172 1271 2230 epulis.

383 2246 562 2296 Verum,
588 2247 695 2304 quia
723 2247 848 2290 cibus
880 2247 1079 2290 homines
1114 2247 1247 2291 efficit
1276 2246 1447 2298 tacitos,
1473 2250 1606 2304 potus
1638 2248 1854 2306 loquaces,

382 2315 619 2373 strepitum
641 2319 687 2359 et
706 2318 852 2360 cetera
872 2316 1005 2359 luxus
1026 2316 1229 2373 insignia,
1252 2330 1364 2373 quae
1392 2316 1446 2359 de
1474 2316 1654 2360 licentia
1673 2318 1853 2362 bibendi

382 2384 664 2443 proueniunt,
689 2384 931 2441 prudenter
954 2384 1175 2429 adiunxit.
1234 2385 1288 2427 In
1320 2384 1416 2441 ipsa
1440 2399 1614 2442 quoque
1645 2390 1852 2444 agapeta—

382 2469 481 2498 rum
506 2453 823 2497 consuetudine
849 2454 1029 2511 planum
1058 2457 1124 2497 est
1156 2454 1356 2498 inuenire
1383 2455 1744 2511 superstitionem
1765 2471 1854 2515 qua
1870 2468 1913 2504 3⁵

381 2557 403 2585 2
429 2546 563 2583 lichini
583 2546 612 2582 A
631 2558 744 2593 mar-9.
891 2555 939 2600 ‘7‘
962 2544 1132 2629 Iugpiter
1149 2546 1189 2582 M
1309 2545 1489 2600 locuntur
1506 2546 1574 2583 SM
1743 2557 1786 2586 12
1810 2547 1853 2586 in

382 2606 548 2632 mennam
570 2593 606 2629 M
778 2603 820 2639 13
846 2595 960 2636 stunt
977 2594 1004 2629 C
1214 2595 1257 2631 16
1282 2593 1438 2631 C1thara
1458 2594 1549 2631 ΒΑΕ
1678 2606 1795 2642 yopan
1812 2595 1853 2633 M

384 2653 398 2680 ι
452 2644 647 2678 arcturum
666 2641 695 2677 Α
826 2650 868 2676 22
895 2644 1076 2676 secuntur
1094 2640 1132 2677 M
1265 2643 1310 2678 26
1336 2641 1367 2677 si
1386 2653 1452 2678 om.
1474 2641 1512 2677 M
1643 2652 1688 2689 32
1714 2642 1853 2681 tacitos

381 2701 401 2727 e
441 2689 495 2726 eit
514 2689 549 2725 M
698 2698 739 2736 35
767 2687 859 2734 qua]
877 2688 967 2734 quia
986 2688 1023 2724 M

428 2780 469 2816 31
501 2770 581 2806 Pone
631 2781 690 2804 am
707 2781 803 2803 exem
833 2774 870 2804 ta
890 2770 984 2805 cte:
1013 2768 1121 2814 Verg.
1139 2770 1230 2804 Aen.
1248 2767 1271 2804 i.
1294 2770 1372 2805 216.
1579 2779 1635 2825 342
1655 2779 1697 2817 35
1721 2782 1854 2819 aqape-

378 2823 525 2854 tarum:
591 2829 633 2854 oc
660 2816 800 2852 vocabu
821 2827 883 2851 um
913 2827 975 2863 ap.
1000 2816 1153 2852 liieron.
1176 2818 1245 2861 Ep.
1268 2816 1344 2851 xxii
1367 2817 1430 2858 (ad
1451 2815 1717 2862 Eustochium)
1745 2830 1776 2855 c.
1813 2828 1853 2864 14

381 2864 529 2913 (migne
556 2866 595 2901 Ρ.
619 2866 660 2902 L.
686 2863 779 2902 xxii.
799 2867 884 2910 ⁴0²)
910 2863 1103 2901 invenitur
1128 2863 1173 2900 de
1195 2862 1402 2911 virginibus
1426 2875 1524 2911 quae
1548 2876 1634 2902 cum
1658 2865 1854 2903 monachia

492 2913 558 2963 ἰεῦ
