1988 3250
7 2067 26 2093 Χ

107 201 204 234 ost».
221 187 280 248 11]
612 183 1048 230 POLICRATICVS
1583 189 1655 231 714
1673 180 1703 220 b

107 307 281 351 cohibet
311 305 446 350 etiam
477 319 635 348 manus
669 303 850 347 hostiles
888 305 934 346 et
963 317 991 345 a
1020 301 1133 345 facie
1164 302 1393 345 hominum
1424 302 1568 359 operit

107 375 437 420 multitudinem
457 377 747 432 peccatorum.
807 372 895 425 Qui
917 386 1021 428 ergo
1042 371 1217 428 linguas
1238 372 1468 414 hominum
1488 374 1568 414 aut

106 448 288 503 captant
307 447 386 488 aut
412 445 629 494 metuunt,
649 441 885 485 effundunt
904 440 1172 498 patrimonia
1191 454 1284 490 sua,
1303 440 1492 483 mittunt
1520 441 1567 482 in

107 515 268 572 uulgus
301 513 496 564 missilia,
527 511 734 555 conuiuia
767 513 995 560 extruunt,
1029 509 1202 566 pusillis
1241 513 1287 551 et
1326 509 1569 551 maioribus

69 598 90 633 s
107 583 357 634 adulantur,
376 586 422 626 et
447 581 655 639 plerique,
675 595 855 638 porcum
879 579 1029 636 potius
1053 580 1236 635 agentes
1261 592 1394 635 quam
1422 578 1566 620 homi-

106 667 220 703 nem,
256 650 623 695 comesationibus
663 652 708 692 et
741 648 1032 692 ebrietatibus
1067 647 1292 696 insistunt,
1328 647 1485 688 mimos
1525 650 1571 689 et

106 721 341 765 histriones
361 720 528 769 fouent,
549 718 840 776 nequissimas
860 721 979 760 artes
1000 720 1299 764 remunerant.
1319 716 1570 758 admittunt

105 790 355 842 nebulones,
394 789 706 832 maledicorum
745 787 946 831 excitant
985 787 1161 843 linguas
1201 786 1259 828 ad
1299 785 1569 842 implendam

106 859 385 919 procacitatis
405 873 508 902 suae
523 858 753 908 malitiam,
772 857 878 900 dum
907 856 1133 899 silentium
1162 870 1313 898 eorum
1342 857 1422 896 aut
1449 853 1569 896 uiru-

49 929 228 973 relenta
247 929 454 972 dicacitas
480 928 594 971 male
620 927 778 970 merito
803 926 995 970 donatur
1020 925 1226 983 praemio.
1287 924 1405 967 Sunt
1425 923 1503 980 qui
1524 922 1570 965 in

107 998 177 1042 his
203 997 447 1041 maximum
474 1001 520 1040 et
548 1012 652 1040 uere
675 996 816 1040 solum
847 996 1108 1039 diuitiarum
1136 997 1348 1051 reputant
1372 1008 1513 1043 usum,
1533 992 1570 1034 si

107 1067 404 1125 multiplicent
423 1067 532 1110 ollas
559 1066 770 1117 carnium,
790 1065 1188 1110 conuiscerationes
1208 1066 1443 1107 exerceant
1463 1062 1569 1105 coti·
1589 1079 1614 1108 c

0 1160 27 1186 ·,
107 1137 274 1188 dianas,
313 1137 350 1179 si
390 1151 469 1180 nec
508 1136 685 1179 modum
726 1135 921 1179 conuiuii
962 1149 1042 1178 nec
1087 1147 1320 1176 numerum
1365 1131 1573 1174 nouerint

109 1198 395 1251 conuiuarum
422 1220 501 1249 nec
528 1205 721 1262 aliquam
743 1205 937 1248 habeant
964 1203 1181 1261 regendae
1212 1202 1408 1245 familiae
1437 1200 1572 1243 ratio-

52 1290 92 1325 ¹⁵
110 1291 226 1320 nem.
283 1275 425 1329 Quam
446 1275 483 1318 si
505 1274 620 1318 forte
641 1274 806 1317 uideris
826 1274 1094 1325 conuenisse,
1115 1272 1261 1315 forum
1283 1275 1572 1314 conuocatum

110 1345 270 1397 credes,
307 1359 396 1388 non
441 1344 754 1402 prandentium
802 1347 882 1386 aut
928 1342 1182 1387 cenantium
1226 1341 1416 1384 turbam.
1476 1338 1572 1382 Hoc

110 1418 259 1459 tamen
287 1414 406 1472 apud
436 1414 689 1464 ditissimos,
719 1414 823 1456 licet
850 1417 895 1456 et
925 1427 1083 1455 manus
1113 1410 1301 1454 inferior
1331 1410 1379 1452 in
1410 1424 1461 1451 eo
1493 1423 1573 1465 pro

109 1484 286 1528 modulo
325 1498 404 1526 suo
443 1484 797 1541 praepotentium
838 1482 1028 1540 uestigia
1067 1481 1282 1523 imitetur.
1359 1478 1573 1535 Quisquis

112 1553 228 1597 enim
263 1553 407 1596 famae
442 1553 606 1610 petitor
640 1556 719 1603 est,
758 1553 875 1596 uires
911 1566 1013 1595 suas
1049 1550 1234 1600 excedit,
1267 1553 1312 1592 et
1345 1563 1433 1591 non
1466 1547 1574 1604 quid

51 1639 97 1665 οο
113 1622 250 1681 possit
288 1622 364 1666 sed
404 1622 511 1679 quid
549 1622 648 1665 aliis
692 1622 864 1679 placeat
903 1620 1110 1670 attendit,
1151 1622 1196 1662 et
1236 1618 1347 1661 illud
1388 1617 1575 1660 festinat

113 1692 304 1750 implere.
375 1691 462 1735 Sed
502 1695 596 1734 esto
635 1695 688 1734 ut
726 1691 783 1734 ad
822 1691 989 1734 famam
1029 1689 1179 1747 potius
1214 1702 1346 1745 quam
1383 1687 1439 1729 ad
1473 1701 1573 1729 con-

111 1761 337 1806 scientiam
377 1761 476 1818 quis
514 1761 826 1804 liberalitatem
866 1765 1080 1811 exerceat,
1116 1758 1222 1816 quia
1261 1756 1373 1800 nulli
1413 1755 1574 1798 uirtuti

112 1831 432 1890 praecludenda
446 1834 514 1874 est
533 1831 620 1882 uia,
639 1830 796 1874 mimos
816 1834 966 1874 tamen
987 1832 1033 1872 et
1052 1827 1346 1886 professiones
1366 1826 1576 1869 obscenas

114 1901 264 1944 fouere
291 1900 511 1944 beneficiis
539 1900 742 1944 illicitum
774 1903 842 1943 est
871 1903 916 1942 et
947 1898 1126 1941 infame.
1188 1896 1344 1940 Refert
1371 1895 1576 1938 Valerius

55 1986 98 2022 ²⁵
115 1969 231 2028 quod
250 1969 408 2013 ciuitas
423 1969 763 2013 Massiliensium
779 1972 932 2012 tantae
947 1967 1185 2026 grauitatis
1204 1969 1352 2010 custos
1371 1964 1573 2008 extiterit
1589 1971 1618 2011 d

114 2041 167 2082 ut
185 2038 356 2082 nullum
376 2039 546 2082 aditum
566 2039 713 2082 mimis
732 2038 861 2082 daret
880 2038 927 2080 in
948 2052 1078 2081 scena
1103 2050 1290 2093 quorum
1311 2037 1576 2091 argumenta

114 2108 278 2151 maiore
317 2122 373 2151 ex
412 2111 536 2165 parte
577 2111 831 2166 stuprorum
871 2107 1150 2150 continerent
1190 2108 1327 2154 actua
1366 2118 1423 2146 ne
1466 2104 1578 2146 talia

114 2177 340 2234 spectandi
380 2178 648 2221 consuetudo
693 2178 829 2220 etiam
875 2176 1081 2219 imitandi
1128 2174 1353 2217 licentiam
1399 2172 1576 2216 faceret.

116 2244 345 2302 Numquid
384 2260 487 2303 ergo
526 2247 758 2290 honestum
794 2249 862 2289 est
894 2246 993 2288 illos
1024 2260 1051 2288 a
1088 2243 1372 2293 Christianis,
1407 2242 1497 2284 imo
1531 2246 1577 2285 et

57 2328 101 2363 30
116 2313 293 2365 clericis,
324 2314 467 2358 audiri
500 2315 546 2358 in
577 2331 683 2359 cena
718 2315 795 2372 qui
832 2329 912 2358 nec
941 2329 969 2357 a
1003 2313 1246 2371 gentilibus
1280 2311 1578 2354 audiebantur

116 2382 165 2425 in
203 2383 358 2426 scena?
417 2383 718 2428 Lacedemonii
753 2384 888 2427 libros
921 2382 1174 2426 Archilochi
1215 2396 1238 2424 e
1274 2381 1458 2423 ciuitate
1497 2395 1579 2423 sua

117 2451 340 2508 exportari
378 2452 611 2505 iusserunt,
645 2454 762 2510 quod
801 2468 952 2496 eorum
991 2467 1148 2510 parum
1188 2450 1484 2493 uerecundam
1524 2466 1579 2494 ac

117 2577 141 2612 4
165 2568 362 2604 exstruunt
379 2567 419 2603 M
596 2570 620 2606 6
644 2566 1018 2604 commessationibus
1034 2566 1120 2602 BA:
1146 2564 1504 2602 commesationibus
1522 2565 1576 2602 CS

117 2615 165 2651 26
190 2626 283 2651 cena
299 2613 461 2650 O²BA¹M
603 2617 647 2652 28
671 2614 878 2651 inmitandi
894 2614 920 2651 S
1062 2624 1103 2660 31
1133 2625 1227 2650 cena
1243 2611 1411 2649 C²BA¹M

170 2723 199 2755 1,
218 2722 239 2748 2
265 2713 379 2758 operit
401 2715 665 2750 multitudinem
690 2718 940 2760 peccatorum:
977 2722 992 2749 1
1021 2712 1120 2748 Petr.
1138 2710 1187 2746 iv.
1207 2711 1239 2746 8.
1430 2719 1472 2745 12
1498 2723 1577 2746 con-

118 2761 390 2796 viscerationes:
416 2773 448 2797 v.
467 2760 568 2797 infra
583 2760 631 2797 ad
646 2771 678 2797 c.
697 2770 717 2806 7
736 2761 819 2806 (732
831 2760 889 2805 A).
1079 2769 1124 2803 24
1153 2759 1274 2803 Refert
1296 2758 1466 2792 Valerius
1481 2759 1553 2794 ete.
1571 2771 1579 2794 :

117 2819 150 2843 v.
167 2804 248 2842 Val.
263 2806 361 2843 Max.
371 2806 445 2844 ii.6
462 2807 480 2854 ξ
500 2816 533 2852 7.
675 2818 717 2854 31
746 2808 998 2843 Lacedemonii
1013 2807 1108 2843 etc.:
1135 2805 1216 2841 Val.
1233 2804 1335 2840 Max.
1353 2802 1402 2840 vi.
1415 2814 1436 2848 3
1455 2808 1529 2841 ext.
1547 2815 1577 2841 1.

174 2889 253 2908 wns
268 2888 289 2908 n
805 2879 837 2906 11
856 2866 886 2906 h
1406 2878 1469 2910 233
