1988 3250
212 218 300 266 695
316 216 346 256 d
691 217 845 262 IOAN
847 217 892 261 N
894 218 951 263 IS
992 218 1505 263 SARESBERIENSIS
1636 216 1747 279 [ΗΒ.
1762 229 1834 262 vn

365 340 411 381 et
458 339 731 396 uentriloqui
781 339 985 382 habitum
1031 339 1226 382 induunt
1265 342 1310 382 et
1356 339 1498 382 uitam
1541 339 1832 382 mentiuntur.

366 408 484 451 Nam
515 408 773 452 claustrales
811 409 888 466 qui
927 409 1058 466 plane
1089 423 1194 452 uere
1224 409 1418 466 religiosi
1450 411 1568 459 sunt,
1596 409 1704 451 dum
1732 422 1833 465 pro-

364 477 628 520 fessionibus
654 478 868 530 seruiunt,
888 478 945 520 ab
969 478 1052 520 hac
1077 478 1250 520 malitia
1273 478 1492 520 immunes
1516 480 1634 520 sunt.
1694 476 1834 519 Nulla

365 546 463 588 uita
481 546 664 598 fidelior,
679 547 804 590 nulla
824 547 1075 604 simplicior,
1095 546 1219 589 nulla
1239 546 1410 590 felicior
1429 561 1562 604 quam
1583 561 1734 589 eorum
1755 545 1831 602 qui

366 616 414 658 in
453 615 657 659 claustris
687 617 916 660 humiliter
951 617 1131 674 degunt,
1171 616 1415 660 abiectione
1458 631 1539 659 sua
1577 616 1832 673 gaudentes,
1852 631 1871 664 5

366 685 620 729 obedientes
639 686 850 743 praelatis
876 686 968 729 suis
989 686 1036 728 in
1056 686 1176 728 omni
1204 686 1474 729 subiectione
1500 688 1546 728 et
1570 685 1832 735 reuerentia,

366 769 446 798 nec
485 758 744 812 appetentes
783 755 867 798 sub
905 755 1182 798 obedientiae
1221 754 1398 797 nomine
1437 754 1714 797 dominatum
1753 757 1834 797 aut

366 823 606 867 fraudandi
645 827 725 867 aut
763 824 957 882 uagandi
998 827 1078 867 aut
1116 824 1286 866 otiandi
1330 823 1565 874 licentiam,
1605 838 1714 867 uasa
1753 838 1834 866 sua

366 893 640 951 possidentes
675 894 722 936 in
754 893 1101 937 sanctificatione
1135 896 1181 935 et
1215 893 1392 944 honore,
1425 893 1746 950 praestolantes
1785 893 1832 935 in

367 963 544 1006 silentio
564 966 609 1006 et
629 964 847 1020 patientia
866 964 1060 1006 salutare
1084 962 1178 1012 Dei,
1199 977 1228 1005 a
1247 962 1520 1005 detractione
1540 965 1586 1005 et
1604 977 1831 1005 murmure
1854 978 1896 1002 10

209 1037 300 1085 696
321 1047 351 1076 a
367 1033 512 1083 alieni,
542 1034 810 1090 excipientes
839 1034 897 1076 ab
926 1047 1002 1077 ore
1031 1032 1212 1076 Domini
1243 1033 1290 1074 in
1320 1032 1468 1089 quiete
1498 1032 1685 1075 uerbum
1714 1031 1833 1088 quod

364 1102 538 1146 saluare
576 1106 723 1160 potest
768 1103 940 1146 animas
987 1117 1101 1153 suas,
1139 1106 1270 1160 grata
1313 1102 1546 1145 miscentes
1592 1116 1693 1145 cum
1737 1101 1832 1145 Deo

363 1171 591 1229 colloquia,
612 1175 657 1215 et
684 1173 810 1229 quasi
841 1175 1071 1215 terrestres
1100 1171 1246 1229 angeli
1277 1175 1383 1214 sunt
1411 1171 1551 1214 totius
1578 1171 1830 1215 mundanae

364 1242 712 1298 perturbationis
746 1242 904 1298 ignari.
965 1241 1014 1284 Si
1050 1241 1158 1298 quid
1190 1244 1339 1284 autem
1374 1243 1442 1284 est
1473 1240 1591 1297 quod
1626 1255 1699 1284 eos
1730 1255 1831 1284 con-

365 1310 544 1354 tristare
573 1311 792 1362 uideatur‚
820 1311 877 1354 ad
906 1311 1138 1354 caritatem
1167 1310 1413 1354 fraternam
1442 1309 1723 1353 referendum
1753 1313 1832 1361 est,
1852 1327 1891 1362 15

366 1380 472 1437 quia
501 1383 546 1423 et
575 1381 622 1423 in
650 1381 753 1424 celis
780 1381 926 1438 angeli
952 1381 1116 1424 nostris
1141 1379 1462 1437 quodammodo
1488 1379 1686 1436 lapsibus
1711 1394 1830 1423 com-

364 1449 600 1506 patiuntur
648 1453 694 1493 et
741 1465 874 1507 super
920 1464 1010 1493 uno
1058 1452 1284 1507 peccatore
1332 1449 1624 1507 penitentiam
1671 1452 1831 1507 agente

364 1519 653 1576 congaudent.
713 1518 826 1563 Cum
847 1534 953 1562 uero
974 1519 1257 1576 philosophos
1276 1518 1443 1561 imitari
1463 1521 1615 1562 nostro
1634 1521 1831 1576 tempore

365 1588 470 1645 (quo
505 1588 650 1631 uirtus
684 1589 914 1632 exinanita
946 1591 1026 1643 est,
1047 1596 1092 1631 et
1126 1588 1332 1631 Astream
1372 1588 1536 1631 relictis
1576 1588 1829 1633 hominibus

363 1657 421 1700 ad
461 1658 575 1701 celos
613 1660 788 1700 constat
825 1657 1024 1715 rediisse)
1058 1658 1118 1701 sit
1155 1657 1356 1707 arduum,
1389 1657 1485 1700 uita
1523 1657 1827 1701 claustralium
1848 1673 1892 1697 πο

363 1726 579 1770 uirtutem
618 1727 979 1784 philosophorum
1025 1727 1428 1784 incomparabiliter
1472 1727 1695 1770 antecedit
1737 1730 1829 1778 aut,

363 1796 481 1853 quod
515 1796 673 1839 melius
712 1796 984 1846 crediderim,
1019 1796 1261 1839 rectissime
1300 1799 1346 1839 et
1380 1796 1602 1840 tutissime
1637 1797 1827 1853 philoso-

363 1866 538 1923 phatur.
599 1866 688 1919 Qui
723 1880 829 1909 uero
858 1865 915 1908 ad
945 1865 1184 1922 explendas
1213 1865 1495 1909 necessitates
1524 1880 1675 1909 eorum
1706 1881 1827 1924 egre-

317 1939 346 1977 b
364 1934 551 1978 diuntur
584 1935 813 1978 humiliter
852 1940 898 1978 et
936 1935 982 1977 in
1022 1935 1085 1978 eis
1123 1935 1314 1978 fideliter
1342 1939 1590 1987 uersantur,
1618 1936 1700 1979 etsi
1735 1951 1825 1979 non

363 2005 638 2056 securiorem,
690 2005 820 2062 plane
874 2005 1096 2047 utiliorem
1149 2007 1355 2048 exercent
1413 2004 1567 2055 uitam,
1626 2005 1823 2049 maxima.
1847 2018 1887 2052 ²5

363 2074 492 2118 laude
520 2074 644 2132 digni
673 2078 719 2117 et
746 2074 1006 2124 reuerentia,
1026 2088 1304 2131 nequaquam
1332 2074 1388 2117 ad
1410 2074 1725 2131 Epicureorum
1753 2074 1826 2118 uel

362 2144 664 2201 ypocritarum
686 2143 922 2186 factionem
944 2143 1168 2186 accedunt.
1231 2143 1349 2186 Nam
1361 2143 1586 2200 ypocritas
1600 2144 1827 2202 Epicureis

365 2232 407 2268 18
432 2230 686 2285 phylosophos
704 2229 728 2266 S
871 2239 917 2266 20
940 2232 1089 2266 constet
1105 2229 1269 2266 CBASM
1397 2240 1437 2266 21
1467 2230 1784 2277 phylosophorum
1802 2231 1827 2268 S

362 2287 454 2361 (2:th
488 2276 1034 2379 ffihssowpffltxfflainpggfflsg
1063 2277 1226 2379 hat{ll-287
1241 2288 1366 2380 ‘hipozc
1397 2278 1828 2373 ri'tzsrtuziegzmliyaiflssrie}

361 2374 487 2408 tarum
508 2372 572 2409 ΒΑ
690 2373 907 2419 hypocritas
923 2371 1052 2408 CBSM
1067 2384 1075 2408 ε
1103 2372 1312 2419 lnpocntas
1328 2372 1360 2407 A

409 2449 429 2484 8
455 2461 546 2484 uasa
564 2451 656 2485 etc.:
683 2460 714 2484 v.
738 2457 752 2484 1
767 2447 892 2484 Thess.
910 2446 956 2484 iv.
975 2458 1006 2491 4.
1199 2459 1222 2495 9
1243 2449 1504 2494 praestolantes
1522 2451 1615 2485 etc.:
1640 2461 1672 2485 v.
1687 2448 1823 2486 Thren.

361 2494 416 2531 iii.
435 2497 491 2532 26.
663 2506 699 2532 11
729 2497 943 2541 excipientea
959 2498 1051 2532 etc.:
1079 2507 1111 2531 v.
1131 2494 1204 2531 Iac.
1223 2494 1247 2532 i.
1266 2505 1320 2531 21.
1501 2497 1543 2533 16
1567 2498 1607 2532 in
1625 2498 1709 2533 celis
1724 2499 1797 2533 etc.
1814 2507 1823 2532 :

361 2554 392 2579 v.
415 2542 501 2579 Luc.
521 2554 578 2579 xv.
597 2552 628 2588 7.
762 2552 804 2597 19
830 2545 993 2578 Animam
1012 2546 1081 2579 etc.
1099 2554 1107 2578 ε
1136 2555 1166 2578 ν.
1186 2542 1249 2578 Ov.
1268 2544 1350 2578 Met.
1370 2542 1393 2578 i.
1416 2553 1492 2588 149.
1515 2552 1591 2589 150.
1704 2554 1762 2590 22,
1780 2554 1824 2590 23

356 2591 652 2637 philoaophatur:
679 2589 727 2626 cf.
748 2589 955 2626 Hildebert.
980 2589 1117 2626 Turon.
1143 2591 1214 2636 Ep.
1242 2590 1264 2625 i.
1286 2589 1431 2637 (Mignc
1458 2592 1496 2626 Ρ.
1524 2592 1566 2626 L.
1593 2590 1705 2628 clxxi.
1731 2593 1823 2636 141),

359 2637 554 2674 Abaslard.
574 2638 669 2674 Iliae.
691 2638 828 2673 Galam.
846 2648 877 2674 c.
896 2646 928 2682 7,
945 2639 987 2673 de
1005 2639 1038 2673 S.
1065 2639 1201 2673 Ioanne
1226 2639 1283 2673 Ba
1311 2642 1334 2674 t.
1359 2640 1481 2680 Ser-m..
1499 2643 1622 2674 contra
1638 2640 1826 2685 quemdam

362 2685 500 2722 Canon.
525 2686 607 2730 περ.
633 2684 705 2729 (ed.
731 2684 876 2720 cousin.
899 2684 924 2720 i.
950 2694 1000 2729 ¹4·
1028 2694 1106 2731 570,
1133 2686 1229 2739 689).
1298 2685 1533 2731 hrysostomi,
1558 2685 1624 2731 qui
1649 2696 1759 2732 saepe
1784 2685 1826 2723 in

358 2731 510 2787 scriptis
539 2731 617 2767 uuis
644 2731 820 2786 genuinis
852 2732 898 2786 dc
928 2731 1009 2785 Vim.
1034 2734 1242 2786 monastica
1271 2734 1314 2768 ut
1341 2733 1385 2768 de
1411 2732 1654 2779 philosophia
1679 2732 1826 2780 optima

359 2778 539 2863 loquitur.
565 2778 761 2836 homiliam
786 2791 952 2836 apuria-m
977 2781 1071 2815 citat
1097 2791 1136 2815 m
1164 2779 1254 2816 locis
1279 2785 1320 2816 2⁰
1345 2782 1385 2816 et
1410 2786 1450 2825 3⁰
1476 2780 1718 2817 Abaelardus.
1769 2780 1825 2817 cf.

355 2826 881 2921 Ξῗιὲεῑοὲἶιιιέοέὴιὲἃῖοῖΐξὲἢ.
909 2838 933 2864 ι.
958 2837 990 2873 3.
1010 2839 1045 2864 n.
1067 2838 1087 2864 2
1105 2827 1162 2865 ed.
1185 2829 1296 2874 1892;
1336 2826 1517 2875 Ducange
1535 2827 1593 2866 ed.
1616 2829 1704 2865 1886
1721 2839 1749 2864 s.
1768 2839 1822 2864 vv.

471 2938 537 2963 200
