1988 3250
184 221 286 254 cAr.
302 206 352 268 x]
698 207 1137 253 POLIORATIGVS
1665 211 1747 262 658
1767 221 1791 250 c

181 330 326 372 terror
345 327 627 385 priuilegium
648 327 894 385 potestatis,
915 327 1177 370 uictualium
1197 327 1467 372 uniuersitas
1487 331 1555 372 est
1581 329 1648 372 in·

181 397 344 440 dicium
365 397 608 448 libertatis;
634 396 783 439 omnia
802 395 1019 452 siquidem
1040 396 1207 438 munda
1226 397 1417 442 mundis,
1468 398 1562 442 Nec
1582 413 1648 442 re·

127 508 132 514 ,
179 466 274 510 colo
294 466 426 509 huius
445 465 761 508 benedictionis
781 464 1065 522 priuilegium
1085 465 1174 507 alio
1199 464 1424 508 indultum
1451 469 1649 524 tempore

180 549 313 592 quam
335 549 422 591 quo
439 534 693 577 innocentia
713 548 792 590 per
811 533 1078 576 creationem
1099 533 1206 575 data
1226 536 1294 576 est
1313 538 1394 577 aut
1413 549 1492 591 per
1511 536 1649 578 medi·

143 603 322 656 §cinam
358 603 621 646 sacramenti
655 602 728 646 uel
763 602 1036 659 penitentiae
1072 605 1290 659 reparata.
1354 603 1473 645 Nam
1503 606 1549 647 et
1578 605 1649 648 his

179 672 332 716 statim
371 675 472 730 post
509 672 730 714 diluuium
771 675 817 715 et
856 671 946 714 illis
985 675 1090 714 ante
1129 675 1357 728 peccatum
1398 672 1496 716 ideo
1531 672 1648 717 forte

177 742 346 785 dictum
371 744 460 785 est:
491 740 686 786 Crescite
717 743 762 784 et
791 741 1162 798 multiplicamini,
1182 744 1235 784 ut
1265 741 1385 784 illius
1410 742 1648 786 dumtaxat

178 813 466 868 augmentum
486 814 532 854 et
550 811 863 868 multiplicatio
890 810 1155 867 adquiratur
1184 811 1302 867 quod
1329 811 1450 854 Deus
1477 812 1645 855 homini

177 880 367 924 contulit
396 894 476 937 per
508 884 715 923 naturam
747 882 828 922 aut
860 879 1123 923 reformauit
1159 894 1238 937 per
1271 880 1475 937 gratiam.
1548 881 1644 925 Hoc
1661 885 1690 925 d

121 968 163 994 ιο
178 952 327 993 autem
347 951 392 993 et
411 963 601 993 crescere
621 949 800 992 iubetur
819 949 866 992 in
886 964 932 992 se
953 951 998 992 et
1018 949 1342 1006 quodammodo
1357 950 1646 1008 multiplicari

178 1018 226 1060 in
257 1018 429 1071 sobole3
468 1019 516 1061 in
551 1033 596 1062 se
631 1018 809 1076 quidem
843 1018 901 1061 ad
941 1018 1089 1061 meriti
1123 1018 1384 1075 profectum,
1416 1020 1463 1062 in
1498 1020 1646 1064 sobole

177 1101 409 1131 numerosa
453 1088 644 1145 quadam
691 1088 1009 1145 propagatione
1058 1088 1295 1132 uirtutum.
1378 1087 1493 1133 Cum
1540 1104 1647 1134 uero

177 1159 339 1200 natura
362 1157 422 1200 sit
447 1157 610 1200 uitiata
637 1171 717 1214 per
740 1157 927 1214 culpam,
955 1160 1008 1200 ut
1032 1171 1224 1200 crescere
1251 1160 1332 1200 aut
1358 1158 1646 1216 multiplicari

176 1226 382 1270 iubeatur
410 1241 499 1270 non
528 1227 723 1271 memini.
781 1226 904 1270 Licet
938 1229 1088 1270 autem
1124 1241 1236 1284 quae
1268 1228 1510 1284 praemissa
1540 1232 1647 1272 sunt

120 1311 161 1348 ¹5
178 1297 295 1339 stare
315 1299 480 1353 queant
499 1296 555 1339 ad
575 1296 784 1347 litteram,
796 1311 896 1339 cum
916 1297 1066 1339 omnia
1093 1296 1139 1338 in
1160 1311 1290 1339 usum
1310 1297 1432 1339 uitae
1453 1297 1645 1341 hominis

176 1365 347 1418 cedant,
367 1368 413 1408 et
431 1380 484 1408 ea
508 1365 606 1422 ipsa
625 1380 738 1423 quae
765 1366 977 1408 uidentur
1000 1380 1092 1408 esse
1123 1365 1356 1408 mortifera
1382 1366 1518 1409 etiam
1541 1368 1643 1411 uisu

175 1434 362 1478 odoratu
376 1435 535 1478 auditu
554 1435 716 1478 nedum
738 1438 861 1479 tactu
876 1435 947 1478 uel
967 1439 1116 1492 gustu,
1129 1435 1278 1492 qualia
1293 1439 1399 1479 sunt
1414 1437 1645 1480 nocentius

175 1517 406 1555 uenenosa‚
425 1504 549 1548 cibus
575 1505 667 1548 sint
693 1505 885 1548 hominis
911 1508 993 1548 aut
1018 1505 1114 1548 eius
1140 1508 1378 1548 uertantur
1407 1505 1454 1547 in
1484 1506 1644 1557 cibum,

175 1573 341 1631 poterit
359 1576 509 1617 tamen
530 1576 575 1617 et
595 1574 732 1616 alium
753 1588 930 1616 sensum
956 1577 1178 1617 scrutator
1204 1574 1404 1617 misticus
1431 1574 1644 1618 inuenire.

118 1660 160 1685 ιο
177 1642 363 1686 Sensum
394 1644 544 1686 tamen
575 1643 834 1686 historicum
865 1643 1045 1686 roborat
1074 1642 1192 1699 quod
1222 1643 1363 1700 pisces
1391 1643 1646 1686 sanissimos

175 1714 222 1756 et
255 1711 383 1763 feras,
413 1727 601 1769 quarum
633 1727 786 1756 carnes
815 1712 1078 1755 utilissimae
1109 1715 1226 1762 sunt,
1256 1712 1460 1755 uidemus
1492 1712 1645 1756 crebro

173 1781 517 1824 uenenatissima
542 1782 721 1839 reptilia
740 1781 964 1832 deuorare,
985 1784 1030 1824 et
1060 1781 1157 1838 ipsa
1186 1796 1360 1824 uenena
1386 1782 1645 1825 inseruntur

174 1850 503 1894 medicamentis
523 1851 684 1908 quibus
704 1866 793 1894 non
814 1851 944 1894 modo
965 1854 1128 1894 natura
1148 1853 1428 1894 sustentatur
1447 1852 1643 1895 humana
1661 1853 1748 1902 659
1769 1863 1799 1891 a

173 1919 251 1964 sed
284 1920 418 1963 etiam
453 1920 690 1964 infirmitas
723 1921 1002 1965 conualescit.
1063 1920 1180 1977 Cum
1216 1935 1323 1964 uero
1357 1921 1552 1978 primum
1583 1922 1645 1965 sit

116 1996 157 2031 ²⁵
174 1988 462 2032 excutiendus
491 2004 646 2033 sensus
675 1989 923 2041 historicus,
954 1990 1219 2047 quicumque
1252 1990 1451 2033 animum
1484 1990 1555 2033 uel
1586 1991 1643 2034 ad

173 2057 305 2101 fidem
333 2057 406 2101 uel
434 2058 491 2101 ad
521 2073 654 2116 opera
679 2059 795 2110 fidei,
817 2074 929 2116 quae
959 2061 1065 2102 sunt
1094 2058 1198 2102 boni
1229 2073 1383 2110 mores,
1404 2060 1547 2117 magis
1576 2060 1643 2103 in·

174 2125 350 2178 format,
369 2127 633 2171 laudabilior
652 2130 698 2171 et
716 2128 847 2185 plane
871 2128 1026 2171 utilior
1045 2130 1124 2170 est.
1183 2128 1282 2172 Hoc
1309 2128 1427 2171 enim
1455 2128 1642 2173 lectione

173 2210 344 2254 semper
362 2197 661 2254 quaerendum
681 2200 749 2240 est
767 2200 821 2240 ut
847 2198 978 2241 homo
1004 2198 1148 2254 seipso
1177 2197 1334 2240 melior
1363 2198 1530 2256 iugiter
1550 2199 1640 2243 fiat.

174 2265 340 2308 Verum
378 2280 478 2310 cum
517 2266 669 2309 littera
706 2267 972 2324 praecedens
1011 2267 1185 2310 utiliter
1225 2267 1282 2310 ad
1317 2267 1461 2310 multa
1500 2269 1640 2325 possit

117 2349 159 2383 30
174 2334 341 2386 referri,
372 2338 418 2378 et
447 2335 505 2378 ad
537 2336 618 2379 hoc
652 2350 778 2393 posse
812 2336 958 2394 aptari
990 2336 1216 2380 consentio
1251 2339 1303 2379 ut
1337 2350 1416 2393 per
1446 2337 1639 2394 gratiam

173 2417 230 2446 ex
262 2403 564 2448 benedictione
593 2405 677 2448 Dei
707 2405 911 2448 collatam
941 2405 999 2448 ad
1028 2405 1213 2448 uirtutis
1242 2406 1563 2450 incrementum
1594 2411 1640 2450 et

173 2471 583 2529 multiplicationem
606 2474 793 2518 liberum
817 2474 1039 2518 excitetur
1063 2474 1299 2517 arbitrium
1324 2478 1371 2518 et
1391 2475 1639 2520 uirtutibus

173 2541 478 2599 multiplicatis
506 2557 585 2600 per
614 2543 804 2601 gratiam
835 2544 1055 2588 adiciatur
1083 2544 1299 2588 subiectio
1329 2548 1474 2589 terrae
1503 2560 1638 2603 quam

180 2659 208 2692 1,
228 2659 249 2685 2
274 2648 460 2686 libertatis
475 2649 655 2687 inditium
673 2650 704 2686 B
899 2662 941 2699 19
965 2652 1146 2700 mysticus
1163 2652 1203 2688 M
1407 2663 1464 2697 22,
1483 2663 1527 2699 23
1553 2652 1638 2700 ipsa

174 2695 460 2733 medicamentis
475 2696 694 2735 inseruntur
708 2710 860 2736 uenena
874 2699 920 2736 Δὶ
1094 2702 1139 2737 28
1164 2700 1397 2746 querendum
1415 2703 1472 2737 est
1489 2712 1639 2748 semper

175 2742 221 2780 Δι
363 2754 410 2789 30
432 2744 558 2790 aptari
573 2756 678 2792 posse
692 2745 740 2781 Α)

221 2857 243 2884 2
267 2848 389 2884 omm‘a
404 2848 578 2894 siquidem
594 2849 731 2884 munda
747 2849 917 2884 mundis:
942 2860 975 2885 v.
991 2847 1065 2885 Tit.
1082 2847 1107 2884 i.
1129 2857 1193 2895 133
1220 2847 1266 2885 cf.
1285 2847 1391 2884 Rom.
1411 2847 1482 2884 xiv.
1500 2858 1557 2887 20.

1466 2929 1526 2962 ¹31
