1988 3250
200 213 291 265 609
310 217 340 256 b
539 222 549 232 ·
687 214 951 259 IOANNIS
992 213 1507 258 SARESBERIENSIS
1649 213 1764 274 [ΜΒ.
1780 219 1835 257 vt

358 349 475 379 naue
504 334 660 380 euasit.
718 335 881 379 Fertur
909 335 1028 378 enim
1057 334 1175 392 quod
1205 334 1351 377 duces,
1367 334 1588 378 exercitus
1618 333 1713 377 eius
1741 348 1833 377 non

358 405 638 448 consueuerit
656 419 762 462 prae
781 404 1070 447 multitudine
1090 404 1222 447 aliter
1241 418 1475 446 numerare
1490 418 1624 460 quam
1644 403 1835 461 singulis

357 474 460 517 telis
499 474 686 531 receptis
725 489 752 517 a
790 473 989 531 singulis,
1027 476 1081 516 ut
1120 488 1177 516 ex
1215 487 1400 515 numero
1438 472 1629 515 telorum
1668 472 1833 515 ducum

359 558 533 600 quoque
563 558 774 587 numerus
803 546 1042 587 teneretur.
1101 542 1184 586 Est
1211 546 1361 585 autem
1392 542 1487 584 dux
1517 555 1834 598 usquequaque

359 612 534 655 inutilis
560 613 680 670 apud
710 627 840 669 quem
866 611 1099 669 disciplina
1128 627 1218 655 non
1244 611 1370 668 uiget
1382 625 1392 663 3
1424 614 1469 654 et
1493 610 1664 653 frustra
1683 613 1834 668 sperat
1852 619 1874 659 5

358 682 594 726 uictoriam
646 682 723 739 qui
769 682 941 725 animos
982 696 1227 738 manusque
1273 681 1470 723 militum
1517 680 1693 724 assidue
1743 694 1835 723 non

359 755 547 796 exercet.
608 752 737 795 Miles
776 752 952 795 subitus
990 751 1139 794 subito
1171 751 1336 794 deserit
1369 751 1526 793 ducem
1558 752 1604 793 et
1637 749 1834 793 laborem

360 821 477 864 ferre
516 836 607 864 non
645 822 840 864 sustinet
880 836 1012 878 quem
1051 821 1289 864 continuus
1329 835 1419 863 non
1458 819 1658 863 exercuit
1697 819 1833 863 labor.

360 890 536 935 cesaris
556 891 754 934 animum
774 891 937 934 fiducia
957 890 1186 934 roborauit
1207 890 1325 947 quod
1352 890 1392 933 ei
1414 904 1483 932 res
1503 891 1600 932 erat
1619 888 1834 932 aduersus

360 960 548 1003 militem
579 960 778 1003 subitum
811 960 1054 1017 ducemque
1088 960 1322 1003 emeritum
1354 962 1400 1002 et
1434 959 1512 1016 qui
1545 958 1679 1016 longa
1713 959 1834 1016 pacis
1853 970 1899 998 ιο

361 1030 509 1087 quiete
537 1030 808 1074 dedidicerat
831 1030 1000 1074 ducem.
1059 1029 1147 1073 Sed
1172 1032 1218 1073 et
1243 1030 1321 1073 ubi
1347 1028 1537 1072 uictoria
1562 1028 1835 1085 desperatur,

320 1110 347 1143 c
362 1100 422 1142 ad'
455 1115 579 1157 spem
613 1100 838 1143 uindictae
873 1099 1110 1158 erigendus
1141 1102 1210 1142 est
1248 1100 1436 1142 animus.
1497 1098 1579 1142 Est
1613 1098 1732 1141 enim
1767 1098 1846 1146 in-,

358 1169 537 1213 tercium

534 1269 626 1298 una
654 1255 774 1298 salus
802 1255 935 1298 uictis
964 1255 1134 1298 nullam
1163 1269 1340 1312 sperare
1370 1254 1572 1307 salutem,

361 1350 407 1391 et
426 1350 480 1390 ut
499 1362 546 1390 se
565 1347 756 1391 uictores
775 1350 936 1404 putent
955 1347 994 1390 si
1010 1347 1087 1403 qui
1107 1362 1197 1390 non
1217 1347 1467 1390 moriantur
1485 1346 1630 1390 inulti.
1681 1345 1835 1404 Magni
1856 1363 1896 1399 ¹5

360 1431 552 1474 namque
591 1417 788 1460 muneris
819 1417 914 1460 loco
949 1420 1017 1460 est
1050 1417 1205 1460 satiari
1239 1417 1432 1469 ultione;
1477 1419 1523 1460 et
1554 1416 1836 1474 dispendium

360 1486 483 1530 uitae
523 1486 749 1530 uindictae
788 1486 947 1530 solatio
979 1486 1264 1544 compensari.
1337 1486 1484 1529 Facile
1527 1485 1715 1529 assumit
1754 1499 1835 1542 pu·
1882 1483 1886 1487 ’

359 1555 528 1614 gnandi
572 1556 881 1599 necessitatem
926 1556 998 1600 cui
1044 1556 1247 1614 fugiendi
1291 1556 1538 1613 imponitur
1585 1554 1834 1599 difficultas.

359 1625 631 1669 Audaciores
664 1629 771 1668 sunt
810 1626 886 1682 qui
926 1626 1092 1669 bellum
1128 1626 1331 1669 inferunt
1365 1629 1411 1669 et
1442 1640 1572 1683 saepe
1606 1625 1696 1676 alii,
1726 1625 1834 1668 dum

360 1695 544 1738 honeste
578 1695 857 1752 uiriliterque
889 1695 1002 1738 mori
1031 1695 1230 1753 cupiunt,
1261 1695 1451 1739 feliciter
1481 1695 1681 1739 uincunt.
1740 1694 1832 1737 Au·
1853 1709 1906 1734 ἰο

360 1764 516 1807 dentes
555 1779 747 1822 namque
787 1764 988 1808 Fortuna
1026 1765 1156 1808 iuuat
1195 1768 1252 1817 et,
1290 1768 1344 1808 ut
1382 1779 1559 1823 pugnae
1598 1764 1835 1808 discrimen

361 1833 576 1884 imminet,

593 1925 831 1983 degeneres
860 1925 1032 1969 animos
1060 1926 1196 1970 timor
1225 1926 1388 1984 arguit,

316 2025 345 2065 d
362 2031 449 2074 quo
488 2016 626 2060 nichil
666 2017 1003 2075 ignominiosius
1042 2022 1111 2062 est
1150 2019 1220 2062 his
1260 2019 1338 2076 qui
1373 2034 1535 2062 nomen
1567 2021 1613 2062 et
1643 2018 1835 2062 officium

360 2086 547 2130 militiae
567 2087 845 2144 profitentur.
905 2087 1100 2131 Timidos
1127 2103 1319 2146 namque
1343 2089 1606 2146 grauissime
1626 2088 1700 2132 lex
1719 2087 1834 2131 mili·
1855 2105 1898 2140 ²⁵

360 2156 471 2199 taris
491 2156 701 2213 percellit.

419 2225 533 2268 Duci
574 2239 748 2282 quoque
788 2225 836 2268 in
875 2240 923 2269 re
963 2226 1147 2270 militari
1187 2227 1526 2286 diligentissime
1570 2241 1837 2285 praecauen-

359 2295 467 2338 dum
488 2297 556 2338 est

478 2402 535 2430 nc
565 2386 716 2429 Venus
746 2389 791 2430 et
821 2387 977 2430 uinum
1006 2388 1256 2446 pugnantia
1285 2391 1464 2446 pectora
1494 2387 1721 2446 frangant.

361 2547 411 2573 20
434 2534 597 2582 cupiunt
615 2534 709 2572 mori
726 2534 771 2571 A²

414 2670 458 2697 ιο
482 2661 587 2705 lonqa
605 2661 699 2697 etc:
725 2671 756 2696 v.
776 2659 864 2696 Luc.
885 2660 1013 2695 Phar-e.
1031 2658 1057 2697 i.
1081 2670 1158 2706 130.
1180 2669 1257 2706 131.
1453 2670 1495 2706 14
1520 2673 1597 2697 una
1615 2662 1716 2698 salus
1738 2663 1838 2699 etc.=

361 2706 437 2745 Ver
466 2735 473 2743 .
493 2709 585 2744 Aen.
603 2707 642 2744 ii.
663 2716 743 2753 354.
847 2716 884 2754 15
912 2709 1120 2743 moriantur
1130 2710 1241 2744 inulti
1253 2721 1261 2744 :
1286 2720 1319 2744 v.
1335 2708 1424 2745 Hor.
1437 2710 1512 2745 Sat.
1530 2709 1571 2745 ii.
1587 2711 1619 2745 8.
1638 2719 1694 2755 34.
1792 2719 1835 2747 21

361 2758 410 2792 At
450 2760 546 2791 entes
562 2756 728 2791 Fortuna
746 2756 850 2790 iuuat
869 2768 876 2791 :
904 2754 1014 2802 Vcrg.
1035 2757 1124 2791 Aen.
1142 2767 1176 2791 x.
1196 2757 1275 2800 284.
1467 2766 1511 2811 23
1536 2758 1723 2802 doyenvres
1739 2758 1811 2794 etc.
1827 2769 1838 2794 x

362 2803 474 2849 Vei-g.
491 2804 581 2838 Aen.
603 2801 650 2838 iv.
674 2812 725 2848 ¹3·
839 2812 884 2848 29
909 2814 953 2837 ne
978 2803 1094 2839 Venus
1111 2805 1207 2841 cta:
1234 2815 1267 2840 v.
1284 2803 1348 2841 Ov.
1365 2804 1465 2841 Fast.
1486 2815 1510 2840 1.
1529 2814 1594 2850 301
1615 2806 1700 2842 Non
1719 2806 1839 2842 Venus

361 2856 394 2887 et
412 2852 543 2887 uinum
558 2851 730 2886 uublimia
741 2855 888 2897 pectora
897 2851 1026 2896 sreqe't.

473 2923 516 2964 38
