1988 3250
239 195 323 236 820
340 205 365 235 c
709 194 973 240 IOANNIS
1016 193 1529 239 SARESBERIENSIS
1619 190 1736 252 [ΗΒ.
1751 204 1846 236 vm

384 315 637 359 diuinitatis
656 316 954 373 corporaliter,
968 316 1170 359 extraxit
1191 315 1391 372 (inscissa
1409 317 1561 358 tamen
1580 311 1850 369 substantia)

383 388 430 428 et
443 385 657 442 produxit
672 385 720 428 in
735 389 900 429 terram
921 385 1289 443 peregrinationis
1304 388 1482 428 nostrae
1502 387 1548 428 et
1561 381 1787 442 plantauit
1801 381 1850 424 in

383 454 529 497 medio
545 454 776 507 Ecclesiae,
791 458 844 498 ut
858 455 916 497 ab
931 469 982 498 eo
997 454 1248 497 illustretur
1266 469 1345 511 per
1364 454 1606 505 scientiam,
1617 452 1850 496 roboretur

384 539 465 581 per
489 524 717 576 uirtutem,
737 528 783 568 et
812 524 985 568 exultet
1013 524 1061 566 in
1087 523 1387 567 misericordia
1409 523 1548 575 uberi,
1568 526 1614 566 et
1636 521 1851 580 gaudium

339 595 368 634 d
385 593 480 636 eius
499 593 679 651 plenum
700 593 770 643 sit,
797 593 1012 651 gaudium
1044 607 1071 635 a
1100 592 1195 635 Deo
1225 595 1271 635 et
1300 592 1348 634 in
1375 591 1482 644 Deo,
1499 591 1714 650 gaudium
1733 589 1851 647 quod
1870 594 1889 628 ⁵

384 677 513 705 nemo
546 663 674 706 tollet
706 663 764 706 ab
797 663 907 720 ipsa.
965 661 1160 704 Accedat
1195 675 1300 718 ergo
1332 660 1390 703 ad
1420 661 1635 711 arborem,
1664 660 1852 702 ducente

383 723 545 789 gratia,
562 732 653 789 qui,
673 732 919 775 abducente
946 730 1310 787 eoncupiscentia,
1331 729 1520 786 deliquit
1549 730 1598 772 in
1627 730 1854 780 arborem;

384 802 594 858 quoniam
614 801 732 844 salus
752 804 905 844 nostra
924 800 982 843 ab
1001 800 1154 843 eadem
1173 802 1409 856 procurata
1435 801 1504 842 est
1521 799 1570 841 in
1594 799 1730 856 ligno,
1750 797 1855 854 quia

386 885 504 914 mors
538 874 642 914 ante
676 871 890 928 processit
921 885 948 913 a
982 869 1115 926 ligno.
1186 868 1379 911 Accedat
1418 868 1495 911 sed
1535 868 1583 910 in
1621 867 1855 911 contrariis

386 940 612 997 passibus;
641 940 850 997 quoniam
871 939 1104 983 contrariis
1124 937 1305 995 expedit
1323 938 1469 980 curari
1488 937 1724 981 contraria.
1786 936 1856 988 Et,
1875 951 1914 976 10

387 1009 493 1066 quia
531 1024 619 1053 non
660 1009 810 1052 fuerat
849 1009 1073 1051 hominem
1112 1007 1363 1050 deiecturus
1402 1009 1657 1064 temptator,
1687 1005 1775 1050 nisi
1808 1005 1856 1048 in

387 1081 580 1122 mentem
610 1078 705 1121 eius
735 1078 869 1121 elatio
898 1077 1215 1134 praecessisset,
1246 1091 1274 1119 a
1302 1076 1461 1119 timore
1490 1076 1709 1133 concipiat
1739 1075 1857 1118 unde

387 1147 649 1191 humilietur
668 1148 751 1191 sub
771 1147 942 1205 potenti
970 1161 1106 1189 manu
1137 1146 1221 1189 Dei
1252 1146 1329 1203 qui
1353 1146 1543 1189 exaltari
1569 1145 1792 1189 desiderat
1811 1145 1859 1187 in

387 1217 459 1260 die
479 1217 763 1261 uisitationis.
821 1216 1059 1259 Abstineat
1079 1230 1106 1258 a
1125 1215 1259 1259 licitis
1275 1215 1352 1272 qui
1372 1215 1670 1272 praesumpsit
1688 1214 1857 1266 illicita,

387 1289 434 1329 et
471 1286 724 1330 incendium
774 1285 1151 1342 concupiscentiae
1201 1285 1407 1328 ordinata
1445 1284 1623 1343 mitiget
1661 1284 1858 1328 caritate.
1878 1299 1918 1334 ¹5

388 1355 645 1399 Delectetur
674 1356 721 1398 in
751 1356 832 1409 his,
862 1355 1015 1398 uideat
1045 1358 1090 1398 et
1119 1369 1237 1398 nunc
1269 1354 1374 1412 quia
1413 1354 1585 1412 lignum
1624 1354 1859 1411 pulchrum

388 1428 456 1469 est
475 1425 577 1468 uisu
601 1428 647 1468 et
667 1425 724 1468 ad
743 1424 1010 1468 uescendum
1037 1438 1174 1468 suaue
1205 1427 1251 1467 et
1280 1423 1478 1467 fructum
1506 1438 1639 1467 uerae
1668 1423 1859 1466 beatitu-

251 1497 327 1535 821
341 1506 372 1534 a
389 1494 506 1538 dinis
536 1498 581 1538 et
610 1509 781 1552 semper
810 1494 976 1537 laetum
1007 1493 1275 1551 tranquillae
1305 1493 1427 1536 uitae
1456 1495 1626 1536 statum
1657 1493 1783 1536 dabit
1812 1492 1861 1535 in

388 1569 585 1622 tempore
605 1579 695 1607 suo.
747 1564 883 1607 Porro
903 1563 1117 1606 iocundus
1137 1563 1283 1614 timor,
1305 1563 1381 1620 qui
1402 1563 1449 1605 in
1469 1562 1716 1606 dilectionis
1736 1576 1860 1605 reue-

389 1634 579 1677 rentiam
599 1633 730 1684 cadit,
750 1648 839 1676 non
859 1633 988 1676 nouit
1014 1632 1146 1676 otiari
1174 1635 1255 1675 aut
1281 1632 1597 1690 praescriptam
1624 1631 1709 1675 sibi
1735 1645 1862 1689 prae-
1880 1645 1922 1668 20

389 1703 579 1747 uaricari
600 1703 754 1761 legem,
775 1703 852 1746 sed
873 1703 1046 1746 timoris
1067 1702 1187 1746 foras
1213 1702 1357 1745 mittit
1377 1701 1550 1745 aculeos
1571 1703 1617 1744 et
1637 1716 1694 1744 ex
1713 1715 1862 1744 amore

320 1805 328 1813 .
391 1772 501 1816 facit
526 1773 655 1824 bona,
685 1775 841 1830 sponte
871 1786 952 1815 sua
976 1772 1192 1815 adherens
1221 1771 1440 1823 iustitiae3
1470 1773 1516 1814 et
1540 1770 1666 1827 quasi
1692 1770 1864 1814 uiribus

392 1842 668 1886 obedientiae
713 1856 814 1885 cum
862 1841 1010 1899 gratia
1064 1840 1386 1898 quodammodo
1435 1839 1654 1883 uiolenter
1701 1839 1866 1883 nititur

392 1912 625 1969 adquirere
651 1911 794 1954 uitam
822 1911 898 1968 qui
930 1925 1008 1968 per
1038 1909 1382 1953 inobedientiam
1409 1924 1466 1952 ex
1486 1908 1669 1952 leuitate
1689 1908 1866 1952 arbitrii

391 1981 589 2026 cucurrit
627 1981 675 2023 in
706 1984 905 2024 mortem.
985 1980 1135 2023 Timor
1161 1979 1458 2023 innocentiam
1489 1978 1620 2036 parit,
1646 1978 1865 2022 iustitiam
1884 1999 1924 2033 ²5

394 2050 696 2094 benefaciendi
737 2049 1047 2092 mandatorum
1082 2048 1334 2092 obedientia
1373 2050 1615 2106 promouet,
1660 2050 1866 2106 rectoque

392 2120 501 2164 calle
522 2120 578 2163 ad
598 2133 750 2163 ueram
772 2119 1091 2162 beatitudinem
1116 2119 1260 2161 iustus
1280 2117 1548 2175 perducitur.
1608 2116 1727 2160 Nam
1756 2121 1803 2162 et
1828 2117 1867 2162 is

394 2193 462 2233 est
481 2204 612 2247 quem
631 2188 819 2232 deduxit
833 2188 1050 2232 Dominus
1069 2203 1147 2246 per
1166 2188 1264 2231 uias
1278 2190 1431 2238 rectas,
1446 2187 1558 2230 dans
1578 2186 1618 2231 ei
1637 2187 1868 2232 scientiam

395 2263 660 2309 sanctorum,
681 2259 920 2302 honestans
939 2272 1038 2301 eum
1061 2258 1107 2300 in
1135 2257 1371 2309 laboribus,
1391 2260 1437 2300 et
1460 2256 1508 2300 in
1527 2256 1733 2301 omnibus
1752 2270 1867 2301 com-

348 2341 377 2379 b
397 2329 523 2387 plens
543 2328 583 2371 ei
605 2327 926 2372 beatitudinem
947 2342 1027 2386 pro
1047 2341 1137 2384 qua
1155 2326 1347 2370 fideliter
1366 2329 1412 2370 et
1432 2325 1605 2370 utiliter
1627 2326 1866 2371 laboratur.
1886 2350 1948 2385 ὃς»

397 2453 437 2527 gi
440 2443 505 2527 ⁸ii:a
505 2454 573 2480 om.
590 2442 657 2479 SM
829 2443 871 2480 16
897 2442 1071 2489 pulcrum
1089 2440 1146 2477 AS
1324 2451 1371 2478 20
1393 2438 1533 2478 occiari
1550 2439 1575 2477 S
1752 2450 1797 2488 27
1822 2441 1869 2490 is]

449 2601 673 2682 ¹·⁶‘⁸'fr⁰ae⁸}v²
699 2610 748 2681 af.
766 2598 901 2654 gratia.
1008 2646 1030 2683 8
1062 2601 1308 2681 ‚⁴12⁰“dj'um
1324 2599 1420 2653 etc:
1447 2610 1478 2634 v.
1497 2596 1626 2635 Ioann.
1644 2595 1715 2634 xvi.
1735 2606 1790 2680 αἱ,
1811 2606 1868 2655 22..

418 2658 622 2730 εᾶὲΐειὲῗὲ
646 2657 713 2731 ἐῗῗ
732 2658 841 2731 ῗὲῗῗῐ
854 2706 887 2731 v.
904 2693 939 2730 ⁶.
1055 2658 1096 2682 ''‘
1131 2658 1214 2731 '⁹3‘ss
1227 2657 1590 2740 255422‘3523002am
1605 2693 1677 2730 020.
1690 2654 1757 2730 2¹³v.
1777 2657 1873 2730 32:11

403 2740 456 2778 iii.
474 2742 498 2778 6
514 2743 554 2778 et
572 2740 628 2778 1‘2,
647 2740 671 2777 i.
690 2751 726 2788 3.
874 2750 925 2787 17,
951 2742 992 2778 18
1018 2740 1253 2778 beatitudinis
1270 2743 1365 2779 eta:
1390 2752 1422 2776 v.
1440 2752 1555 2787 supra
1570 2742 1638 2778 818
1651 2749 1687 2777 ο.
1826 2749 1868 2777 21

401 2790 734 2875 ἕάιεεξῖιιονίείοναε
750 2789 845 2826 eta:
871 2801 903 2825 v.
928 2798 941 2826 1
963 2788 1093 2826 Ioann.
1111 2788 1159 2825 iv.
1181 2791 1235 2827 18.
1375 2788 1419 2826 28
1445 2789 1595 2825 deduxit
1611 2789 1708 2825 eta:
1733 2798 1766 2824 v.
1785 2785 1870 2835 Sap.

512 2911 578 2946 ⁴²²
