1988 3250
230 196 358 246 6550

323 388 354 429 d

219 1293 305 1342 656
323 1303 354 1332 a

702 196 968 242 IOANNIS
1007 196 1525 242 SARESBERIENSIS
1644 194 1755 257 [Lm.
1771 206 1843 240 vn

371 315 543 368 Poetae,
563 315 808 368 historicos,
827 318 1036 368 oratores,
1050 316 1387 360 mathematicos
1405 315 1647 373 probabilis
1669 315 1844 359 mathe-

371 384 561 428 maticae
590 386 691 442 quis
717 386 906 444 ambigit
935 401 1028 429 esse
1054 386 1274 443 legendos,
1303 385 1498 428 maxime
1523 399 1623 428 cum
1651 384 1746 428 sine
1773 384 1844 427 his

372 452 462 495 uiri
496 468 590 497 esse
622 458 846 512 nequeant
876 455 950 498 uel
984 470 1074 498 11011
1113 455 1284 498 soleant
1322 454 1545 499 litterati?
1606 454 1694 507 Qui
1725 453 1844 497 enim

371 522 559 566 istorum
579 523 725 581 ignari
745 527 862 575 sunt,
878 524 1080 567 illiterati
1096 524 1322 577 dicuntur,
1336 523 1420 567 etsi
1435 523 1609 567 litteras
1623 523 1845 566 nouerint.

371 590 487 635 Cum
521 594 672 636 tamen
707 594 835 650 quasi
874 593 922 636 in
961 593 1031 636 ius
1065 608 1196 636 suum
1235 593 1476 636 uendicant
1514 593 1725 643 animum,
1759 592 1843 635 etsi
1862 607 1884 643 5

370 661 665 718 polliceantur
703 663 912 706 notitiam
946 677 1107 714 rerum,
1141 662 1328 705 uirtutis
1360 665 1512 705 tamen
1551 662 1767 705 dedocent
1798 663 1845 705 et

371 729 638 774 submonent
661 732 846 776 cultum.
905 732 1034 774 Vnde
1054 731 1219 782 Cicero,
1239 745 1340 774 cum
1364 731 1419 774 de
1445 731 1588 788 poetis
1607 733 1771 788 ageret,
1790 733 1845 774 ut

370 798 631 857 diligentius
684 802 908 854 audiatur,
962 801 1206 844 exclamat:
1252 800 1431 844 Clamor
1485 803 1531 844 et
1581 799 1845 857 approbatio

369 870 535 926 populi,
555 871 682 927 quasi
711 871 863 928 magni
888 871 1116 914 cuiusdam
1144 872 1190 913 et
1212 870 1427 927 sapientis
1455 869 1659 927 magistri
1690 872 1736 912 et
1765 869 1844 926 qui

370 939 428 981 ad
467 940 892 984 commendationem
923 939 1124 990 sufficiat,
1154 939 1314 997 plausu
1348 954 1430 982 suo
1463 954 1574 996 quos
1603 939 1704 982 uult
1733 939 1844 983 facit
1863 954 1906 982 10

370 1009 630 1053 autenticos.
697 1010 761 1052 At
788 1009 854 1051 illi
882 1010 958 1066 qui
979 1009 1121 1052 tantis
1145 1009 1352 1052 laudibus
1382 1009 1629 1052 efferuntur
1652 1011 1844 1066 quantas

368 1077 596 1122 obducunt
636 1079 853 1129 tenebras,
893 1093 1002 1135 quos
1042 1079 1264 1122 inuehunt
1313 1081 1471 1132 metus,
1512 1093 1622 1135 quas
1671 1078 1844 1121 inflam-

368 1149 496 1190 mant
549 1148 840 1205 cupiditates!
914 1148 976 1190 Hi
1030 1151 1188 1205 stupra
1237 1148 1545 1205 adulteriaque
1595 1148 1845 1200 conciliant,

369 1217 519 1260 uarias
546 1217 636 1260 doli
666 1219 877 1274 reparant
911 1220 1040 1268 artes,
1071 1216 1197 1260 furta
1226 1218 1406 1274 rapinas
1435 1216 1640 1260 incendia
1673 1217 1844 1268 docent,

371 1300 484 1343 quae
512 1289 619 1329 sunt
648 1290 729 1330 aut
753 1286 948 1337 fuerunt,
969 1286 1104 1329 immo
1131 1301 1244 1343 quae
1271 1287 1382 1344 fingi
1409 1289 1607 1343 possunt,
1625 1285 1844 1329 malorum
1865 1297 1905 1333 15

371 1355 575 1412 exempla
612 1358 869 1413 proponunt
908 1356 1046 1399 oculis
1081 1355 1386 1399 multitudinis
1415 1355 1660 1413 imperitae.
1719 1354 1845 1408 Quae

369 1424 574 1468 incendia
593 1425 674 1468 celi
696 1425 892 1468 succensi
914 1428 994 1468 aut
1014 1425 1150 1468 maris
1174 1425 1409 1468 inundatio
1429 1428 1510 1468 aut
1529 1428 1674 1468 terrae
1693 1424 1845 1467 hiatus

369 1495 521 1537 tantas
541 1493 649 1538 fecit
668 1495 932 1552 populorum
949 1497 1121 1552 strages
1136 1498 1328 1551 quantas
1348 1494 1424 1538 isti
1445 1493 1619 1538 faciunt
1638 1494 1844 1539 morum?

371 1561 578 1607 Comicus
607 1564 684 1620 qui
714 1578 820 1621 prae
850 1564 1008 1607 ceteris
1035 1563 1181 1620 placet
1208 1564 1256 1607 in
1282 1563 1497 1607 Eunucho
1527 1562 1667 1606 refert
1697 1562 1843 1606 adole-

369 1632 532 1676 scentis
547 1632 776 1676 libidinem
791 1633 1125 1683 inflammatam,
1140 1648 1240 1677 cum
1256 1632 1455 1676 tabulam
1475 1633 1651 1690 pictura
1670 1632 1843 1675 uideret
1862 1646 1906 1671 πο

369 1701 670 1745 continentem
691 1716 778 1759 quo
797 1704 927 1759 pacto
947 1701 1066 1752 deus,
1083 1702 1159 1758 qui
1174 1702 1256 1745 celi
1277 1701 1445 1759 templa
1464 1701 1613 1745 sonitu
1634 1700 1843 1752 concutit,

369 1784 450 1828 per
470 1770 736 1828 impluuium
757 1785 866 1814 auro
886 1771 1020 1814 misso
1039 1771 1256 1814 inclusam
1280 1773 1405 1814 turre
1431 1774 1477 1813 et
1502 1773 1675 1827 septam
1695 1773 1843 1814 custo-

370 1840 502 1884 dibus
517 1840 764 1898 corruperit
779 1840 963 1883 Danem.
1025 1840 1202 1884 Similes
1221 1840 1268 1883 in
1290 1840 1478 1898 singulis
1495 1840 1693 1897 picturas
1707 1840 1844 1891 uidet,

371 1910 563 1954 miratur
591 1914 637 1954 et
667 1910 820 1953 laudat
850 1910 1104 1955 multitudo.
1179 1910 1298 1953 Nam
1329 1924 1442 1967 quae
1471 1909 1656 1953 uirtutis
1685 1909 1842 1953 incita·

369 1983 523 2024 menta
550 1982 668 2031 sunt,
697 1994 824 2023 rarus
854 1983 1077 2037 spectator
1104 1979 1318 2024 adtendit.
1862 1994 1904 2029 25

430 2054 561 2105 Here,
591 2069 704 2111 quae
734 2069 804 2098 res
833 2054 881 2097 in
911 2069 958 2098 se
987 2069 1129 2111 neque
1158 2054 1390 2098 consilium
1419 2069 1562 2111 neque
1591 2053 1773 2098 modum

428 2113 565 2156 habet
594 2113 750 2169 ullum,
779 2127 875 2156 eam
905 2113 1088 2156 consilio
1117 2127 1267 2171 regere
1297 2127 1386 2156 non
1416 2115 1553 2170 potes.

373 2237 389 2265 1
418 2226 593 2265 istoricos
609 2226 699 2265 GBS
843 2238 864 2274 3
890 2226 1037 2265 literati
1054 2225 1155 2264 BSM
1299 2228 1320 2264 8
1345 2239 1369 2263 a
1397 2226 1544 2264 robatio
1562 2225 1651 2264 CBS
1799 2236 1844 2264 10

370 2275 479 2322 planu
498 2275 522 2312 S
670 2285 722 2319 12,
745 2285 786 2322 13
810 2274 1010 2312 inflamant
1026 2274 1055 2312 C
1188 2275 1235 2312 26
1261 2274 1359 2313 Here
1397 2274 1469 2312 Effe
1488 2274 1594 2318 SM²;
1619 2274 1675 2311 Ea
1692 2285 1749 2312 188
1766 2274 1819 2311 M¹

373 2390 495 2464 σεέὲηῖ
514 2380 1004 2474 ἔὶὲῗῗαῖἶ’ἶέἕ”ἑί’”ἕῗ“ὅῗ
1018 2378 1547 2473 {1Y'12⁰<1'2³‹333.¹?15⁴1³229¹.³)3v.
1565 2426 1602 2472 9>
1620 2380 1845 2464 επιίηζῖξῖἓ

373 2475 553 2520 cicerone,
566 2477 638 2522 qui,
657 2488 737 2512 cum
751 2477 793 2511 de
802 2477 919 2522 poem
930 2480 1066 2520 averet:
1083 2476 1145 2511 Ad
1159 2486 1246 2521 quos
1260 2486 1341 2510 cum
1353 2475 1506 2516 acceseie,
1522 2475 1649 2531 inquit,
1661 2476 1799 2511 clamor
1812 2479 1845 2510 ot

370 2524 583 2569 adpmbatn'o
595 2524 725 2569 populi
748 2525 854 2570 quasi
876 2523 1001 2568 maqm‘
1021 2524 1210 2558 cuiusdam
1232 2526 1264 2557 et
1285 2522 1462 2568 sapientis
1482 2524 1659 2568 maytstm’,
1676 2534 1766 2569 quas
1787 2523 1846 2558 ills·

370 2571 549 2606 obducunt
570 2572 743 2612 tenebrae,
767 2582 855 2617 quoe
878 2570 1057 2606 inachum
1082 2574 1203 2611 metus,
1229 2581 1319 2615 quas
1343 2570 1575 2614 inflammant
1600 2567 1845 2616 cupiditates!

371 2616 497 2655 Verba
529 2629 626 2664 quae
658 2629 733 2654 non
767 2618 883 2655 refert
907 2616 1141 2664 Augustinus
1168 2628 1213 2652 ex
1239 2615 1432 2652 ciceronis
1456 2615 1553 2652 libro
1577 2618 1621 2652 do
1645 2618 1698 2653 Re
1749 2618 1843 2654 blica

371 2664 571 2712 prouenire
598 2664 704 2701 nulla
730 2676 843 2701 causa
869 2667 927 2701 ent
957 2676 1023 2700 cur
1048 2664 1272 2701 dubitemus.
1325 2663 1543 2700 Notandum
1571 2666 1628 2701 est
1657 2675 1680 2701 a
1708 2663 1842 2701 ι1811110

369 2714 573 2749 abeam-sc
591 2724 667 2748 non
684 2712 797 2749 8811181
817 2711 857 2748 111
877 2711 1059 2759 Epistolin
1075 2711 1150 2748 81118
1166 2723 1272 2747 unum
1291 2722 1369 2748 8888
1386 2711 1619 2748 Ciceronem.
1798 2721 1841 2758 17

370 2762 538 2796 {mendic
566 2761 633 2796 celo·
655 2762 832 2796 succensi:
867 2772 916 2796 80.
942 2771 965 2796 a
990 2758 1240 2795 Phaethonte.
1392 2768 1433 2804 19
1461 2759 1625 2795 Comicus
1648 2761 1744 2796 etc.:
1771 2758 1795 2796 i.
1810 2770 1842 2797 8.

368 2806 588 2849 'ren-entium
614 2820 644 2844 v.
672 2809 771 2844 Eun.
799 2805 853 2844 iii.
881 2816 911 2854 5.
939 2816 982 2852 37
993 2818 1093 2852 neqq.
1113 2819 1122 2850 ς
1146 2806 1194 2843 cs.
1221 2806 1316 2868 Aug.
1346 2806 1450 2852 Conf.
1475 2805 1499 2842 i.
1524 2805 1603 2853 16§
1629 2808 1675 2844 26
1694 2805 1841 2855 (Migno

370 2857 411 2893 Ρ.
429 2857 470 2892 L.
490 2854 605 2892 xxxii.
621 2857 721 2902 672).
860 2857 905 2893 26
930 2856 1023 2892 Hm
1040 2858 1136 2892 etc.:
1161 2853 1245 2892 Ter.
1261 2855 1361 2890 Eun.
1381 2853 1406 2890 i.
1429 2864 1457 2890 1.
1480 2863 1606 2902 12-25.

482 2910 547 2945 12⁶
