1988 3250
196 225 285 264 599
304 224 335 266 ²

306 899 335 937 b

681 213 944 258 IOANNIS
981 213 1496 260 SARESBERIENSIS
1645 214 1754 276 [Lm.
1771 227 1822 260 Ἡ

348 333 511 376 dextra
532 333 871 391 praecideretur.
930 333 1142 390 Adeoque
1165 334 1335 378 uirtute
1355 335 1479 379 ducis
1498 340 1606 380 tunc
1632 336 1822 380 confecti

349 406 457 446 sunt
476 403 683 447 Britones
705 406 756 446 ut
776 403 869 446 fere
889 418 999 460 gens
1018 406 1116 446 tota
1135 403 1320 447 deficere
1346 405 1576 449 uideretur
1594 411 1641 449 et
1667 421 1723 450 ex
1750 406 1821 448 in-

350 472 583 530 dulgentia
602 473 693 516 iam
713 473 822 516 dicti
842 473 960 530 regis
981 472 1188 516 mulieres
1209 488 1359 516 eorum
1379 476 1613 532 nupserint
1633 476 1803 533 Anglis.

410 542 603 586 Videsne
629 545 849 599 quantum
875 542 1030 586 electio
1054 542 1180 586 ducis
1209 545 1255 586 et
1283 544 1545 588 exercitium
1574 545 1824 589 iuuentutis

351 611 539 655 militiae
568 611 831 656 conferant?

352 731 460 791 Cap.
490 743 528 788 7.
568 732 693 786 Quae
726 731 786 775 sit
821 731 1042 788 conceptio
1071 732 1345 776 sacramwnti
1376 733 1609 786 militaris,
1638 738 1678 778 et
1707 734 1826 792 quod

772 802 872 846 sine
891 815 939 845 eo
958 801 1164 845 ‘militare
1183 816 1282 845 ‘non
1302 801 1416 847 licat.

413 894 732 937 Verumtamen
771 893 887 937 citra
928 893 1187 950 religionem
1226 894 1491 937 sacramenti
1539 909 1596 938 ex
1640 895 1828 952 antiqua

335 965 451 1022 lege
481 978 611 1007 nemo
641 963 827 1006 militiae
857 963 1036 1020 cingulo
1071 963 1332 1007 donabatur.
1393 964 1523 1015 Nam,
1557 965 1673 1008 sicut
1707 964 1827 1022 apud

319 1740 343 1770 c

354 1035 522 1079 Iulium
558 1033 824 1076 Frontinum
856 1033 1034 1090 legitur,
1064 1032 1200 1076 Lucio
1235 1033 1366 1078 Flaco
1401 1037 1448 1078 et
1483 1034 1594 1078 Gaio
1629 1035 1827 1079 Varrone

353 1103 608 1148 consulibus
646 1103 812 1145 milites
851 1102 996 1160 primo
1043 1102 1331 1148 iureiurando
1369 1103 1478 1147 facti
1517 1107 1646 1157 sunt;
1694 1108 1829 1148 antea

355 1173 475 1217 enim
504 1176 780 1216 sacramento
804 1171 1115 1215 tantummodo
1141 1186 1169 1215 a
1195 1171 1388 1216 tribunis
1411 1173 1694 1231 rogabantur,
1714 1177 1828 1217 cete-

356 1257 457 1286 rum
492 1241 578 1299 ipsi
613 1241 732 1284 inter
765 1255 812 1284 se
845 1241 1139 1284 coniurabant
1172 1255 1219 1284 se
1250 1240 1385 1300 fugae
1414 1245 1549 1299 atque
1577 1243 1830 1286 formidinis

356 1325 491 1355 causa
524 1325 615 1354 non
645 1311 846 1354 abituros
877 1324 1020 1367 neque
1052 1325 1109 1353 ex
1147 1310 1302 1354 ordine
1341 1325 1586 1355 recessuros
1623 1312 1710 1355 nisi
1749 1312 1829 1356 teli

356 1380 538 1438 petendi
558 1380 756 1424 hostisue
776 1379 965 1423 feriendi
986 1394 1119 1423 causa
1145 1383 1226 1424 aut
1255 1379 1366 1423 ciuis
1385 1381 1603 1424 seruandi.
1664 1381 1723 1424 Et
1746 1382 1828 1426 hoc

357 1450 590 1495 dicebatur
618 1450 806 1493 militiae
836 1453 1190 1502 sacramentum3
1219 1450 1337 1507 quod
1364 1454 1410 1493 et
1430 1449 1828 1495 christianissimo-

357 1534 458 1563 rum
478 1520 731 1576 principum
750 1519 1017 1562 auctoritate
1037 1519 1244 1563 firmatur
1264 1523 1310 1563 et
1329 1534 1424 1564 usu.

417 1587 659 1646 Conceptio
690 1603 797 1631 uero
831 1588 1071 1632 iuramenti
1103 1591 1218 1632 teste
1252 1589 1437 1646 Vegetio
1467 1589 1720 1633 huiusmodi
1751 1593 1832 1635 est.

359 1659 521 1702 Iurant
560 1658 764 1715 equidem
804 1658 969 1702 milites
1008 1673 1088 1716 per
1127 1658 1271 1702 Deum
1304 1662 1350 1702 et
1381 1657 1611 1703 Christum
1651 1659 1746 1702 eius
1786 1663 1832 1703 et

361 1728 581 1786 Spiritum
613 1732 816 1772 sanctum
852 1732 898 1772 et
928 1743 1008 1785 per
1046 1728 1324 1772 maiestatem
1363 1727 1576 1786 principis
1614 1743 1728 1786 quae
1762 1744 1830 1772 se-

359 1798 554 1842 cundum
594 1798 740 1842 Deum
780 1798 976 1842 humano
1014 1797 1166 1855 generi
1205 1797 1432 1855 diligenda
1465 1802 1533 1841 est
1562 1801 1608 1841 et
1637 1798 1832 1842 colenda.

360 1866 480 1911 Nam
513 1882 615 1911 cum
650 1867 750 1926 quis
783 1867 1034 1924 legitimum
1066 1866 1227 1924 accipit
1259 1867 1570 1924 principatum,
1604 1870 1833 1924 tamquam

359 1937 584 1994 praesenti
605 1940 650 1980 et
671 1936 887 1994 corporali
908 1936 1003 1979 Deo
1023 1936 1167 1980 fidelis
1190 1935 1231 1979 ei
1260 1939 1328 1979 est
1350 1936 1618 1994 praestanda
1643 1936 1834 1988 deuotio,

360 2006 683 2063 impendendus
717 2005 908 2064 peruigil
938 2005 1195 2049 famulatus.
1252 2005 1348 2048 Deo
1377 2005 1494 2048 enim
1526 2005 1599 2048 uel
1627 2005 1834 2063 priuatus

361 2076 434 2119 uel
474 2075 672 2119 militans
714 2074 866 2126 seruit,
909 2089 1009 2119 cum
1049 2074 1241 2118 fideliter
1278 2089 1380 2117 eum
1419 2074 1580 2132 diligit,
1620 2074 1697 2132 qui
1738 2075 1833 2119 Deo

363 2148 522 2203 regnat
541 2149 731 2189 auctore.
791 2144 964 2195 Iurant,
983 2144 1178 2201 inquam,
1197 2158 1243 2187 se
1269 2147 1449 2187 strenue
1469 2143 1666 2187 facturos
1685 2145 1836 2188 omnia

366 2263 397 2296 1.
417 2264 437 2290 2
462 2253 633 2291 britones
648 2252 813 2290 confecti
831 2255 922 2290 sunt
939 2253 978 2289 Μ
1114 2254 1135 2290 8
1162 2251 1462 2299 Verumptamen
1479 2253 1511 2289 A
1651 2264 1695 2290 10
1718 2254 1836 2291 flacco

363 2301 439 2337 AM
536 2313 676 2339 uarone
695 2301 733 2338 M
871 2312 913 2347 14
940 2300 1136 2338 habituros
1153 2300 1304 2338 CB'AM
1437 2311 1481 2338 22
1508 2300 1745 2348 legittimum
1763 2302 1837 2338 ΒΜ

365 2411 430 2437 rex
445 2400 670 2442 summum
682 2412 866 2445 maynum,
878 2399 981 2436 cuius
991 2399 1115 2437 adhuc
1127 2400 1278 2436 exstant
1289 2398 1358 2436 reli
1388 2399 1483 2444 uiae,
1495 2401 1593 2435 inter·
1601 2402 1839 2438 Britanniam

365 2454 471 2495 aeque
486 2449 660 2484 Merciam
677 2450 720 2483 de
737 2449 833 2483 mam·
849 2459 959 2494 usque
974 2449 1023 2483 ad
1040 2458 1149 2491 mare,
1166 2458 1216 2483 sc.
1234 2446 1281 2483 ab
1299 2458 1363 2483 ore
1414 2458 1508 2493 agae
1522 2447 1648 2494 (Wyev
1668 2448 1838 2486 fluminis

366 2506 485 2542 usque
501 2495 551 2532 ad
572 2506 613 2533 οι
637 2495 762 2532 Devae
780 2494 898 2539 (Dee),
916 2498 1042 2540 jacere
1067 2496 1267 2541 imper-am.
1285 2496 1327 2530 ut
1351 2493 1447 2531 dicit
1471 2495 1628 2532 Assorus
1653 2495 1694 2532 in
1722 2498 1840 2534 Gesta:

366 2543 532 2590 Aelsrede‘
562 2542 633 2582 (ed.
662 2542 865 2580 Stevenson
895 2554 932 2588 p.
970 2545 1039 2586 ια).
1253 2552 1276 2587 9
1301 2543 1453 2577 militiae
1484 2544 1652 2588 cingulo:
1689 2555 1720 2579 v.
1747 2543 1838 2582 Cod.

369 2590 504 2627 Iuntin.
531 2588 594 2626 xii.
641 2589 701 2636 οξ
727 2600 748 2643 3
773 2592 813 2625 et
838 2600 950 2635 saepe
976 2588 1016 2624 in
1041 2588 1203 2636 Corpore
1222 2588 1318 2626 Iuris
1335 2588 1478 2625 Ciuilis.
1660 2601 1703 2627 10
1726 2593 1839 2629 Lucio

367 2639 480 2675 Haeo
496 2639 587 2674 eta:
616 2599 783 2674 {tontum
802 2638 911 2673 Serae.
930 2636 977 2673 iv.
1000 2647 1011 2673 ι
1036 2636 1054 2683 ξ
1074 2648 1106 2682 ⁴·
1234 2637 1367 2673 Flam:
1397 2636 1523 2683 potius
1545 2638 1685 2680 Paulo;
1710 2650 1742 2676 v.
1762 2639 1839 2676 Liv.

368 2684 460 2723 xxii.
479 2686 543 2731 38;
569 2686 669 2767 <aiod
691 2695 830 2721 nomen
857 2683 897 2719 in
926 2683 1099 2720 Frontini
1124 2685 1272 2720 textum
1298 2683 1470 2721 restituit
1495 2684 1666 2722 Schelius
1691 2687 1771 2722 Not.
1798 2689 1841 2724 in

368 2733 489 2779 Polyb.
506 2744 564 2780 ap.
618 2743 713 2769 των.
735 2733 837 2767 Thea.
854 2733 1033 2779 Antiqua.
1053 2733 1152 2768 Rom.
1173 2743 1208 2768 x.
1231 2741 1333 2776 1172,
1349 2743 1461 2777 quem
1479 2732 1649 2778 sequitur
1673 2733 1840 2772 Gundets

369 2791 532 2816 mannu-
554 2779 593 2816 in
618 2778 675 2816 ed.
701 2778 972 2816 Teubneriaua.
1170 2787 1224 2825 15,
1254 2780 1296 2815 16
1321 2780 1370 2815 Ee
1394 2780 1457 2815 hoc
1481 2781 1667 2816 dicebatur
1688 2783 1842 2819 militiae

368 2833 655 2864 sacramentum:
683 2838 713 2863 ν.
733 2826 864 2872 Vegct.
883 2825 920 2863 ii.
942 2835 959 2872 5
988 2827 1037 2862 Et
1055 2827 1132 2863 ideo
1149 2827 1302 2862 militiae.
1322 2832 1549 2862 sacramenta
1565 2829 1764 2871 dicuntum
1789 2829 1839 2867 cf.

369 2874 631 2924 Oudendorpii
649 2877 728 2912 not.
749 2876 797 2911 ad
817 2874 886 2912 loc.
907 2873 1065 2922 Vegetii.
1208 2883 1251 2921 19
1276 2875 1408 2911 lue-ant
1426 2877 1520 2912 etc.:
1549 2887 1579 2911 v.
1597 2875 1727 2922 Veget.
1746 2875 1787 2913 ii.
1807 2885 1840 2925 5.

481 2939 526 2965 20

1843 634 1862 668 5

1847 1054 1890 1078 10

1850 1401 1890 1435 15

1850 1749 1893 1774 20

1854 2088 1895 2122 ²5
