1988 3250
243 246 330 286 790
348 235 378 275 d

723 234 987 279 IOANNIS
1024 233 1541 279 SARESBERIENSIS
1647 233 1758 295 [mn.
1772 245 1872 278 vm>

398 355 640 399 secundum
659 370 836 399 carnem
856 355 1053 399 tradunt.
1113 355 1379 413 Duplicique
1397 355 1675 413 urgebantur
1693 354 1869 398 inuidia

396 425 538 468 ueluti
559 425 636 482 qui
656 440 711 468 ex
731 439 892 483 genere
912 424 1061 468 Dauid
1087 428 1132 468 et
1156 440 1213 468 ex
1238 425 1379 482 ipsius
1409 424 1578 468 Christi
1607 425 1865 482 propinqui—

366 527 368 530 ·
395 498 491 538 tate
510 495 838 539 descenderant.
896 494 1021 548 Quae
1041 494 1288 552 Egesippus
1306 509 1387 552 per
1406 494 1604 537 ordinem
1625 494 1695 538 his
1717 494 1867 537 uerbis

397 563 560 607 refert:
589 564 749 608 Adhuc
779 566 929 607 autem
954 564 1168 607 uiuebant
1197 563 1378 620 quidam
1405 563 1460 606 de
1486 563 1654 607 carnali
1684 563 1866 607 Domini

398 633 540 677 nostri
574 649 735 691 genere
773 637 956 691 nepotes
990 633 1129 676 Iudae
1164 632 1259 676 eius
1291 632 1368 690 qui
1408 633 1648 676 secundum
1689 647 1866 676 carnem
1886 644 1909 679 5.

399 702 542 746 frater
571 703 751 746 Domini
781 703 970 754 dicitur;
1000 717 1110 760 quos
1140 702 1321 759 quidam
1351 702 1609 745 detulerunt
1637 706 1868 759 tamquam

398 787 455 815 ex
476 772 624 815 Dauid
643 773 782 830 stirpe
802 773 1040 816 uenientes.
1083 772 1179 815 Hos
1207 771 1388 828 quidam
1409 772 1658 815 Reuocatus
1677 772 1869 822 nomine,

401 842 478 899 qui
498 842 546 884 in
566 842 648 886 hoc
669 843 829 886 missus
849 842 1009 894 fuerat,
1025 841 1229 899 perducit
1243 841 1300 884 ad
1320 841 1628 884 Domitianum
1649 840 1868 886 Cesarem.

400 912 520 954 Nam
552 915 598 955 et
629 912 722 970 ipse
755 911 1026 955 formidabat
1060 911 1115 955 de
1148 911 1347 954 aduentu
1377 909 1560 962 Christi,
1589 910 1705 954 sicut
1739 913 1785 954 et
1818 910 1868 953 in

398 981 528 1025 initio
550 981 758 1024 Herodes.
819 981 1092 1039 Interrogati
1111 995 1217 1038 ergo
1236 995 1264 1022 a
1290 980 1547 1024 Domitiano
1573 981 1612 1023 si
1639 983 1786 1024 essent
1811 995 1867 1024 ex
1887 995 1930 1020 10

399 1050 573 1093 familia
593 1050 753 1102 Dauid,
773 1050 962 1094 confessi
985 1053 1102 1093 sunt.
1162 1050 1286 1093 Tunc
1315 1050 1538 1107 quaesiuit
1567 1049 1747 1107 quantis
1769 1064 1868 1107 pos-
1922 1039 1926 1043 ¹

400 1119 667 1163 sessionibus
687 1120 759 1163 uel
780 1120 959 1177 quantis
980 1119 1271 1163 facultatibus
1292 1123 1438 1163 essent
1456 1119 1660 1177 praediti.
1718 1120 1782 1163 At
1801 1118 1868 1162 illi

260 1203 335 1243 791
354 1202 384 1231 a
403 1189 724 1246 responderunt
740 1190 857 1246 quod
870 1189 1071 1246 utrisque
1083 1204 1171 1232 non
1185 1189 1376 1246 amplius
1397 1193 1512 1232 esset
1531 1189 1579 1231 in
1591 1188 1719 1232 bonis
1735 1203 1869 1246 quam

354 2102 383 2141 b

401 1273 560 1302 nouem
574 1258 753 1301 milibus
769 1259 1050 1301 denariorum
1066 1273 1122 1302 ex
1138 1258 1299 1315 quibus
1313 1258 1502 1316 singulis
1513 1258 1659 1302 media
1670 1273 1774 1316 pars
1788 1272 1870 1315 pro

400 1327 602 1384 portione
623 1327 867 1371 deberetur.
927 1326 1084 1385 Neque
1104 1327 1211 1371 haec
1231 1327 1317 1370 sibi
1344 1327 1392 1370 in
1412 1328 1600 1385 pecunia
1618 1327 1871 1379 subsistere,
1891 1341 1929 1376 15

399 1397 475 1440 sed
491 1398 536 1440 in
551 1397 830 1440 estimatione
847 1400 1003 1450 terrae,
1016 1412 1128 1455 quae
1145 1397 1208 1441 eis
1223 1400 1337 1441 esset
1349 1398 1396 1440 in
1412 1397 1710 1455 quadraginta
1722 1396 1870 1440 minus

401 1482 489 1510 uno
504 1467 656 1524 iugere
671 1467 926 1518 constituta,
941 1482 1020 1524 per
1035 1482 1168 1524 quam
1185 1467 1278 1510 suis
1290 1482 1386 1510 eam
1403 1467 1608 1511 manibus
1620 1466 1873 1510 excolentes

399 1536 471 1579 uel
492 1536 577 1593 ipsi
597 1536 823 1579 alerentur
842 1536 915 1579 uel
934 1536 1107 1580 tributa
1133 1536 1441 1594 dependerent.
1502 1536 1647 1579 Simul
1667 1539 1713 1579 et
1731 1539 1869 1579 testes

398 1606 560 1649 ruralis
594 1609 640 1649 et
668 1606 817 1648 diurni
847 1606 992 1663 operis
1020 1620 1179 1649 manus
1208 1605 1357 1649 labore
1387 1605 1554 1663 rigidas
1583 1609 1629 1649 et
1651 1605 1762 1649 calle
1790 1606 1875 1649 ob-¹

397 1674 581 1718 duratas
610 1674 931 1733 praeferebant.
1003 1674 1276 1732 Interrogati
1306 1689 1413 1718 uero
1443 1675 1497 1718 de
1527 1674 1707 1719 Christo
1737 1674 1868 1732 quale
1888 1690 1933 1715 ιο

399 1745 458 1787 sit
478 1759 664 1802 regnum
685 1744 780 1787 eius
799 1744 871 1787 uel
888 1744 986 1802 quis
1002 1744 1095 1802 ipse
1115 1748 1195 1788 aut
1215 1744 1333 1787 unde
1352 1747 1432 1787 aut
1445 1744 1622 1801 quando
1638 1747 1867 1795 uenturus,

400 1814 722 1871 responderunt
750 1813 868 1871 quod
898 1829 987 1857 non
1018 1814 1150 1857 huius
1171 1813 1325 1856 mundi
1350 1828 1535 1871 regnum
1563 1827 1706 1870 neque
1735 1814 1870 1857 huius

402 1890 545 1927 terrae
566 1884 606 1927 ei
633 1883 891 1942 designetur
910 1884 1157 1942 imperium,
1177 1883 1254 1927 sed
1273 1883 1432 1927 celeste
1452 1883 1492 1927 ei
1513 1898 1593 1941 per
1611 1884 1868 1942 angelorum

401 1953 650 1997 ministeria
687 1956 1000 2011 praeparatum
1057 1953 1234 2010 quando
1285 1953 1452 1996 scilicet
1494 1954 1770 1998 aduenturus
1820 1954 1869 1997 in

400 2023 543 2081 gloria
572 2022 627 2066 de
656 2023 775 2066 uiuis
804 2037 857 2066 ac
886 2022 1075 2066 mortuis
1104 2022 1319 2066 iudicabit
1339 2026 1385 2066 et
1405 2023 1611 2066 restituet
1631 2023 1870 2081 unicuique
1890 2040 1931 2075 ²5

402 2104 483 2150 pro
504 2091 636 2136 factis
656 2094 702 2135 et
722 2091 892 2135 meritis
912 2092 1015 2135 suis.
1075 2092 1145 2134 Ad
1167 2092 1274 2135 haec
1301 2091 1594 2143 Domitianus,
1615 2107 1715 2136 cum
1736 2092 1784 2135 in
1804 2092 1868 2137 eis

403 2161 538 2205 nichil
562 2162 760 2206 criminis
780 2161 1002 2205 inueniret
1022 2164 1068 2205 et
1088 2162 1308 2205 uilitatem
1338 2176 1488 2205 eorum
1517 2177 1649 2219 quam
1677 2162 1870 2207 maxime

403 2234 746 2289 contempneret,
766 2230 888 2274 abire
908 2245 981 2274 eos
1000 2230 1161 2274 liberos
1182 2231 1322 2275 iussit.
1365 2230 1486 2274 Haec
1507 2230 1571 2273 illi
1588 2245 1596 2283 ;
1627 2246 1684 2275 ex
1710 2231 1872 2289 quibus

403 2303 527 2358 patet
547 2300 665 2358 quod
685 2315 774 2343 non
795 2314 850 2343 ex
871 2300 1221 2351 mansuetudine,
1242 2316 1354 2358 quae
1375 2300 1500 2344 decet
1519 2301 1774 2358 principem,
1794 2301 1871 2345 sed

404 2370 525 2414 fastu
554 2370 690 2428 impio
715 2384 743 2413 a
769 2368 994 2412 nonnullis
1020 2369 1217 2412 fidelium
1244 2370 1521 2414 crudelitatis
1548 2385 1653 2414 suae
1672 2370 1931 2419 cohibuit'so

405 2440 583 2483 rabiem.
663 2439 711 2483 Si
743 2453 847 2496 ergo
877 2438 933 2481 ad
964 2441 1136 2481 tantam
1168 2440 1437 2496 paucitatem
1478 2443 1524 2483 et
1563 2443 1871 2497 paupertatem

402 2523 543 2566 genus
564 2508 710 2566 regale
729 2508 968 2551 deductum
988 2510 1056 2551 est
1076 2511 1128 2550 ut
1148 2511 1362 2565 regnante
1384 2509 1640 2552 Domitiano
1659 2508 1713 2552 de
1733 2509 1872 2567 stirpe

404 2632 424 2659 2
451 2622 564 2658 dauid
612 2633 723 2659 encre
741 2621 766 2658 S
922 2629 940 2668 5
967 2620 1047 2658 eius
1064 2620 1174 2658 iudae
1193 2621 1231 2657 M
1391 2632 1404 2659 1
1457 2623 1583 2660 essent
1599 2622 1673 2659 AM
1828 2633 1871 2669 14

404 2670 442 2706 ix
459 2669 555 2706 CBA
774 2678 815 2714 14
868 2679 927 2705 arn
945 2668 1069 2706 media
1086 2669 1110 2704 S
1281 2671 1323 2707 16
1348 2669 1387 2705 xl
1404 2633 1493 2706 (3138
1669 2672 1714 2707 26
1738 2670 1815 2707 suis
1832 2673 1872 2707 et

405 2717 547 2754 meritis
565 2717 596 2753 A
739 2726 782 2761 27
811 2727 849 2753 ux
870 2715 1019 2763 'tatemj
1038 2715 1247 2754 utilitatem
1267 2716 1304 2753 M
1449 2720 1494 2755 28
1518 2719 1781 2755 contemneret
1797 2717 1858 2755 CB

405 2873 431 2911 F
455 2837 466 2863 1
500 2827 737 2909 ssuplu'cu'que:
764 2828 892 2874 quique
907 2826 1048 2872 duplici
1064 2825 1148 2862 Rus.
1337 2828 1380 2864 28
1406 2828 1485 2863 itti:
1512 2838 1559 2864 ec.
1579 2826 1813 2875 Hegeaippu·
1831 2828 1872 2865 et

419 2886 499 2912 ,une
529 2886 596 2910 nun.

513 2945 580 2989 368
