1988 3250
245 251 331 301 674
349 248 379 290 d
707 243 908 288 IOANN
910 244 970 288 IS
1011 242 1528 288 SARESBERIENSIS
1667 241 1782 303 [ΗΒ.
1796 253 1869 288 vn

394 365 543 410 minus
574 365 653 410 illa
682 365 1093 423 comprehendatur,
1114 368 1160 408 et
1191 380 1280 422 quo
1309 365 1440 422 plura
1469 364 1792 423 concipiuntur,
1813 377 1865 408 eo

394 436 598 493 pluribus
609 436 731 479 locus
743 438 822 487 est,
837 436 933 479 luce
949 435 1111 479 clarius
1126 437 1194 478 est
1209 434 1315 491 quia
1327 449 1397 477 res
1409 434 1648 492 corporalis
1659 435 1867 484 animam,

395 519 510 562 quae
536 505 720 563 spiritus
743 509 822 558 est,
843 505 1026 563 implere
1051 520 1141 548 non
1168 507 1338 561 potest;
1379 506 1502 547 totus
1527 504 1646 548 enim
1674 503 1870 546 mundus

394 579 612 632 angustus
641 578 709 619 est
733 575 791 618 ad
817 575 991 618 animae
1019 574 1329 632 quantitatem.
1390 573 1460 615 Ex
1484 588 1572 631 quo
1598 577 1724 631 patet
1749 571 1869 630 quod

396 645 444 687 in
465 659 516 688 eo
535 648 631 688 toto
651 645 802 687 anima
821 659 911 688 non
931 644 1129 702 quiescit,
1145 643 1231 685 nisi
1252 643 1370 686 forte
1390 643 1438 685 in
1458 646 1649 701 angusto
1668 642 1867 686 clausum
1889 656 1908 691 5

394 714 620 771 ergastulo
651 714 791 771 spinis
823 714 1063 772 subpositis
1090 713 1375 756 incubantem
1403 712 1621 770 Epicurus
1647 712 1870 770 quiescere

394 783 589 826 molliter
617 784 838 841 opinatur.

397 907 504 966 Cap.
528 921 594 963 17.
623 909 688 952 De
714 909 972 960 ambitione,
995 913 1034 953 et
1060 909 1181 965 quod
1205 908 1439 965 cupiditas
1462 908 1710 952 stultitiam
1732 907 1869 952 comi-

512 983 640 1022 tatur
646 998 664 1029 ;
693 984 734 1023 et
754 980 858 1036 quis
877 980 936 1023 sit
957 983 1082 1023 ortus
1101 978 1390 1029 tirannidi&
1421 983 1461 1022 et
1480 980 1534 1023 de
1552 978 1752 1023 diuersis
1770 977 1870 1022 uiis

509 1048 867 1092 ambitiosorum.
1890 1061 1931 1086 10

453 1144 686 1189 Declinare
725 1146 936 1189 nituntur
974 1146 1113 1203 aliqui
1154 1146 1237 1189 etsi
1273 1161 1363 1189 non
1397 1145 1628 1197 maculam,
1659 1145 1869 1190 odibilem

395 1218 546 1258 tamen
567 1215 784 1259 auaritiae
810 1219 989 1268 notam;
1020 1230 1123 1258 nam
1149 1219 1195 1258 et
1223 1216 1281 1258 ab
1308 1215 1465 1259 alienis
1490 1216 1703 1259 uidentur
1731 1214 1869 1258 absti-

242 1289 327 1338 675
347 1298 377 1327 a
395 1299 499 1328 nere
526 1287 572 1328 et
595 1285 698 1335 suis,
718 1300 819 1328 cum
847 1300 917 1328 res
947 1285 1156 1342 exposcit,
1176 1285 1313 1328 libere
1340 1285 1409 1328 uti
1435 1285 1583 1343 parati
1613 1288 1731 1328 sunt.
1792 1284 1870 1328 Eis

395 1357 546 1397 tamen
580 1354 635 1398 de
667 1354 792 1398 fonte
827 1355 1222 1398 malorum'oritur
1250 1355 1437 1398 alicuius
1466 1354 1570 1398 uitii
1604 1369 1720 1398 uena
1754 1369 1869 1411 quae

394 1423 575 1467 semitas
601 1439 752 1467 eorum
780 1439 807 1467 a
836 1424 1017 1467 tramite
1047 1439 1179 1467 uerae
1208 1424 1438 1468 felicitatis
1465 1424 1681 1468 deflectat.
1741 1423 1868 1468 Sicut
1888 1445 1929 1479 15

394 1493 512 1535 enim
533 1493 580 1535 in
600 1497 698 1537 orto
718 1493 974 1536 deliciarum
995 1493 1050 1536 de
1070 1509 1159 1536 uno
1180 1493 1304 1537 fonte
1323 1493 1530 1537 oriuntur
1548 1493 1735 1536 fiumina
1754 1507 1868 1551 quae

395 1562 638 1606 fecundant
656 1563 908 1606 suauissimi
929 1563 1076 1606 odoris
1103 1578 1260 1621 agrum
1286 1563 1358 1607 cui
1379 1563 1597 1606 Dominus
1626 1562 1869 1614 benedixit,

393 1632 456 1675 sic
486 1632 533 1675 in
565 1632 658 1676 loco
690 1633 885 1675 horroris
916 1636 961 1676 et
995 1637 1150 1675 uastae
1182 1633 1447 1684 solitudinis,
1467 1633 1515 1675 in
1547 1636 1668 1676 terra
1701 1633 1869 1676 scilicet

392 1701 629 1745 obliuionis
668 1717 802 1759 quam
842 1702 907 1744 illi
948 1702 1204 1745 inhabitant
1239 1703 1315 1759 qui
1350 1702 1420 1745 sui
1459 1703 1785 1746 obliuiscuntur
1818 1702 1867 1746 in

393 1771 560 1814 mundo
579 1771 713 1815 uelud
733 1771 940 1829 stupidus
961 1772 1165 1815 ludorum
1188 1772 1390 1815 uanitate
1415 1775 1573 1829 captus
1600 1772 1647 1815 in
1675 1772 1865 1826 theatro,
1885 1789 1929 1815 ao

393 1841 519 1898 quasi
540 1841 594 1884 de
615 1840 739 1884 fonte
759 1856 849 1884 uno
868 1841 1065 1884 omnium
1086 1841 1310 1899 pullulant
1330 1842 1477 1899 capita
1491 1842 1716 1885 uitiorum.
1778 1842 1867 1887 Hic

393 1914 542 1953 autem
563 1914 725 1968 puteus
745 1911 1004 1968 cupiditatis
1031 1915 1123 1964 est;
1154 1926 1250 1954 eam
1278 1926 1384 1954 uero
1411 1911 1473 1954 sic
1497 1915 1675 1969 patrum
1703 1911 1867 1955 diffinit

393 1980 635 2023 auctoritas
655 1983 707 2023 ut
727 1980 902 2023 dicatur
925 1981 1146 2038 cupiditas
1177 1996 1269 2023 esse
1298 1996 1422 2024 amor
1449 1996 1600 2023 eorum
1625 1996 1738 2038 quae
1765 1981 1866 2039 quis

393 2049 600 2093 amittere
621 2053 767 2107 potest
787 2050 968 2093 inuitus.
1015 2050 1221 2094 Sociatur
1236 2050 1275 2093 ei
1293 2050 1488 2093 stultitia
1502 2065 1658 2104 comes,
1674 2051 1865 2095 suadens

394 2119 439 2161 id
461 2118 600 2161 amari
622 2123 667 2162 et
688 2119 840 2176 quaeri
869 2119 985 2176 quod
1013 2119 1154 2162 teneri
1183 2134 1271 2162 non
1299 2123 1468 2177 potest;
1498 2123 1543 2163 et
1570 2129 1638 2163 est
1667 2120 1864 2164 stultitia
1883 2138 1924 2174 ²5

345 2198 374 2236 b
393 2203 544 2232 eorum
566 2203 678 2245 quae
698 2188 876 2231 scienda
895 2193 1001 2232 sunt
1021 2189 1184 2232 uitiosa
1204 2189 1468 2247 ignorantia.
1529 2189 1603 2234 Sic
1631 2205 1728 2233 eam
1753 2190 1865 2234 liber

394 2320 414 2356 3
441 2309 544 2347 enim
561 2321 629 2346 om.
652 2309 691 2345 M
859 2310 883 2346 6
908 2308 1113 2355 suppositis
1131 2308 1198 2344 ΒΑ
1369 2319 1417 2346 20
1444 2308 1552 2346 uelut
1569 2308 1643 2345 AM
1820 2319 1862 2347 21

392 2356 523 2405 capita
539 2356 730 2404 pullulant
747 2356 787 2392 M
931 2365 972 2403 25
1002 2356 1040 2393 id
1059 2368 1127 2393 om.
1146 2357 1184 2393 M

439 2477 462 2512 ⁴
512 2469 656 2502 animae
696 2469 954 2514 quantitatem:
1005 2465 1060 2502 De
1103 2466 1325 2512 quantitate
1368 2466 1520 2504 animae
1563 2479 1657 2512 opus
1700 2467 1864 2506 confecit

392 2514 648 2561 Augustinus:
676 2526 707 2549 v.
728 2513 853 2561 Migne
871 2515 910 2551 P.
928 2515 969 2550 L.
993 2513 1107 2549 xxxii.
1131 2523 1218 2560 1035
1234 2526 1335 2560 seqq.
1508 2524 1559 2561 15,
1583 2516 1624 2552 16
1650 2517 1865 2553 sicutenim

392 2565 487 2599 ete:
515 2574 546 2597 v.
564 2563 656 2598 (len.
678 2561 715 2597 ii.
740 2572 792 2598 ιο.
941 2563 981 2598 16
1007 2563 1245 2598 deliciarum:
1274 2573 1306 2598 v.
1327 2560 1462 2598 Ezech.
1481 2562 1609 2600 xxviii.
1631 2573 1684 2609 13.
1820 2572 1862 2609 17

390 2612 511 2646 odoris
527 2613 624 2646 eta:
654 2621 684 2645 v.
705 2610 797 2645 (len.
819 2608 929 2645 xxvii.
949 2618 1004 2652 27.
1201 2611 1239 2645 18
1270 2611 1306 2644 in
1326 2612 1398 2646 luco
1416 2613 1486 2647 etc.
1505 2623 1512 2646 ε
1540 2610 1650 2647 Dent.
1667 2610 1783 2648 xxxii.
1807 2622 1863 2649 10.

395 2659 450 2698 18,
473 2667 514 2703 19
540 2659 579 2692 in
597 2663 693 2692 terra
711 2658 923 2692 ohlim'onfs:
953 2656 1008 2691 l’u.
1029 2655 1183 2693 lxxxvii.
1207 2667 1257 2702 ¹3·
1436 2668 1480 2703 23
1507 2660 1689 2704 cupiditas
1705 2661 1803 2697 eta:
1828 2670 1861 2696 v.

391 2705 477 2750 Aug
505 2706 547 2739 de
569 2705 646 2740 Lib.
676 2706 760 2740 Art».
788 2704 813 2741 i.
842 2714 858 2751 5
881 2703 897 2749 ξ
923 2714 965 2739 10
983 2703 1129 2749 (Migne
1158 2706 1194 2739 1’.
1224 2706 1264 2740 1,.
1293 2704 1407 2740 xxxii.
1431 2707 1548 2750 1227).
1743 2715 1797 2753 25,
1818 2708 1863 2744 26

389 2753 545 2787 stultitia
562 2764 682 2786 mrum
700 2758 795 2788 cm:
824 2764 855 2787 v.
877 2750 970 2796 Aug.
989 2751 1035 2786 (le
1052 2751 1128 2788 mh.
1144 2752 1230 2787 Art».
1250 2751 1302 2787 iii.
1323 2763 1366 2796 24
1386 2750 1457 2796 §71
1477 2752 1623 2798 (Migne
1636 2754 1676 2790 P.
1690 2754 1731 2789 L.
1746 2753 1864 2792 xxxii.

394 2800 522 2845 1306);
550 2811 660 2845 quem
680 2798 801 2836 locum
831 2801 957 2835 tamen
986 2810 1118 2844 parum
1146 2802 1322 2835 accurate
1347 2800 1441 2836 citat
1469 2799 1649 2842 loannes:
1676 2800 1732 2837 ait
1759 2800 1863 2838 enim

390 2846 624 2893 Augustinus
639 2859 646 2883 :
677 2848 740 2882 Eat
758 2848 852 2882 em‘m
869 2847 1025 2882 statutio
1043 2859 1163 2883 rerum
1181 2849 1467 2893 appetendarum
1485 2853 1516 2884 et
1535 2850 1773 2886 uitandarum
1789 2860 1865 2887 non

390 2895 562 2942 quaelibet
578 2896 639 2931 ned
656 2896 788 2931 uttiooa
806 2895 1025 2941 ignorantia.

503 2965 568 3000 160
