1988 3250
218 199 307 246 693
327 207 353 237 c
699 196 963 240 IOANNIS
1003 194 1518 240 SARESBERIENSIS
1637 193 1748 254 [Lm.
1763 205 1834 237 vn

374 315 586 359 audacter
611 315 882 373 promittunt
901 315 1078 358 ueniam
1099 329 1150 358 eo
1171 314 1301 370 quod,
1321 313 1436 357 sicut
1455 328 1571 370 aqua
1591 314 1750 372 ignem,
1771 313 1837 356 ita

375 385 612 428 elemosina
625 388 853 442 peccatum
869 383 1105 440 extinguit.
1141 383 1392 426 Penitentia
1407 397 1579 439 quoque
1594 396 1837 439 numquam

375 469 473 497 sera
493 457 572 505 est,
593 454 631 497 si
651 457 801 497 tamen
822 467 940 496 uera.
1000 451 1296 496 Consentiunt
1323 466 1427 509 ergo
1452 452 1648 495 moribus
1672 451 1838 508 iniquis

375 527 432 574 et,
444 524 701 580 popularem
716 525 1007 580 prouocantes
1020 521 1296 564 affectionem
1312 521 1696 574 assentationibus,
1708 521 1836 564 obtu-

376 595 479 635 rant
499 607 627 636 aures
646 592 876 636 hominum
900 606 955 634 ne
982 591 1303 648 increpationes
1322 591 1508 634 audiant
1527 591 1837 648 praelatorum.
1858 609 1878 643 5

375 662 448 704 Ad
475 662 582 706 haec
611 661 885 705 rumusculos
913 661 1157 717 inquirunt,
1181 660 1448 703 tumultibus
1474 660 1683 717 gaudent,
1709 659 1839 702 dissi-

376 730 576 774 dentium
605 733 773 774 secreta
803 730 1037 786 explorant
1066 732 1112 772 et
1141 729 1293 772 eadem
1323 743 1440 773 nunc
1469 729 1528 772 ad
1557 729 1719 772 amicos
1742 742 1841 785 per-

377 799 540 852 ferunt,
555 815 674 843 nunc
687 800 745 842 ad
760 800 920 849 hostes,
932 799 1132 856 utrisque
1151 799 1282 856 grati,
1295 798 1496 855 utrisque
1515 798 1683 855 perfidi,
1699 797 1842 855 magis

378 873 528 912 tamen
555 870 613 912 ad
637 869 724 912 ista
757 869 969 911 uidentur
998 867 1143 910 idonei
1174 868 1279 924 quia
1308 869 1365 911 ab
1394 867 1588 926 imagine
1618 867 1843 925 religionis

335 943 366 984 <1
382 939 528 981 minus
562 939 783 981 habentur
818 937 1018 994 suspecti.
1079 937 1198 989 Quid
1231 938 1280 979 in
1309 937 1489 994 palatio,
1519 936 1627 993 quid
1655 937 1704 978 in
1734 935 1843 988 foro,
1864 951 1906 976 ιο

382 1008 489 1065 quid
509 1008 556 1050 in
576 1008 695 1065 agris
716 1007 934 1064 expediat,
956 1006 1062 1063 quid
1083 1007 1129 1048 in
1150 1007 1318 1059 castris,
1339 1007 1421 1050 soli
1445 1006 1687 1049 creduntur
1705 1019 1844 1055 nosse,

380 1078 486 1135 quia
515 1078 724 1120 uniuersa
753 1078 860 1119 haec
890 1091 995 1133 prae
1024 1076 1181 1119 ceteris
1215 1077 1428 1119 uidentur
1456 1090 1610 1120 curare
1640 1075 1717 1132 qui
1746 1074 1846 1118 istis

381 1146 544 1203 iugiter
570 1146 883 1189 immiscentur.
944 1144 993 1187 Si
1021 1145 1289 1188 conueniant
1315 1148 1464 1202 patres
1492 1145 1540 1186 in
1567 1144 1700 1195 curia,
1727 1144 1846 1187 ciues

381 1215 428 1256 in
461 1214 572 1268 foro,
604 1214 768 1257 milites
799 1214 846 1256 in
881 1213 1175 1270 expeditione,
1209 1214 1247 1256 si
1277 1214 1466 1270 denique
1498 1213 1732 1257 concilium
1766 1215 1847 1255 aut

381 1284 578 1341 synodus
604 1286 879 1333 conuocetur‚
905 1283 1186 1339 praecipuam
1216 1283 1387 1326 sedium
1416 1286 1588 1340 partem
1614 1296 1846 1339 praeoccu—
1867 1300 1907 1335 15

381 1353 507 1410 pabit
541 1352 792 1395 umbratilis
823 1352 911 1395 ista
950 1352 1117 1409 religio.
1177 1351 1484 1396 Claustrorum
1518 1352 1662 1395 fracta
1696 1351 1848 1395 credas

382 1423 603 1480 repagula,
625 1423 844 1465 exhausta
863 1421 1012 1464 tochia
1032 1421 1104 1464 uel
1124 1422 1408 1473 xenodochia,
1429 1424 1475 1465 et
1494 1437 1521 1464 a
1540 1422 1646 1465 locis
1665 1435 1847 1464 uenera-

383 1491 546 1534 bilibus
576 1491 782 1534 examina
809 1490 1143 1534 conuiuentium
1171 1491 1377 1534 euolasse.
1442 1491 1566 1534 Adeo
1596 1491 1775 1548 quidem
1802 1504 1849 1533 se

384 1561 610 1618 religionis
653 1561 817 1618 species
862 1560 1007 1603 turbis
1050 1563 1096 1603 et
1140 1561 1328 1618 publicis
1372 1560 1621 1618 aspectibus
1669 1560 1848 1618 ingerit.

387 1631 556 1674 Primas
594 1630 838 1681 cathedras,
877 1630 1102 1673 recubitus
1140 1630 1317 1687 primos,
1355 1630 1521 1687 primas
1559 1630 1850 1673 salutationes
1870 1652 1914 1676 ιο

386 1703 604 1757 usurpant
625 1703 682 1752 et,
698 1700 735 1742 si
749 1714 823 1742 eas
838 1714 926 1742 non
942 1699 1128 1752 deferas,
1143 1699 1527 1743 uehementissime
1543 1699 1849 1757 indignantur.

231 1776 319 1822 694
339 1783 368 1812 a
388 1770 436 1814 Si
477 1770 540 1813 eis
579 1769 839 1826 obloqueris,
871 1768 1097 1825 religionis
1131 1769 1336 1812 inimicus
1371 1772 1417 1812 et
1450 1769 1655 1812 ueritatis
1694 1768 1853 1812 diceris

387 1841 684 1896 impugnator.
745 1838 878 1881 Feras
907 1838 1058 1894 itaque
1082 1838 1314 1895 patienter,
1335 1837 1372 1881 si
1402 1838 1589 1881 iniurias
1619 1841 1665 1881 et
1691 1838 1854 1880 damna

387 1908 622 1952 intulerint
642 1908 718 1965 qui
739 1908 962 1951 licentiam
984 1908 1181 1950 omnium
1202 1908 1442 1965 apostolica
1462 1910 1507 1951 et
1521 1908 1645 1965 regia
1663 1908 1853 1951 auctori-

388 1982 482 2022 tate
502 1978 745 2035 optinuisse
767 1978 999 2030 uidentur3
1029 1992 1132 2020 nam
1160 1981 1205 2021 et
1232 1978 1314 2021 hoc
1340 1978 1511 2020 meritis
1531 1992 1682 2020 eorum
1702 1977 1852 2020 deberi
1873 1998 1914 2032 25

388 2047 595 2092 creditur.
656 2047 772 2090 Sane
804 2047 881 2103 qui
916 2047 1085 2090 resistit
1118 2046 1342 2104 potestati,
1372 2046 1455 2090 Dei
1485 2046 1756 2090 ordinationi
1789 2061 1854 2090 re-

389 2117 532 2169 sistit3
577 2130 656 2159 nec
698 2131 779 2173 ego
817 2116 1082 2173 apostolicae
1126 2116 1349 2159 maiestati
1390 2120 1436 2160 et
1473 2116 1622 2174 regiae
1662 2116 1857 2160 arbitror

390 2186 710 2231 reluctandum.
782 2186 920 2228 Miror
970 2189 1132 2236 tamen,
1180 2189 1234 2229 ut
1289 2186 1486 2229 fidelium
1535 2200 1641 2243 pace
1690 2185 1858 2243 loquar,

391 2256 603 2314 quidnam
638 2255 698 2298 sit
734 2255 851 2311 quod
887 2255 1078 2298 decimas
1113 2258 1158 2298 et
1192 2255 1291 2298 iura
1330 2255 1476 2298 aliena
1515 2270 1729 2313 usurpare
1767 2270 1858 2299 non

392 2325 684 2370 erubescunt?
762 2324 974 2381 Inquient
1023 2324 1162 2368 forte:
1223 2324 1433 2382 Religiosi
1485 2339 1650 2369 sumus.
1724 2325 1859 2368 Plane
1877 2343 1923 2378 30

391 2477 425 2511 4,
447 2474 464 2512 5
491 2464 718 2511 optumntA
748 2510 755 2518 .
891 2462 1069 2510 ymagine
1088 2463 1127 2499 M
1174 2510 1180 2517 Ι
1248 2473 1288 2510 ¹5
1316 2462 1469 2501 sinodus
1485 2463 1518 2500 A
1639 2473 1680 2509 17
1705 2463 1863 2501 thochia

393 2512 452 2608 258
463 2509 827 2596 obtiffiigtgoglfiighf
863 2510 920 2548 As
1074 2521 1114 2548 21
1144 2510 1295 2548 differas
1313 2511 1350 2546 M
1505 2521 1550 2558 23
1576 2511 1744 2559 dampna
1761 2511 1859 2549 ASM

446 2698 461 2723 1
488 2688 578 2722 sicut
594 2698 690 2732 aqua
708 2687 800 2721 etc:
827 2695 857 2719 v.
872 2682 976 2721 Eccli
991 2683 1044 2720 iii.
1059 2693 1115 2738 33.
1277 2693 1318 2729 17
1345 2686 1484 2722 tochia:
1511 2684 1536 2721 i.
1549 2696 1580 2722 e.
1594 2686 1752 2732 ptochia,
1766 2697 1862 2732 quae

396 2735 527 2771 domu·
553 2735 664 2770 erant
693 2743 901 2779 pauperum
930 2730 1094 2786 hospitio
1121 2731 1348 2779 deputatam
1384 2745 1416 2769 v.
1445 2732 1505 2769 Du
1530 2733 1658 2780 Gange
1688 2732 1756 2770 sub
1786 2745 1863 2771 voc.

396 2783 611 2836 2otl‘ro'mas
627 2783 697 2817 etc.
714 2791 722 2816 :
750 2791 781 2818 v.
801 2779 909 2816 Matt.
927 2790 1032 2817 xxm.
1048 2780 1083 2825 6,
1102 2788 1134 2824 7.
1335 2781 1380 2817 26
1405 2783 1468 2827 qui
1484 2782 1617 2817 resistit
1634 2783 1730 2819 etc.:
1758 2780 1863 2819 Rom.

397 2840 475 2866 xm.
495 2839 525 2865 2.

512 2906 573 2953 19⁶
