1988 3250
267 220 403 260 660c

373 349 398 378 C

369 1119 399 1160 d

267 2058 347 2098 661
366 2067 397 2097 a

752 216 1014 261 IOANNIS
1055 215 1571 261 SARESBERIENSIS
1693 216 1808 272 [ΜΒ.
1828 226 1902 260 vn

418 337 668 395 Pitagorici‚
688 337 957 390 audiantur;
997 337 1104 380 dum
1134 337 1319 388 animas,
1343 351 1454 393 quas
1480 336 1528 378 in
1554 335 1696 380 celum
1726 351 1886 379 euexe-

414 411 534 458 runt,
561 407 801 450 retrudunt
827 407 875 449 in
899 421 1083 464 corpora
1109 406 1364 457 bestiarum,
1391 405 1619 463 iuguletur
1647 406 1719 449 uel
1747 405 1886 449 Plato.

416 476 535 519 Nam
554 476 603 519 in
623 491 673 519 eo
695 477 948 534 Pitagoram
970 475 1103 518 nimis
1131 478 1308 518 secutus
1329 477 1396 517 est
1417 474 1534 531 quod
1554 475 1669 518 sicut
1688 477 1887 518 mortuos

416 560 472 588 ex
492 546 622 596 uiuis,
642 546 708 588 ita
733 560 789 588 ex
815 545 1004 588 mortuis
1030 544 1248 601 reciproce
1273 544 1403 586 uiuos
1431 543 1528 586 fieri
1557 544 1708 587 docuit
1737 547 1783 587 et
1808 558 1888 601 per

414 615 542 658 uaria
561 630 744 672 corpora
763 629 844 672 pro
864 629 1037 657 morum
1059 613 1276 670 qualitate
1296 613 1499 671 migrare.
1558 614 1686 656 Vnde
1705 613 1843 656 illud:
1906 630 1925 664 ⁵

531 707 633 764 Ipse
663 722 756 764 ego,
785 722 889 749 nam
920 705 1112 756 memini,
1143 700 1323 749 Troiani
1353 709 1551 763 tempore
1579 705 1684 748 belli

533 765 770 808 Pantoides
801 764 1026 807 Euforbus
1057 779 1189 814 eram,
1220 764 1292 807 cui
1322 767 1498 821 pectore
1528 763 1628 807 leuo

531 824 676 867 haesit
704 824 762 867 ab
791 823 978 866 aduerso
1008 822 1160 880 grauis
1190 823 1320 865 hasta
1349 821 1534 865 minoris
1563 821 1760 865 Atridae.

415 913 489 958 Sic
509 929 614 972 ergo
634 915 842 972 legantur
855 916 908 957 ut
924 913 1166 957 auctoritas
1181 929 1271 957 non
1285 913 1559 971 praeiudicet
1573 913 1752 966 rationi3
1782 927 1887 955 nam

415 986 460 1026 et
489 984 644 1034 urtica,
675 984 782 1026 dum
812 998 913 1026 rosa
942 983 1117 1040 legitur,
1148 983 1412 1039 quandoque
1446 997 1628 1025 manum
1660 981 1887 1039 tangentis
1907 997 1949 1022 10

415 1053 521 1096 urit.
572 1053 804 1110 Sapientia
824 1052 1041 1110 siquidem
1058 1052 1158 1095 fons
1179 1052 1361 1110 quidam
1382 1055 1450 1095 est
1470 1052 1524 1095 de
1545 1066 1632 1109 quo
1653 1051 1887 1109 egrediun-

417 1124 494 1165 tur
526 1122 712 1165 flumina
751 1137 864 1179 quae
903 1122 1095 1179 irrigant
1131 1136 1306 1165 omnem
1342 1124 1519 1172 terram,
1548 1125 1594 1164 et
1633 1136 1723 1164 non
1757 1120 1889 1164 modo

415 1195 563 1235 ortum
598 1192 856 1236 deliciarum
890 1192 1070 1234 diuinae
1105 1191 1295 1249 paginae
1335 1191 1508 1248 replent
1543 1191 1620 1234 sed
1655 1191 1790 1234 etiam
1829 1189 1888 1233 ad

414 1264 570 1319 gentes
590 1264 904 1319 pertranseunt
924 1264 976 1304 ut
996 1276 1076 1304 nec
1095 1261 1230 1304 etiam
1248 1261 1513 1318 Ethiopibus
1530 1261 1710 1304 omnino
1725 1259 1885 1304 desint.

414 1330 526 1374 Inde
546 1335 653 1374 sunt
671 1331 817 1373 floridi
837 1330 1083 1374 redolentes
1103 1333 1149 1373 et
1169 1330 1392 1374 fructiferi
1418 1331 1619 1388 gentium
1646 1330 1746 1380 orti,
1776 1344 1887 1387 quos
1906 1345 1948 1380 15

413 1400 451 1442 si
492 1399 608 1443 forte
648 1399 838 1457 simplex
878 1399 1016 1443 lector
1054 1399 1316 1457 ingreditur,
1355 1415 1528 1457 semper
1566 1399 1727 1458 poetici
1767 1399 1888 1443 illius

414 1469 690 1512 meminerit:

497 1584 500 1587 ·
533 1561 622 1614 Qui
651 1561 801 1619 legitis
830 1561 960 1604 flores
990 1564 1036 1604 et
1065 1561 1190 1604 humi
1220 1561 1448 1604 nascentia
1476 1560 1615 1618 fraga,

531 1618 735 1678 frigidus,
764 1634 791 1662 o
819 1619 959 1677 pueri,
989 1619 1134 1677 fugite
1163 1619 1279 1672 hinc,
1308 1619 1419 1662 latet
1449 1619 1607 1677 anguis
1637 1619 1684 1661 in
1714 1619 1865 1663 herba.

415 1710 535 1754 Nam
575 1713 621 1754 et
660 1725 792 1769 poma
832 1711 1142 1768 Hesperidum,
1174 1725 1287 1768 quae
1326 1711 1458 1755 draco
1493 1711 1682 1769 peruigil
1723 1715 1885 1765 seruat,
1906 1727 1949 1752 20

413 1780 564 1823 nullus
603 1783 805 1838 asportat
844 1780 1035 1838 ignauus
1075 1783 1154 1823 aut
1197 1780 1275 1837 qui
1325 1780 1566 1838 scripturas
1615 1796 1705 1824 non
1759 1781 1886 1839 quasi

413 1850 608 1907 uigilans
628 1850 787 1908 legerit
811 1850 888 1893 sed
916 1850 1042 1908 quasi
1067 1850 1314 1893 dormitans
1343 1850 1663 1907 sompniauerit
1690 1865 1740 1894 ac
1767 1851 1805 1894 si
1829 1851 1887 1895 ad

413 1919 549 1961 finem
579 1918 866 1976 legendorum
896 1922 1028 1963 utens
1057 1918 1301 1962 calcaribus
1329 1922 1546 1976 properet.
1605 1918 1788 1963 Certum
1819 1923 1888 1965 est

415 1988 521 2045 quia
546 1988 689 2032 fidelis
718 1988 856 2032 lector
885 1992 931 2032 et
960 1988 1154 2046 prudens
1184 1990 1229 2031 et
1258 1988 1335 2045 qui
1365 1988 1527 2032 litteris
1556 2003 1612 2032 ex
1642 2004 1788 2033 amore
1818 1990 1886 2033 in·

414 2057 587 2115 uigilet,
622 2057 737 2100 uitia
775 2072 948 2114 semper
986 2057 1184 2101 excludit
1223 2061 1269 2102 et
1307 2058 1355 2100 in
1390 2057 1593 2101 omnibus
1628 2058 1797 2102 accedit
1828 2059 1885 2103 ad
1906 2072 1947 2107 25

414 2126 570 2171 uitam.
629 2126 748 2169 Hinc
778 2128 846 2170 est
875 2126 987 2169 illud
1017 2126 1209 2170 doctoris
1238 2126 1466 2170 doctorum
1497 2126 1731 2170 leronimi:
1771 2128 1887 2172 Ama

413 2196 643 2239 scientiam
674 2196 996 2253 scripturarum
1026 2198 1072 2239 et
1101 2196 1246 2240 carnis
1276 2196 1390 2239 uitia
1420 2210 1509 2239 non
1539 2196 1722 2241 amabis.

416 2350 433 2376 1
463 2337 695 2386 pithagorici
724 2337 797 2374 AM
950 2349 972 2386 3
997 2338 1239 2386 pithagoram
1268 2338 1341 2375 AM
1475 2348 1516 2387 15
1535 2338 1643 2386 quon]
1671 2340 1775 2385 Quod
1791 2340 1888 2378 CBA

415 2397 460 2433 23
487 2388 545 2423 ent
563 2398 630 2423 om.
649 2385 687 2421 M

462 2539 486 2575 6
511 2539 593 2584 Ipne
609 2549 668 2578 eqo
687 2539 780 2573 eta:
806 2535 871 2572 Ov.
891 2537 974 2573 Met.
991 2548 1049 2573 xv.
1073 2537 1245 2574 160-162.
1393 2546 1415 2573 e
1446 2547 1466 2583 7
1493 2540 1596 2575 leuo:
1622 2542 1803 2588 quondam
1821 2540 1886 2579 Ov.

416 2587 438 2623 8
462 2586 507 2621 ab
523 2597 531 2622 :
559 2586 597 2620 in
617 2573 682 2620 ὸν.
807 2594 849 2619 10
873 2586 990 2620 unica
1007 2587 1078 2621 etc.
1096 2595 1104 2620 :
1139 2586 1260 2621 νηίου
1278 2590 1405 2621 uocata
1419 2588 1513 2633 quod
1532 2592 1647 2624 tactae
1664 2591 1742 2626 eius
1757 2599 1887 2636 eorpus

415 2635 550 2669 adurae
568 2631 652 2668 laid.
680 2632 775 2676 Oro‘y.
802 2630 888 2667 xvii.
907 2643 929 2677 9
948 2630 966 2677 §
986 2643 1032 2677 44
1052 2631 1201 2686 (Migne
1226 2634 1267 2668 P.
1295 2634 1337 2668 L.
1363 2632 1492 2670 lxxxii.
1518 2636 1617 2680 629).
1768 2645 1820 2680 11,
1843 2645 1885 2673 12

414 2692 432 2715 e
457 2681 822 2733 adiuntur-flumina
839 2682 931 2715 cte:
960 2691 991 2715 v.
1009 2679 1101 2716 Gen.
1120 2691 1157 2715 n.
1184 2690 1225 2716 10
1238 2692 1338 2726 seqq.
1503 2683 1543 2717 18
1571 2683 1640 2726 Qui
1657 2682 1775 2727 leqieis
1790 2685 1885 2721 etQ:

450 2739 526 2773 erg.
551 2728 630 2763 Ecl.
656 2725 709 2762 1ii.
735 2736 792 2772 92·
821 2737 878 2772 93.
1039 2736 1086 2762 2ο
1105 2729 1266 2773 peruigil
1281 2740 1288 2763 ε
1333 2739 1364 2764 v.
1387 2727 1553 2765 Macrob.
1582 2732 1654 2765 Sat.
1681 2727 1705 2765 i.
1731 2740 1779 2766 20
1804 2729 1822 2777 ξ
1851 2741 1884 2786 3.

415 2776 471 2817 26,
491 2784 534 2819 27
562 2776 657 2811 Ama
679 2775 865 2810 cesennam
889 2776 960 2810 etc.
980 2786 988 2811 ε
1017 2773 1172 2811 Hieron.
1191 2776 1261 2821 Ep.
1280 2786 1386 2812 cxxv.
1404 2787 1434 2812 c.
1455 2786 1489 2812 ιι
1516 2776 1662 2824 (Migne
1679 2778 1718 2813 P.
1734 2778 1776 2814 L.
1794 2777 1886 2815 xxii.

418 2823 544 2867 ¹078);
571 2821 671 2858 idem
695 2821 790 2857 citat
818 2821 976 2857 {oannes
1002 2824 1131 2858 notter
1155 2821 1194 2857 in
1221 2824 1292 2868 Ep.
1315 2833 1378 2869 ¹43
1405 2823 1452 2860 ad
1473 2823 1678 2861 Henricum
1702 2824 1884 2863 comitem

413 2869 645 2917 Campaniae
664 2876 751 2915 (130
763 2872 802 2916 n)
819 2880 827 2913 ;
854 2869 901 2905 cf.
922 2870 1086 2915 Metaloq.
1107 2869 1131 2906 i.
1149 2879 1194 2915 24
1214 2870 1362 2916 (856Λ).

527 2949 589 2985 ¹³⁴
