1988 3250
192 155 292 190 οΑΡ.
309 142 425 206 xxv]
722 146 1158 192 POLICRATICVS
1677 146 1750 189 821
1763 149 1792 187 b

193 265 369 309 Possem
388 265 532 310 dicere
552 266 658 322 quia
676 266 763 309 huc
789 265 982 309 tendunt
1011 269 1108 309 tota
1137 267 1210 310 lex
1236 271 1283 311 et
1305 270 1547 326 prophetae
1566 285 1658 314 om-

190 349 354 392 nesque
365 335 609 391 scripturae
624 334 870 387 canonicae,
885 334 990 391 quia
1000 335 1194 378 tendunt
1209 337 1266 379 ad
1282 337 1458 382 Filium.
1502 339 1659 396 Neque

191 400 308 446 enim
328 403 450 446 istud
468 403 728 461 ambiguum
749 407 828 455 est,
843 417 943 447 cum
964 406 1010 447 et
1029 404 1276 448 infidelium
1292 406 1502 463 dogmata
1521 409 1659 452 nichil

189 472 401 516 utilitatis
430 473 608 524 habent,
637 473 724 516 nisi
754 473 924 530 aliquid
954 473 1187 517 conferant
1215 475 1499 520 beatitudini.
1558 478 1659 528 Sed,

149 555 170 590 5
189 541 260 585 his
285 541 458 585 omissis
481 545 558 586 aut
580 542 730 600 potius
758 542 1024 600 praemissis,
1046 543 1144 587 dico
1173 544 1280 601 quia
1306 545 1414 589 haec
1440 546 1534 589 sola
1553 552 1660 589 sunt

189 624 302 667 quae
322 611 415 655 sola
434 616 620 669 possunt
644 611 789 655 facere
816 615 863 655 et
888 626 1066 656 seruare
1096 613 1289 666 beatum,
1310 628 1410 657 cum
1437 615 1495 657 ab
1519 615 1660 658 altero

187 679 387 725 iustitiae
406 696 529 725 ramo
555 682 802 740 proueniat,
822 697 879 726 ne
908 682 979 725 cui
1010 686 1222 726 noceatur
1247 683 1306 726 ab
1334 683 1475 727 altero
1502 691 1554 727 ut
1574 685 1659 727 sibi

188 749 374 807 quisque
394 754 440 794 et
459 751 559 794 aliis
576 752 727 809 prosit.
787 752 867 795 Vis
886 751 971 795 tibi
991 755 1192 795 constare
1209 767 1322 809 quae
1333 753 1462 799 dico'l
1523 754 1659 797 Visne

187 818 344 863 beatus
360 822 484 866 esse'l
543 821 679 864 Porro
693 821 850 865 beatus
862 821 935 864 uir
949 821 1026 878 qui
1047 821 1177 865 timet
1197 821 1449 866 Dominum.
1500 823 1658 866 Poten-

130 904 171 929 ιο
187 889 356 933 tiamne
375 889 628 934 desideras?
686 890 790 934 Non
810 890 940 935 modo
959 892 1066 948 ipse,
1085 891 1162 935 sed
1186 894 1344 949 potens
1364 892 1411 935 in
1433 895 1554 935 terra
1573 893 1659 936 erit

185 962 230 1002 et
259 973 409 1002 semen
437 960 543 1004 eius.
602 960 675 1002 An
709 959 909 1004 fauorem
942 961 1124 1004 sectaris
1149 964 1195 1004 et
1220 961 1373 1004 laudes
1398 962 1658 1006 hominum}

186 1028 423 1072 Generatio
434 1032 654 1073 rectorum
667 1029 960 1074 benedicetur.
988 1031 1062 1073 An
1073 1030 1129 1073 ad
1142 1030 1443 1075 celebritatem
1456 1031 1658 1075 dilataris
1675 1046 1699 1074 c

187 1102 233 1142 et
261 1098 319 1142 ad
348 1099 621 1156 opulentiam
650 1099 797 1142 sinum
826 1099 1071 1157 expandis?
1130 1099 1283 1143 Gloria
1312 1104 1358 1144 et
1391 1101 1578 1144 diuitiae
1609 1102 1656 1144 in

187 1169 318 1212 domo
351 1169 458 1212 eius.
517 1169 590 1212 An
621 1170 964 1227 perpetuitatem
995 1170 1171 1227 quaeris
1196 1171 1434 1228 operibus?
1494 1172 1547 1214 In
1568 1187 1656 1215 me-

129 1253 168 1288 ¹5
187 1239 329 1282 moria
357 1242 510 1283 eterna
538 1239 624 1282 erit
652 1240 806 1283 iustus.
868 1240 1005 1283 Visne
1035 1255 1214 1284 securus
1244 1242 1371 1286 esse?
1429 1241 1502 1285 Ab
1531 1242 1655 1285 audi-

187 1308 308 1352 tione
350 1308 469 1352 mala
515 1323 605 1352 non
649 1309 826 1353 timebit
866 1310 943 1354 sed
993 1325 1145 1354 omnes
1186 1310 1398 1368 despiciet
1442 1311 1657 1357 inimicos.

187 1377 446 1422 Gratiamne
465 1378 644 1436 linguae
664 1379 873 1423 affectas?
932 1380 1071 1423 Labia
1085 1380 1303 1424 iustorum
1319 1381 1540 1424 distillant
1554 1397 1657 1439 gra-

186 1447 310 1491 tiam.
369 1447 507 1492 Item:
537 1448 750 1492 Memoria
765 1449 872 1492 iusti
885 1463 985 1493 cum
1006 1449 1224 1501 laudibus,
1239 1465 1399 1494 nomen
1419 1450 1657 1508 impiorum

186 1519 422 1574 putrescet.
482 1517 562 1561 Vis
582 1518 665 1561 tibi
686 1518 842 1562 futura
869 1519 1171 1563 innotescere?
1231 1519 1495 1577 Expectatio
1518 1521 1655 1564 iusto·

129 1599 172 1624 ιο
187 1600 287 1630 rum
306 1586 461 1631 letitia.
522 1587 602 1631 Vis
631 1588 949 1632 iocunditatem
979 1589 1063 1632 tibi
1094 1590 1323 1647 prorogari
1350 1590 1398 1632 in
1425 1590 1654 1648 sempiter-

185 1656 325 1700 num‘l
383 1656 443 1700 Et
461 1656 570 1700 iusti
589 1657 637 1700 in
656 1661 920 1715 perpetuum
940 1659 1108 1710 uiuent,
1129 1662 1175 1702 et
1204 1659 1251 1701 in
1282 1674 1388 1716 pace
1414 1663 1531 1710 sunt,
1552 1660 1656 1703 licet

186 1724 299 1768 mori
319 1725 632 1783 insipientibus
651 1727 900 1771 uideantur.
962 1728 1071 1771 Ecce
1092 1729 1228 1772 habes
1243 1729 1362 1772 uiam
1377 1729 1654 1772 uerissimam

187 1798 232 1838 et
255 1795 567 1850 fidelissimam,
590 1797 910 1854 assequendum
938 1801 1106 1841 statum
1136 1813 1267 1855 quem
1298 1798 1520 1842 desiderat
1550 1799 1654 1856 Epi-

187 1878 319 1908 curus
331 1878 342 1917 ;
381 1866 426 1908 et
464 1865 502 1908 si
542 1879 638 1908 eam
678 1867 886 1918 tenueris,
919 1867 1077 1910 beatus
1115 1882 1162 1910 es
1201 1871 1247 1910 et
1287 1868 1397 1911 bene
1436 1868 1520 1911 tibi
1556 1869 1655 1912 erit.

129 1947 169 1980 ²5
189 1932 311 1976 Haec
331 1933 389 1976 ad
407 1933 518 1978 bene
537 1934 750 1992 beateque
771 1936 1014 1979 uiuendum
1034 1939 1182 1994 potest
1196 1937 1290 1979 sola
1303 1936 1524 1990 sufficere;
1544 1938 1654 1982 adeo
1670 1940 1700 1979 d

188 2002 366 2059 quidem
395 2006 448 2047 ut
478 2005 752 2062 extraposita
783 2006 992 2050 uniuersa
1023 2010 1103 2049 aut
1134 2006 1271 2050 nichil
1306 2010 1386 2050 aut
1419 2008 1653 2050 minimum

186 2071 468 2128 perfectionis
505 2073 711 2118 adiciant.
786 2075 879 2119 Nec
923 2076 1102 2119 inhibeo
1137 2076 1246 2133 quin
1280 2076 1481 2119 uestibus
1509 2077 1655 2120 niteas

186 2141 410 2185 deauratis
429 2142 726 2190 circumdatus
746 2146 977 2198 uarietate,
991 2146 1099 2202 quin
1116 2146 1306 2203 epuleris
1326 2146 1488 2189 cotidie
1507 2146 1654 2204 splen-

188 2249 204 2276 1
232 2239 336 2276 hunc
353 2238 418 2276 0¹:
444 2240 493 2277 ad
509 2241 609 2279 hunc
626 2242 666 2278 M
764 2253 804 2281 11
829 2246 938 2290 prius
953 2245 993 2281 et
1008 2255 1077 2282 om.
1096 2243 1127 2279 B
1210 2254 1266 2290 23,
1284 2254 1330 2289 24
1354 2256 1539 2291 epycurus
1556 2243 1654 2280 CBA

231 2328 255 2364 6
277 2340 367 2375 quae
382 2330 458 2364 sola
475 2331 570 2366 etc.:
593 2342 626 2366 v.
645 2329 736 2367 Hor.
756 2332 827 2377 Ep.
849 2331 874 2367 i.
893 2332 928 2368 6.
947 2343 980 2368 2.
1171 2333 1193 2368 8
1224 2333 1288 2367 Vis
1304 2333 1370 2368 tibi
1386 2338 1547 2368 constare
1562 2344 1653 2378 quae

183 2377 282 2412 dieo:
307 2375 400 2412 Cum
417 2375 782 2423 interrogationibus
806 2380 845 2414 et
862 2378 1050 2426 responsis
1067 2390 1165 2426 quae
1183 2381 1394 2425 sequuntur
1419 2379 1466 2414 cf.
1485 2378 1652 2416 Anselm.

183 2424 340 2467 Proszoq,
357 2435 388 2459 c.
403 2432 448 2469 25
469 2422 616 2470 (Migne
629 2425 672 2461 P.
689 2427 733 2462 L.
746 2425 860 2462 clviii.
876 2427 972 2472 240).
1069 2437 1093 2472 9
1118 2429 1240 2463 beatus
1255 2430 1320 2463 uir
1335 2430 1407 2464 etc.
1421 2441 1430 2462 :
1456 2426 1513 2464 Ps.
1531 2426 1602 2463 cxi.
1621 2437 1650 2463 1.

187 2480 232 2506 10
250 2475 379 2516 potens
394 2471 466 2507 etc.
481 2484 489 2506 :
515 2470 574 2507 Ps.
590 2472 661 2508 cxi.
678 2483 712 2510 2.
884 2484 924 2510 12
953 2476 1144 2510 Generatio
1161 2476 1232 2511 etc.
1249 2487 1258 2510 :
1284 2474 1343 2511 Ps.
1361 2474 1432 2511 cxi.
1450 2485 1485 2510 2.
1610 2485 1651 2520 13

187 2519 314 2553 Gloria
331 2519 402 2554 etc.
419 2531 427 2554 τ
454 2517 512 2554 Ps.
531 2517 600 2555 cxi.
621 2529 652 2565 3.
763 2530 818 2565 14,
837 2529 877 2568 15
903 2523 952 2558 In
969 2524 1139 2558 memoria
1159 2525 1255 2558 etc.:
1279 2522 1336 2558 Ps.
1357 2521 1429 2558 cxi.
1447 2530 1480 2565 7.
1594 2531 1651 2567 15,

186 2566 231 2602 16
254 2566 311 2600 Ab
328 2567 511 2601 auditione
526 2567 621 2602 etc.:
647 2566 705 2602 Ps.
724 2567 796 2604 cxi.
815 2577 848 2612 7,
867 2569 900 2605 8.
1062 2579 1103 2612 17
1129 2571 1246 2605 Labia
1263 2571 1357 2606 etc.:
1382 2582 1414 2605 v.
1434 2569 1492 2605 Ps.
1509 2569 1597 2605 xliv.
1618 2580 1650 2614 3.

188 2613 230 2648 18
254 2613 432 2648 Memoria
447 2614 540 2649 etc.:
565 2612 670 2650 Prov.
689 2626 724 2650 x.
742 2623 776 2659 7.
1003 2626 1046 2662 19
1070 2618 1282 2662 Expectaeio
1299 2619 1390 2654 etc.:
1416 2616 1522 2653 Prov.
1539 2629 1574 2651 x.
1594 2618 1651 2652 28.

185 2669 227 2696 21
254 2661 304 2695 Et
319 2661 407 2695 iusti
423 2661 515 2696 etc.:
540 2672 574 2697 v.
592 2660 676 2715 Sap.
694 2660 750 2697 iii.
773 2671 849 2707 1-3.
994 2674 1041 2708 24
1065 2665 1189 2699 beatus
1207 2676 1244 2700 es
1264 2666 1360 2700 etc.:
1386 2664 1444 2700 Ps.
1462 2663 1599 2699 cxxvii.
1618 2674 1652 2699 2.

185 2715 230 2751 27
262 2709 402 2742 niteas:
434 2706 542 2743 Nune
579 2707 803 2745 Pohcratico
839 2709 952 2745 finem
984 2711 1140 2746 tandem
1180 2710 1436 2758 impositurus,
1468 2711 1652 2746 Thomam

184 2754 464 2796 cancellarium,
481 2756 524 2792 ut
540 2753 582 2791 in
598 2754 787 2802 principio
802 2755 902 2801 libri,
921 2756 1139 2804 alloquitur.
1313 2759 1358 2795 28
1383 2759 1540 2805 epuler-ie
1554 2760 1628 2794 etc.
1643 2769 1653 2793 :

183 2813 217 2838 v.
235 2801 322 2840 Luc.
340 2801 415 2838 xvi.
433 2811 486 2848 19.

1481 2867 1552 2902 4²2
