1988 3250
258 203 348 251 639
366 201 396 242 d
732 201 994 248 IOANNIS
1033 203 1546 249 SARESBERIENSIS
1677 205 1788 262 [ΠΒ.
1802 215 1875 249 v11

408 333 572 371 eorum,
592 334 705 377 quae
724 320 818 378 egit
836 321 909 364 uel
927 321 976 364 in
995 322 1211 379 proximo,
1230 322 1460 366 scientiam
1479 323 1644 367 habet?
1701 322 1874 366 Deinde

252 390 343 437 640
362 399 393 430 a
408 403 602 446 quanam
639 389 716 433 uia
754 390 802 432 in
841 390 1145 448 philosophiae
1183 392 1527 450 inuestigatione
1562 391 1764 450 proficiet
1801 392 1873 436 cui

406 458 522 502 ratio
561 459 699 502 nichil
733 450 970 516 persuadet
1000 461 1118 518 quod
1147 464 1298 504 teneat
1329 464 1410 504 aut
1440 466 1663 519 sequatur,
1693 461 1770 504 sed
1805 464 1874 504 est

403 528 462 571 ad
501 529 651 572 omnia
689 543 862 587 semper
899 530 1125 574 incertus?
1185 531 1305 574 Talis
1344 531 1499 588 utique
1538 531 1872 583 Achademicus,
1956 546 1961 555 ·

403 612 504 641 cum
539 612 619 641 nec
658 597 802 642 brutis
842 599 1110 643 animalibus
1143 600 1294 644 ualeat
1325 600 1564 657 adaequari
1593 615 1673 644 nec
1709 600 1872 657 dignus
1887 618 1908 654 5

403 671 471 711 est
500 668 693 711 hominis
721 668 886 711 nedum
911 669 1162 726 philosophi
1193 669 1266 712 uel
1296 670 1462 713 honore
1491 669 1564 712 uel
1594 669 1796 722 nomine;
1826 671 1872 712 et

313 764 315 766 -
403 737 581 794 quidem
611 738 823 781 aduersus
853 738 1041 781 istorum
1070 739 1262 796 ineptias
1289 754 1477 797 magnus
1504 742 1632 796 pater
1658 742 1704 782 et
1727 738 1872 782 fidelis

402 806 556 850 doctor
575 807 792 850 Ecclesiae
805 807 1086 865 Augustinus
1106 808 1182 851 sed
1203 811 1248 851 et
1269 808 1422 852 Cicero
1441 808 1603 851 ualidis
1623 808 1871 851 rationibus

401 878 447 919 et
466 891 666 929 sermone
681 877 1010 935 elegantissimo
1024 877 1242 934 copiosius
1255 877 1498 934 disputant.
1549 877 1869 920 Verumtamen

401 945 459 988 ad
493 946 592 990 illos
624 947 700 1003 qui
740 947 795 989 de
835 947 1023 1004 singulis
1062 947 1273 990 dubitant
1313 962 1425 1004 quae
1465 947 1655 1003 sapienti
1695 946 1869 990 faciunt
1888 962 1932 988 10

400 1016 717 1072 quaestionem,
744 1015 897 1059 Cicero
926 1016 1069 1072 seipso
1099 1018 1212 1059 teste
1242 1016 1477 1068 transiuit3
1507 1030 1587 1059 nec
1616 1030 1690 1058 eos
1719 1018 1871 1059 noster

401 1085 682 1143 Augustinus
701 1085 994 1143 persequitur,
1014 1100 1114 1128 cum
1135 1089 1180 1128 et
1200 1085 1294 1142 ipse
1314 1085 1362 1128 in
1382 1086 1589 1143 operibus
1612 1085 1704 1128 suis
1724 1085 1869 1128 Acha-

400 1154 569 1198 demico
595 1157 943 1211 temperamento
970 1157 1127 1196 utatur
1157 1154 1435 1212 frequentius
1465 1159 1511 1198 et
1539 1155 1623 1198 sub
1650 1155 1868 1213 ambigui-

399 1226 493 1266 tate
513 1214 732 1280 proponat
751 1223 894 1266 multa
914 1238 1027 1279 quae
1047 1223 1124 1265 alii
1145 1223 1439 1267 confidentius
1459 1239 1538 1268 nec
1567 1224 1709 1282 magis
1729 1227 1866 1269 teme-

353 1296 384 1336 b
399 1293 515 1336 rarie
534 1293 782 1350 disputanti
802 1307 892 1335 non
913 1292 1173 1336 uiderentur
1192 1293 1353 1336 habere
1374 1294 1688 1350 quaestionem.
1729 1294 1866 1338 Michi
1885 1309 1926 1349 1⁵

399 1367 549 1406 tamen
588 1378 678 1406 non
716 1362 897 1405 uidetur
936 1363 1169 1419 quisquam
1209 1378 1260 1406 eo
1299 1363 1420 1420 loqui
1459 1364 1655 1407 securius
1689 1363 1766 1421 qui
1801 1363 1868 1408 ita

396 1432 737 1489 circumspectus
758 1435 826 1474 est
845 1431 892 1474 in
912 1432 1049 1474 uerbo
1068 1447 1124 1475 ne
1144 1432 1316 1489 prolabi
1336 1433 1476 1490 possit
1496 1432 1552 1476 ad
1574 1432 1701 1476 falsa.
1747 1433 1867 1478 Sunt

396 1505 546 1544 autem
577 1501 842 1544 dubitabilia
869 1501 1060 1558 sapienti
1091 1516 1203 1558 quae
1237 1517 1316 1545 nec
1350 1502 1453 1545 fidei
1484 1517 1564 1546 nec
1598 1517 1751 1546 sensus
1784 1505 1866 1546 aut

396 1570 584 1613 rationis
618 1570 880 1613 manifestae
916 1571 1152 1627 persuadet
1186 1571 1428 1614 auctoritas
1462 1575 1508 1615 et
1542 1586 1654 1629 quae
1688 1572 1780 1615 suis
1814 1572 1863 1615 in

398 1644 633 1698 utramque
648 1643 820 1697 partem
835 1640 1044 1683 nituntur
1058 1641 1359 1683 firmamentis.
1419 1641 1544 1684 Talia
1559 1641 1737 1698 quidem
1757 1645 1864 1685 sunt
1882 1658 1926 1683 πο

398 1725 512 1767 quae
541 1712 817 1767 quaeruntur
845 1709 899 1752 de
928 1710 1222 1766 prouidentia,
1246 1710 1301 1753 de
1330 1710 1581 1754 substantia
1611 1711 1864 1767 quantitate

398 1780 570 1822 uiribus
604 1779 794 1823 efficacia
829 1782 875 1822 et
912 1780 1083 1836 origine
1118 1780 1304 1832 animae,
1336 1779 1391 1822 de
1423 1780 1519 1823 fato
1559 1782 1605 1823 et
1644 1779 1863 1824 facilitate

397 1853 595 1900 naturae,
616 1864 720 1893 casu
741 1853 786 1892 et
805 1849 944 1892 libero
964 1850 1162 1902 arbitrio,
1179 1850 1233 1893 de
1258 1850 1444 1893 materia
1465 1853 1510 1893 et
1530 1853 1654 1893 motu
1675 1853 1720 1893 et
1740 1851 1862 1908 prin-

398 1920 525 1977 cipiis
545 1934 787 1976 corporum,
809 1919 863 1962 de
883 1933 1116 1976 progressu
1141 1919 1443 1962 multitudinis
1470 1922 1516 1962 et
1539 1919 1863 1976 magnitudinis

395 1988 587 2031 sectione
607 2003 664 2030 an
686 1988 898 2030 terminos
924 1988 1103 2031 omnino
1123 2003 1212 2031 non
1233 1988 1427 2031 habeant
1446 2003 1504 2031 an
1525 2003 1597 2031 eos
1625 1989 1861 2034 dumtaxat
1882 2003 1924 2038 25

392 2058 543 2115 alogos
574 2058 752 2101 tandem
781 2057 1026 2110 inueniant,
1047 2058 1101 2100 de
1127 2061 1323 2115 tempore
1345 2061 1390 2101 et
1410 2058 1515 2108 loco,
1535 2058 1589 2101 de
1610 2073 1794 2103 numero
1814 2063 1861 2104 et

351 2139 376 2169 e
392 2127 603 2178 oratione,
623 2127 677 2170 de
708 2127 859 2170 eodem
884 2132 929 2170 et
953 2127 1139 2178 diuerso,
1168 2128 1214 2169 in
1242 2142 1330 2184 quo
1360 2127 1552 2184 plurima
1579 2127 1754 2171 attritio
1781 2133 1860 2180 est,

392 2197 447 2240 de
477 2197 661 2240 diuiduo
690 2203 736 2240 et
766 2197 1009 2247 indiuiduo,
1034 2197 1088 2239 de
1118 2197 1370 2239 substantia
1398 2200 1444 2240 et
1474 2196 1618 2240 forma
1647 2198 1779 2248 uocis,
1805 2198 1860 2242 de

390 2270 513 2310 statu
534 2266 865 2317 uniuersalium,
878 2267 932 2309 de
948 2282 1031 2310 usu
1048 2270 1093 2309 et
1105 2267 1192 2309 fine
1208 2270 1397 2323 ortuque
1419 2267 1640 2309 uirtutum
1663 2270 1707 2310 et
1727 2267 1859 2311 uitio-

391 2350 504 2386 rum,
523 2351 580 2379 an
610 2351 760 2379 omncs
791 2336 982 2379 uirtutes
1007 2336 1170 2379 habeat
1196 2337 1274 2393 qui
1304 2351 1438 2378 unam
1461 2336 1606 2391 habet,
1628 2351 1686 2379 an
1710 2337 1860 2381 omnia
1878 2351 1921 2385 30

390 2405 483 2448 sint
503 2409 681 2462 peccata
701 2405 904 2462 aequalia
920 2409 965 2448 et
980 2406 1225 2462 aequaliter
1245 2405 1492 2462 punienda;
1523 2405 1629 2448 item
1646 2406 1700 2449 de
1715 2407 1859 2451 causis

392 2488 540 2517 rerum
561 2477 607 2516 et
626 2474 907 2517 adiunctione
937 2489 1088 2516 carum
1117 2474 1187 2516 uel
1214 2474 1520 2531 repugnantia,
1540 2474 1595 2517 de
1623 2475 1859 2521 effluxione

388 2606 413 2642 9
437 2594 734 2642 Verumptamen
751 2594 783 2630 A
926 2604 965 2630 21
995 2593 1106 2640 quac]
1124 2593 1190 2640 qui
1207 2593 1239 2629 A
1382 2603 1423 2640 31
1452 2595 1611 2641 peccata
1625 2594 1704 2631 sint
1719 2595 1753 2631 A

436 2705 458 2742 8
484 2706 733 2750 Auyuaeinua:
761 2702 826 2749 qui
844 2702 958 2738 libros
975 2704 1049 2739 tres
1065 2708 1190 2739 contra
1208 2704 1438 2739 Academicos
1454 2703 1614 2752 scripsit.
1809 2706 1856 2743 26

468 2763 526 2788 ou:
552 2750 774 2788 vocabulum
801 2763 823 2786 a
849 2749 1040 2787 Martiano
1066 2748 1222 2797 Capella
1246 2750 1290 2788 de
1317 2750 1427 2787 lineis
1448 2750 1509 2796 (vi.
1532 2751 1549 2799 ξ
1571 2751 1782 2807 718seqq.),
1807 2752 1855 2791 de

386 2798 677 2837 diastematibus
695 2797 759 2843 (ix.
777 2797 905 2882 5949).
924 2797 969 2834 de
988 2797 1146 2844 podibus
1161 2798 1228 2842 (id.
1242 2797 1262 2852 ᾗ
1277 2801 1373 2844 975),
1392 2798 1438 2835 de
1457 2798 1622 2836 numeris
1638 2799 1735 2847 fid&
1755 2802 1851 2847 992),

386 2846 488 2885 haud
507 2848 636 2884 tamen
653 2846 700 2883 do
718 2858 783 2882 mu
801 2845 966 2883 titudine
984 2847 1023 2883 et
1041 2845 1307 2893 magnitudme
1327 2845 1521 2884 usitatum.

496 2920 541 2964 98
