1988 3250
247 235 337 284 607
354 243 386 273 a
731 231 994 278 IOANNIS
1038 231 1554 276 SARESBERIENSIS
1694 230 1803 292 [Lm.
1817 242 1870 276 vr

355 365 387 395 a
402 352 621 396 decimum
655 367 873 411 quemque
905 354 1094 397 militem
1125 356 1244 397 sorte
1278 353 1462 396 ductum
1491 351 1612 396 fuste
1642 351 1870 410 percussit.

400 422 567 466 Fabius
599 423 796 466 Rutilius
833 423 986 466 consul
1026 438 1082 466 ex
1116 423 1290 466 duabus
1327 421 1587 480 legionibus,
1622 436 1735 479 quae
1774 421 1870 464 loco

397 494 632 543 cesserant,
651 492 830 536 uicenos
852 496 971 536 sorte
997 493 1153 536 ductos
1178 493 1226 535 in
1251 487 1487 549 conspectu
1513 491 1707 534 militum
1727 490 1869 534 securi

397 562 625 619 percussit.
685 562 810 605 Idem
825 565 976 605 ternos
990 577 1047 605 ex
1062 562 1285 612 centuriis,
1301 576 1490 618 quarum
1510 561 1646 604 statio
1665 561 1722 603 ab
1743 560 1870 603 hoste

396 634 611 689 perrupta
645 634 753 682 erat,
792 632 968 675 addixit
1002 632 1155 675 securi.
1216 631 1412 684 Quintus
1447 630 1612 674 Fabius
1646 630 1871 673 Maximus
1890 645 1910 682 5

395 700 733 759 transfugarum
757 701 939 745 dextras
968 702 1197 759 praecidit.
1256 701 1433 744 Marcus
1463 699 1576 744 Cato
1606 699 1794 742 tradidit
1822 699 1871 741 in

396 769 522 813 furto
549 771 875 828 comprehensis
905 771 1023 814 inter
1051 771 1373 814 commilitones
1404 770 1588 824 dextras
1620 784 1713 813 esse
1746 782 1872 826 prae-

395 839 509 882 cisas
543 841 634 890 aut,
665 839 703 882 si
738 840 970 897 benignius
999 840 1048 883 in
1077 855 1203 883 reum
1233 840 1588 883 animaduertere
1614 834 1872 890 uoluissent,

395 909 445 951 in
476 908 689 966 principis
723 909 986 967 sanguinem
1020 910 1216 952 missum.
1276 909 1448 952 Seditio
1479 923 1654 966 quoque
1682 908 1871 952 securim

396 980 621 1034 prouocat,
641 978 706 1021 ita
725 980 876 1021 tamen
896 981 949 1022 ut
969 993 1050 1036 pro
1075 979 1261 1022 arbitrio
1282 979 1406 1022 ducis
1427 978 1476 1020 in
1495 993 1611 1036 pena
1629 991 1871 1035 paucorum
1891 990 1934 1016 10

396 1047 610 1091 securitas
644 1050 691 1091 et
725 1048 850 1105 quies
880 1048 944 1091 rei
978 1048 1181 1105 publicae
1214 1048 1496 1092 reformetur.
1556 1048 1700 1091 Iulius
1735 1046 1873 1091 Cesar

396 1120 497 1160 orta
511 1117 727 1160 seditione
741 1117 935 1160 militum
951 1118 1104 1174 paucis
1119 1119 1337 1175 percussis
1353 1122 1498 1162 castra
1514 1118 1687 1161 sedasse
1706 1117 1873 1175 legitur

397 1189 444 1229 et
463 1186 595 1229 fidem
614 1186 810 1230 militum
831 1202 1069 1244 reparasse.

351 1312 380 1351 b
398 1310 504 1369 Cap.
530 1325 594 1369 13.
650 1311 801 1365 Quare
834 1311 1018 1368 cinyulo
1052 1312 1311 1368 priuentwr
1350 1312 1527 1366 milites,
1563 1317 1603 1357 et
1641 1314 1762 1371 quod
1799 1327 1870 1357 ex-

513 1385 779 1425 auctoratus
797 1396 894 1424 ‘non
915 1380 1039 1424 habet
1067 1381 1258 1438 aliquod
1284 1396 1390 1425 cum
1409 1382 1564 1438 yladio
1590 1383 1730 1427 teloue
1755 1397 1870 1427 com·
1891 1397 1931 1431 15

511 1450 745 1501 mercium,
766 1454 805 1493 et
824 1464 966 1506 quare
984 1450 1171 1507 yladius
1191 1451 1390 1495 insertus
1409 1457 1467 1495 est
1489 1453 1688 1510 ci‘nyulo.

455 1543 530 1586 Fit
548 1543 774 1586 interdum
793 1546 846 1586 ut
866 1558 922 1586 ex
946 1543 1107 1586 delicto
1134 1558 1214 1587 suo
1241 1545 1477 1601 priuentur
1496 1545 1662 1588 milites
1681 1544 1869 1588 militiae

394 1612 584 1671 cingulo,
599 1612 647 1654 in
667 1612 737 1655 his
757 1612 950 1655 maxime
971 1613 1048 1655 ubi
1068 1613 1299 1671 sacrilegia
1318 1614 1670 1658 committuntur.
1716 1614 1869 1658 Veteri

394 1695 586 1738 namque
607 1681 703 1724 iure
723 1683 944 1724 statutum
965 1684 1032 1724 est
1059 1684 1104 1724 et
1130 1696 1248 1725 nouo
1274 1697 1364 1725 non
1389 1686 1456 1726 est
1483 1684 1699 1727 abolitum
1719 1687 1772 1727 ut
1792 1684 1869 1741 qui

395 1765 486 1794 non
506 1752 683 1794 seruato
702 1750 889 1794 militiae
909 1754 1184 1794 sacramento
1205 1752 1463 1810 religionem
1479 1767 1612 1810 quam
1633 1754 1870 1811 profitetur
1890 1771 1932 1797 20

394 1821 631 1878 impugnat
660 1820 827 1877 cinguli
858 1820 1092 1863 amissione
1125 1821 1353 1864 multetur.
1414 1822 1576 1865 Fertur
1607 1823 1690 1866 hoc
1725 1823 1869 1867 edicto

394 1890 539 1933 Iulius
565 1889 882 1946 compescuisse
906 1890 1092 1933 militem
1118 1905 1261 1943 suum,
1283 1891 1460 1948 quando
1480 1892 1635 1935 urbem
1659 1892 1870 1950 ingressis

393 1974 485 2003 non
517 1959 644 2003 licuit
679 1959 879 2002 homines
917 1960 1107 2017 spoliare
1139 1963 1219 2003 aut
1253 1961 1420 2018 templa
1451 1961 1646 2013 deorum,
1676 1962 1794 2019 quod
1828 1962 1870 2006 ei

394 2029 676 2087 postmodum
704 2029 1040 2086 ingrauescente
1064 2029 1280 2073 seditione
1301 2030 1647 2088 improperauit;
1676 2032 1870 2076 numini-

396 2137 417 2163 2
444 2127 580 2163 rutilus
604 2126 714 2163 CBA²
904 2136 936 2172 7,
964 2129 985 2165 8
1010 2126 1190 2174 prescisas
1215 2127 1255 2163 Μ
1439 2138 1480 2174 17
1505 2129 1680 2176 priuetur
1703 2130 1811 2168 miles
1827 2130 1869 2167 M

398 2210 441 2246 18
466 2208 725 2245 comittuntur
742 2209 767 2245 S
908 2218 954 2253 24
977 2176 1252 2256 imbuibggi‘antiit
1268 2209 1322 2246 A:
1345 2209 1609 2257 improperant
1629 2211 1695 2248 SM

443 2311 464 2337 2
489 2302 628 2337 Fabius
660 2303 757 2338 etc.:
793 2300 965 2337 Frontin.
995 2302 1107 2338 strat.
1139 2301 1186 2338 iv.
1223 2312 1237 2338 1
1264 2301 1287 2394 ἕ
1318 2312 1372 2350 35.
1517 2314 1538 2349 3
1563 2306 1729 2341 uicenos:
1765 2305 1869 2352 apud

395 2347 620 2385 Frontinum
635 2349 741 2386 deest
756 2361 765 2391 ς
782 2361 815 2384 v.
829 2348 1117 2386 Gundermanni
1131 2349 1248 2396 praef.
1267 2389 1274 2396 ,
1298 2360 1332 2394 7.
1427 2361 1449 2395 4
1468 2351 1568 2386 Idem
1582 2353 1676 2389 etc.:
1695 2351 1868 2390 Frontin.

394 2397 507 2433 Serae.
528 2396 573 2432 iv.
597 2407 609 2432 1
632 2396 650 2443 ξ
669 2399 723 2442 36.
819 2397 942 2431 Idem:
969 2398 1142 2443 Aquilius
1159 2396 1352 2439 Frontin.;
1379 2396 1417 2433 id
1437 2401 1503 2441 est,
1525 2398 1587 2435 Μ’.
1605 2399 1782 2446 Aquilius
1799 2400 1867 2447 qui

395 2455 495 2480 anno
512 2455 545 2480 a.
563 2443 649 2479 Chr.
676 2454 735 2479 101
758 2443 888 2479 consul
906 2447 999 2487 erat,
1019 2447 1057 2480 et
1075 2456 1111 2480 a.
1131 2446 1174 2481 88
1190 2444 1426 2481 Mithridatis
1440 2445 1537 2481 iussu
1553 2446 1780 2484 interfectus
1797 2451 1866 2486 est.

443 2492 588 2527 addixit
603 2493 721 2527 securi
737 2504 743 2527 :
769 2496 883 2527 svcura'
898 2494 1075 2537 percussit
1093 2492 1120 2528 F
1124 2492 1261 2528 rontin.
1442 2495 1601 2537 Quintus
1616 2496 1754 2531 Fabius
1770 2498 1843 2532 etc.
1858 2508 1868 2532 ε

428 2538 567 2574 rontin.
585 2541 697 2574 Strat.
716 2537 761 2574 iv.
785 2549 797 2575 1
821 2538 840 2592 ᾗ
860 2550 917 2582 ⁴2·
1083 2541 1105 2575 6
1130 2541 1279 2576 Marcus
1297 2540 1384 2576 Cato
1401 2542 1473 2576 etc.
1491 2553 1533 2576 us
1563 2554 1607 2578 ue
1625 2542 1672 2578 ad
1691 2544 1840 2579 missum
1856 2555 1865 2580 τ

396 2585 568 2622 Frontin.
583 2588 691 2622 Str-at.
710 2585 755 2622 iv.
775 2596 787 2622 1
813 2587 829 2632 ὲ
851 2587 903 2622 16.
1003 2588 1023 2622 8
1049 2588 1082 2622 εἰ
1098 2587 1307 2633 beniqnius:
1332 2589 1366 2623 aa·
1381 2589 1513 2624 lentius
1561 2588 1703 2625 rontini
1721 2590 1868 2627 codices

396 2632 573 2670 meliores
590 2633 744 2675 habent,
764 2636 797 2669 εἰ
819 2635 935 2669 leuius
952 2633 1177 2678 deteriorem
1204 2636 1238 2670 ει·
1259 2636 1376 2670 lenius
1393 2634 1558 2672 coniecit
1575 2636 1733 2682 Lipsius,
1753 2649 1867 2684 quem

397 2680 570 2726 sequitur
586 2680 902 2716 Gundermannus
921 2681 959 2716 in
978 2682 1034 2718 ed.
1052 2681 1337 2721 Teubneriana:
1363 2682 1426 2718 ubi
1443 2694 1474 2718 v.
1492 2695 1581 2737 app.
1601 2683 1682 2720 crit.

392 2730 597 2774 principia:
627 2728 767 2764 rectius
780 2731 1002 2775 principun
1030 2741 1060 2765 v.
1076 2728 1361 2765 Gundermanni
1378 2742 1465 2776 app.
1480 2734 1564 2766 erit.
1681 2742 1718 2769 11
1747 2733 1868 2770 Iulius

398 2776 510 2812 Cesar
525 2778 620 2812 etc.:
648 2788 679 2811 v.
698 2775 869 2812 Frontin.
887 2777 996 2812 Serat.
1016 2775 1062 2812 iv,
1083 2786 1099 2823 5
1122 2776 1139 2823 ξ
1160 2787 1191 2813 2.
1372 2787 1411 2821 17
1438 2779 1499 2813 Fit
1518 2780 1699 2815 interdum
1715 2782 1805 2817 etc.:
1831 2792 1865 2818 v,

395 2822 644 2878 Cod31uutin.
661 2822 683 2860 i.
707 2834 735 2861 1.
752 2834 785 2869 ⁴-
890 2834 931 2861 21
953 2825 1088 2861 Fer-tm·
1102 2826 1191 2862 etc.:
1219 2823 1325 2861 Vnde
1342 2824 1435 2862 haec
1453 2825 1703 2874 desumpserit
1720 2827 1866 2873 Noster,

398 2881 538 2907 nescio.

508 2951 552 2987 3⁴
