1988 3250
152 200 253 234 oar.
268 186 384 249 vm]
673 187 1110 233 POLICRATICVS
1629 185 1715 240 ⁷8⁶
1735 195 1762 225 e

152 309 240 353 niis
258 311 432 366 praeest
450 307 739 353 conuiuarum
758 306 1001 350 irrisoriam
1021 309 1234 363 prouocat
1251 306 1414 364 gulam,
1434 308 1498 357 ut,
1511 319 1612 350 cum

153 377 388 436 Aliphanis
414 377 589 420 uinaria
617 379 714 420 tota
736 375 1016 426 inuenerint,
1035 374 1398 418 submurmurent
1420 376 1611 420 inuicem
1628 374 1658 416 d

152 447 263 491 illud
293 447 466 490 Oratii:

267 533 374 586 Nos,
402 532 490 576 nisi
517 532 757 589 dampnose
786 530 991 581 bibimus,
1019 529 1260 573 moriemur
1288 530 1436 573 inulti.

117 643 138 678 3
154 626 251 670 Hoc
279 625 397 668 enim
420 624 562 668 modis
589 623 793 668 omnibus
818 621 970 679 agitur
992 623 1046 664 ut
1071 620 1406 679 paterfamilias,
1436 621 1507 664 cui
1535 621 1615 663 im-

153 709 290 753 pensa
334 694 452 752 perit
501 697 548 738 et
593 707 738 751 opera,
778 691 1131 749 dampnificetur.
1201 690 1250 734 Si
1297 694 1447 733 autem
1497 690 1617 748 apud

156 763 381 822 Cepheum
416 763 731 812 discumbatur,
764 760 993 818 opulentia
1027 763 1073 803 et
1106 759 1306 804 defectus
1341 760 1528 803 rationis
1560 759 1618 802 ad

154 834 372 877 insaniam
387 833 535 891 uergit
550 835 595 876 et
609 831 818 875 facillime
832 831 886 873 fit
900 845 928 873 a
940 830 1088 873 Bacho
1102 844 1339 873 concursus
1352 829 1617 872 adMartem.

157 896 254 947 Hoc
273 902 390 946 enim
410 903 458 946 in
477 902 642 946 fabulis
668 900 925 959 exprimunt
950 899 1028 943 illa
1056 899 1263 943 conuiuia
1282 898 1620 949 Centaurorum,

99 989 142 1014 ιο
157 972 235 1015 ubi
267 972 404 1015 Bachi
435 986 525 1015 non
555 973 728 1016 cessant
756 983 941 1012 munera
970 968 1107 1012 donec
1137 968 1316 1012 eliciant
1345 968 1619 1025 sanguinem.

159 1041 280 1085 Haec
311 1041 488 1098 quidem
522 1042 628 1084 sunt
658 1038 911 1098 uulgarium
941 1038 1247 1082 conuiuiorum
1282 1037 1542 1082 commercia
1575 1039 1622 1081 et

158 1124 271 1168 quae
311 1109 614 1168 philosophiae
655 1123 744 1153 non
791 1111 1099 1166 temperantur
1143 1107 1342 1151 arbitrio.
1418 1107 1539 1160 Quos
1581 1106 1620 1149 si

158 1179 323 1223 uideris
342 1179 455 1223 citra
473 1178 732 1222 modestiam
752 1178 998 1228 conuenire,
1020 1192 1108 1220 non
1129 1176 1353 1220 fabulosos
1374 1175 1622 1221 Centauros

159 1248 286 1292 crede
305 1249 381 1292 sed
401 1262 550 1301 ueros;
579 1247 773 1291 semiferi
793 1247 910 1290 enim
930 1250 1036 1290 sunt
1056 1250 1102 1290 et
1120 1261 1230 1290 aura
1248 1246 1434 1304 spiritus
1452 1246 1521 1289 sui
1542 1248 1623 1289 aut

102 1332 144 1368 ¹5
161 1317 343 1376 spiritus
363 1318 499 1362 Bachi
518 1317 712 1360 inaniter
734 1317 1049 1361 intumescunt.
1107 1316 1225 1358 Nam
1254 1330 1367 1372 quae
1393 1331 1421 1358 a
1444 1315 1621 1373 plebeis,
1636 1327 1713 1370 737
1734 1328 1764 1358 a

161 1387 208 1430 id
239 1391 307 1431 est
335 1387 610 1432 tenuioribus
631 1386 920 1438 celebrantur,
952 1386 1178 1429 interdum
1208 1386 1369 1436 ciuilia,
1395 1386 1621 1429 interdum

160 1453 460 1514 philosophica
498 1458 615 1507 sunt,
648 1456 735 1499 nisi
771 1455 887 1500 forte
922 1456 1119 1500 Socratis
1150 1455 1394 1512 Aleipiadis
1429 1455 1621 1512 Epitecti

161 1525 433 1584 aliorumque
484 1526 845 1584 philosophorum
901 1526 1110 1570 conuiuia
1161 1525 1361 1569 inciuilia
1416 1525 1622 1582 opineris.

163 1594 326 1639 Ciuilis
364 1597 515 1639 tamen
560 1598 667 1639 sunt
707 1595 776 1652 (ut
814 1609 982 1638 morem
1025 1609 1263 1652 sequamur
1302 1597 1504 1638 nostrum
1544 1594 1622 1651 qui

98 1679 148 1709 ,ιο
163 1665 384 1723 pinguiori
405 1665 608 1709 Minerua
628 1665 813 1722 utimur)
834 1680 924 1708 non
944 1665 1122 1722 quidem
1143 1664 1358 1708 dissoluta
1378 1664 1455 1708 sed
1475 1664 1623 1707 liberi-

163 1734 253 1778 oris
285 1734 489 1779 licentiae
519 1737 565 1778 et
597 1735 808 1793 opulenta
842 1734 984 1793 magis
1022 1737 1068 1778 et
1102 1749 1215 1792 quae
1250 1734 1307 1777 ad
1346 1748 1624 1778 communem

162 1803 350 1848 letitiam
370 1803 511 1860 (salua
530 1806 680 1847 tamen
703 1804 933 1858 modestia)
955 1803 1098 1860 magis
1123 1818 1255 1860 quam
1276 1803 1334 1846 ad
1353 1803 1624 1861 philosophi·

161 1885 262 1917 cum
282 1872 470 1930 rigorem
490 1873 715 1917 accedunt.
773 1872 846 1916 Ab
869 1872 939 1915 his
965 1887 1071 1930 ergo
1091 1872 1397 1916 Nasidienitae
1417 1876 1626 1917 arcentur

163 1944 209 1986 st
227 1941 489 1999 quicumque
509 1942 731 2000 supercilii
757 1942 981 2001 grauitate
1005 1945 1051 1986 et
1077 1942 1283 1986 inameno
1308 1943 1441 1986 uultu
1463 1942 1626 1986 admis-

163 2069 188 2105 4
210 2059 387 2097 damnose
404 2059 445 2097 M
574 2070 615 2097 12
642 2051 916 2109 phylosophiae
933 2060 973 2096 M
1068 2059 1116 2107 si]
1134 2058 1187 2097 sic
1206 2059 1305 2096 S¹M¹
1427 2069 1468 2106 17
1494 2060 1626 2107 phylo-

163 2106 321 2154 sophica
337 2107 388 2163 M·
492 2107 666 2191 ffytoeffi
683 2107 723 2144 M
893 2118 935 2145 21
964 2107 1088 2155 magis
1104 2108 1288 2146 modestia
1303 2107 1337 2144 A
1504 2119 1559 2152 22,
1579 2119 1624 2156 23

163 2154 478 2201 phylosophicam

215 2267 236 2294 2
261 2258 458 2304 Aliphanis
474 2261 566 2296 etc.:
592 2271 626 2295 v.
643 2259 734 2296 Hor.
751 2261 826 2297 Sat.
843 2259 883 2296 ii.
901 2260 936 2297 8.
953 2270 1011 2306 39.
1225 2270 1248 2304 4
1272 2261 1355 2300 Nos.
1373 2260 1450 2296 nisi
1465 2260 1538 2297 etc.
1555 2272 1564 2297 τ
1591 2273 1625 2298 v.

168 2303 260 2359 Hor.
285 2306 359 2341 Sat.
386 2305 429 2360 ii..
457 2307 491 2343 8.
518 2316 574 2352 34.
715 2309 751 2352 6,
769 2317 789 2352 7
815 2310 916 2362 apud
945 2308 1148 2354 cepheum:
1175 2306 1231 2344 De
1257 2306 1399 2354 Cephei
1426 2319 1530 2350 cena,
1560 2308 1627 2344 ubi

168 2351 344 2394 Phineus,
362 2364 424 2389 cui
439 2353 689 2400 Andromeda,
706 2354 849 2401 Cephei
866 2355 957 2399 filia,
976 2355 1205 2402 desponsata
1220 2356 1313 2398 erat,
1342 2355 1478 2391 Persea
1502 2355 1626 2402 ipsam

167 2398 246 2436 iam
266 2399 466 2436 ducturum
483 2400 651 2439 occidere
668 2403 826 2438 conatus
841 2404 908 2446 est,
927 2414 960 2438 ν.
976 2401 1042 2439 Ον.
1058 2404 1204 2438 Metam.
1217 2414 1249 2439 v.
1271 2412 1285 2439 1
1302 2414 1408 2449 seqq.
1503 2413 1526 2448 9
1550 2416 1627 2440 con-

169 2448 276 2482 uiuia
296 2447 577 2484 Centaurorum:
601 2461 632 2485 v.
649 2448 715 2486 Ov.
731 2451 876 2486 Metam.
890 2449 956 2486 xii.
974 2460 1046 2486 210
1058 2461 1158 2495 seqq.
1307 2461 1349 2494 14
1373 2452 1534 2494 semiferi
1547 2463 1555 2486 :
1582 2454 1626 2487 ut

169 2491 227 2530 ait
242 2491 394 2529 Ovidius
409 2495 552 2531 Metam.
569 2494 633 2533 xii.
650 2498 731 2540 406.
876 2506 918 2542 17
943 2498 1100 2533 Socratis
1119 2498 1347 2543 Alcipiadis:
1375 2497 1439 2542 qui
1457 2497 1627 2535 convivio

170 2539 393 2587 Agathonis,
410 2541 509 2587 quod
525 2541 732 2579 illustravit
750 2543 870 2587 Plato,
888 2544 1166 2585 interfueruntz
1192 2544 1239 2580 cf.
1260 2544 1425 2581 Macrob.
1447 2547 1522 2581 Sat.
1544 2545 1583 2582 ii.
1607 2556 1622 2582 1

170 2585 267 2670 {33-
291 2646 314 2668 v
343 2589 590 2672 Mafflffmszz
605 2589 631 2672 ἒ
645 2590 975 2685 ἣῗξξῖξῗὲἐςὲώ
1090 2591 1203 2675 ”¹⁰33
1227 2592 1628 2676 Plssfflissfffflssfflff

170 2693 204 2717 v.
222 2680 305 2735 Cic..
316 2683 359 2716 de
374 2683 518 2737 Aniicip.
538 2691 556 2729 5
577 2682 595 2730 §
617 2693 671 2730 19.
887 2696 931 2732 23
956 2687 1206 2722 Nasidienitae
1217 2651 1276 2722 pi
1291 2652 1340 2723 gu
1341 2686 1406 2732 qui
1424 2668 1628 2724 Nasidieno

171 2728 391 2782 Horatiano·
415 2729 556 2783 slmiles
587 2733 697 2774 sunt;
730 2743 761 2768 v.
790 2744 904 2779 supra
929 2734 1044 2778 7360.
1094 2733 1273 2779 Ineptum
1299 2736 1356 2769 est
1383 2735 1484 2779 quod
1513 2735 1628 2771 habet

171 2775 439 2821 Carpentenus
460 2788 500 2813 ιιι
525 2777 661 2814 Lexico
684 2779 879 2827 Cangiano
905 2779 972 2816 sub
996 2780 1068 2817 hoc
1091 2779 1294 2817 vocabulo:
1322 2780 1482 2817 ‘irrisor.
1532 2782 1629 2819 Vide

171 2833 285 2869 supra
301 2824 433 2859 Navirae
444 2823 466 2860 '-

228 2894 252 2912 w
255 2893 343 2912 :::::
851 2886 879 2914 R
906 2888 936 2915 n
1454 2888 1518 2926 273
