1988 3250
218 189 302 236 623
320 185 350 227 d
696 182 959 229 IOANNIS
999 181 1516 227 SARESBERIENSIS
1659 179 1771 242 [ΜΒ.
1787 193 1839 227 v1

366 305 577 357 excitant,
597 305 814 350 collidunt
833 304 1000 348 clerum
1020 306 1066 347 et
1085 303 1312 361 populum,
1331 302 1558 347 laboribus
1584 306 1631 348 et
1650 304 1840 348 miseriis

365 375 630 424 afflictorum
657 389 939 432 nequaquam
966 374 1312 431 compatiuntur,
1333 373 1614 416 ecclesiarum
1641 374 1841 417 letantur

366 445 520 502 spoliis
547 448 592 488 et
619 447 853 502 quaestum
884 459 1060 487 omnem
1088 445 1301 500 reputant
1328 442 1555 500 pietatem.
1613 443 1841 486 Iustitiam

367 529 459 558 non
494 518 587 557 tam
623 514 807 557 ueritati
840 528 974 570 quam
1009 513 1154 570 pretio
1188 513 1395 556 reddunt.
1457 512 1620 556 Omnia
1649 526 1843 570 namque

367 598 469 628 cum
489 584 634 641 pretio
654 584 784 626 hodie
801 597 810 636 ;
835 583 912 626 sed
932 598 1011 626 nec
1027 598 1124 626 cras
1144 579 1314 639 aliq'uid
1334 582 1429 625 sine
1448 583 1593 639 pretio
1607 582 1842 626 obtinebis.
1863 598 1883 633 5

369 653 544 697 Nocent
578 653 753 710 saepius
788 656 834 696 et
868 653 917 695 in
951 667 1002 696 eo
1037 653 1272 695 daemones
1306 651 1545 694 imitantur
1578 652 1697 709 quod
1735 654 1845 696 tunc

368 722 575 780 prodesse
606 725 827 780 putantur
865 737 966 765 cum
998 737 1154 765 nocere
1188 721 1423 772 desistunt,
1455 721 1652 778 exceptis
1691 720 1846 778 paucis

371 791 448 849 qui
487 806 649 834 nomen
689 794 734 834 et
773 791 965 834 officium
1005 791 1197 848 pastoris
1236 790 1436 847 implent.
1516 790 1606 834 Sed
1655 794 1701 834 et
1749 790 1845 848 ipse

217 867 303 912 624
323 873 354 902 a
372 861 599 904 Romanus
638 860 844 918 pontifex
884 861 1090 903 omnibus
1132 860 1286 918 grauis
1326 863 1372 902 et
1412 859 1505 903 fere
1553 860 1848 904 intolerabilis

371 934 466 982 est;
511 932 741 987 praeterea
772 944 923 972 omnes
958 933 1156 987 arguunt
1196 929 1326 987 quod,
1356 929 1591 972 ruentibus
1631 931 1677 972 et
1715 929 1847 972 colla·
1869 950 1909 974 10

371 1000 580 1043 bentibus
601 999 794 1043 ecclesiis
815 1014 926 1056 quas
946 1003 1126 1056 patrum
1147 1000 1400 1043 construxit
1421 999 1613 1050 deuotio,
1628 999 1849 1042 altaribus

372 1085 548 1128 quoque
566 1069 759 1119 incultis,
772 1069 941 1126 palatia
956 1069 1127 1112 extruit
1148 1070 1302 1127 etipse
1318 1085 1408 1113 non
1424 1069 1555 1112 modo
1575 1071 1851 1126 purpuratus

373 1139 449 1183 sed
471 1139 711 1182 deauratus
730 1138 906 1181 incedit.
967 1139 1142 1182 Palatia
1160 1139 1396 1196 splendent
1422 1139 1701 1183 sacerdotum
1729 1142 1775 1182 et
1801 1138 1851 1181 in

371 1208 578 1251 manibus
599 1222 751 1251 eorum
773 1206 943 1252 Christi
964 1208 1220 1251 sordidatur
1241 1209 1449 1252 Ecclesia.
1511 1209 1848 1252 Prouinciarum

371 1278 593 1335 diripiunt
622 1277 764 1334 spolia
799 1291 850 1320 ac
880 1277 918 1320 si
949 1278 1182 1321 thesauros
1213 1278 1337 1322 Cresi
1377 1279 1590 1322 studeant
1629 1292 1848 1335 reparare.
1871 1297 1911 1331 15

373 1347 463 1391 Sed
492 1350 610 1390 recte
640 1361 741 1390 cum
771 1346 834 1389 eis
864 1347 961 1404 agit
994 1348 1264 1400 Altissimus‚
1301 1349 1512 1406 quoniam
1544 1351 1590 1391 et
1628 1347 1714 1405 ipsi
1750 1347 1852 1391 aliis

375 1421 422 1461 et
459 1431 589 1474 saepe
623 1416 852 1459 uilissimis
891 1417 1146 1461 hominibus
1185 1418 1279 1461 dati
1315 1421 1422 1461 sunt
1460 1418 1509 1460 in
1542 1418 1851 1475 direptionem.

377 1486 448 1537 Et,
468 1489 521 1529 ut
540 1485 709 1543 opinor,
729 1485 836 1527 dum
860 1486 922 1529 sic
943 1486 990 1528 in
1017 1486 1141 1530 inuio
1162 1488 1423 1538 errauerint,
1443 1502 1688 1544 numquam
1709 1487 1853 1530 deerit

377 1556 441 1599 eis
475 1555 700 1612 flagellum
737 1555 931 1599 Domini.
993 1556 1055 1599 Os
1085 1557 1304 1614 siquidem
1344 1557 1526 1601 Domini
1556 1557 1754 1601 locutum
1785 1558 1855 1600 est

378 1626 484 1683 quia
505 1640 592 1682 quo
613 1625 776 1668 iudicio
797 1625 1106 1677 iudicauerint,
1126 1627 1458 1678 iudicabuntur,
1479 1629 1524 1670 et
1544 1641 1626 1669 sua
1645 1641 1856 1669 mensura
1875 1641 1918 1666 20

379 1696 639 1739 remetietur
659 1695 733 1738 eis.
772 1695 1000 1751 Antiquus
1020 1695 1193 1739 dierum
1214 1697 1395 1740 mentiri
1416 1711 1506 1740 non
1527 1696 1668 1739 nouit.
1719 1696 1856 1747 Haec,

331 1772 361 1811 b
380 1766 575 1822 inquam,
615 1767 754 1822 pater,
794 1764 993 1821 loquitur
1039 1765 1241 1822 populus,
1286 1765 1645 1822 quandoquidem
1692 1765 1763 1808 uis
1803 1767 1857 1808 ut

380 1834 501 1878 illius
521 1833 605 1876 tibi
626 1833 870 1876 sententias
898 1833 1135 1890 proferam.
1198 1835 1257 1878 Et
1283 1838 1347 1885 tu,
1368 1835 1528 1892 inquit,
1549 1835 1658 1892 quid
1685 1835 1859 1880 sentis?

381 1902 641 1961 Angustiae,
654 1902 848 1959 inquam,
861 1906 968 1945 sunt
987 1903 1196 1960 undique.
1237 1904 1403 1947 Vereor
1423 1904 1541 1947 enim
1562 1919 1617 1947 ne
1639 1904 1858 1948 mendacii

381 1972 454 2015 uel
484 1972 755 2015 adulationis
785 1972 1044 2015 contraham
1074 1976 1227 2016 notam
1258 1973 1295 2016 si
1330 1974 1450 2017 solus
1485 1973 1649 2031 populo
1683 1977 1858 2017 contra·
1880 1990 1919 2024 ²5

381 2042 560 2094 dixero;
590 2041 660 2084 sin
690 2044 853 2093 autem,
882 2044 1057 2085 reatum
1084 2057 1241 2086 uereor
1267 2043 1516 2087 maiestatis
1543 2058 1599 2087 ne
1628 2046 1859 2101 tamquam

387 2147 428 2173 12
454 2135 620 2173 exstruit
637 2135 690 2172 B:
716 2134 885 2172 extruxit
902 2133 948 2171 A¹

383 2228 458 2303 3αέ
476 2230 547 2301 1⁹5³?
549 2223 663 2310 5333':
671 2220 750 2308 8⁶2⁰·
767 2244 775 2253 '
801 2216 1180 2311 v'8¹ffe¹0¹1¹⁰e72v.·23„{'a0.
1196 2276 1205 2301 2
1232 2218 1754 2301 „32315'1'32'2‘12‘33'13r55'ffi
1780 2218 1862 2303 ¹¹¹1ss

384 2314 572 2348 ruentibus
605 2314 676 2349 etc.
694 2323 703 2348 z
740 2311 794 2348 De
824 2311 927 2348 urbis
957 2311 1098 2348 Romae
1126 2311 1236 2348 ruina
1265 2312 1332 2348 sub
1358 2311 1541 2359 Gregorio
1568 2312 1640 2348 VII
1666 2312 1804 2350 effecta
1828 2325 1860 2350 v.

385 2359 587 2407 Gregorov.
609 2361 730 2396 (ἔσει-ἢ.
746 2361 812 2394 der
827 2361 931 2395 Stadt
949 2361 1038 2395 Rom
1057 2358 1118 2396 vii.
1136 2360 1159 2395 6
1178 2359 1195 2406 ξ
1215 2370 1238 2404 4
1257 2359 1320 2405 (iv.
1337 2372 1401 2406 pp.
1419 2361 1488 2406 238
1503 2360 1633 2415 seqq.).
1818 2371 1861 2398 12

412 2410 529 2444 alatia
544 2419 553 2443 ε
581 2406 765 2443 Hadriani
786 2407 836 2443 IV
847 2410 1061 2444 antecessor
1073 2407 1266 2453 proximus
1279 2407 1502 2443 Anastasius
1516 2407 1567 2443 IV
1580 2419 1621 2443 m
1635 2407 1863 2454 pontificatu

382 2421 609 2492 gravissimo
629 2455 676 2501 (8..
696 2465 732 2491 11
765 2460 918 2501 3-1154)
932 2456 1023 2500 fecit
1040 2457 1140 2501 apud
1155 2460 1318 2490 sanctam
1331 2457 1492 2491 Mariam
1513 2457 1708 2491 rotundam
1725 2467 1864 2492 nouum

384 2505 579 2550 palatium,
598 2505 640 2539 ut
665 2502 720 2539 ait
780 2514 842 2539 oso
866 2501 1072 2539 cardinalis
1100 2502 1283 2538 Hadriani
1306 2502 1357 2538 IV
1379 2501 1607 2539 camerarius
1647 2503 1864 2540 Watterich

388 2552 497 2587 Ponti
519 2551 638 2587 .Rom.
659 2551 727 2587 Vic.
742 2549 781 2586 ii.
801 2562 836 2596 p.
857 2560 950 2595 3²23
979 2548 1177 2586 Duchesne
1196 2551 1275 2586 Lib.
1291 2551 1424 2596 Pontis.
1440 2549 1478 2585 ii.
1492 2552 1598 2596 388);
1651 2562 1671 2588 e
1690 2549 1864 2597 Eugenio

391 2598 458 2639 ΙΙΙ,
513 2596 667 2634 nastasii
682 2597 800 2644 ipsius
813 2600 1062 2639 antecessore.
1077 2597 1179 2644 apud
1193 2597 1354 2634 eundem
1372 2597 1535 2643 legitur:
1561 2599 1731 2643 Hicfect't
1747 2611 1866 2635 unum

441 2647 571 2681 latium
587 2647 687 2700 apud
703 2650 868 2681 nanctum
885 2646 1032 2681 Petrum
1049 2651 1081 2680 et
1098 2647 1245 2690 Sv'ym‘ae
1255 2646 1410 2680 alterum
1425 2645 1654 2699 (Watterich
1666 2644 1706 2681 ii.
1722 2658 1758 2692 p.
1773 2647 1862 2692 283;

428 2694 589 2730 uchesne
607 2692 646 2728 1i.
665 2704 700 2739 p.
721 2694 816 2738 387).
938 2693 978 2729 18
1005 2694 1045 2727 in
1063 2694 1165 2728 inuio
1183 2694 1407 2729 errauem'nt:
1435 2705 1465 2728 v.
1484 2693 1542 2730 Ps.
1560 2705 1627 2729 cvi.
1646 2704 1702 2737 40.
1820 2703 1864 2740 19

391 2743 438 2778 Oe
456 2742 608 2776 Domini
624 2742 780 2777 locutum
797 2746 870 2776 est:
899 2739 969 2776 Isa.
988 2739 1014 2777 i.
1034 2750 1090 2780 20.
1110 2739 1199 2776 lviii.
1223 2750 1275 2786 ¹4·
1460 2750 1506 2776 20
1529 2752 1597 2788 quo
1616 2742 1750 2777 ἱαιίῐσίο
1768 2742 1838 2778 etc.
1854 2754 1864 2778 z

389 2800 421 2825 v.
443 2788 553 2825 Matt.
574 2787 632 2824 vii.
653 2798 683 2823 2.
792 2798 833 2824 21
864 2789 1048 2834 Antiquus
1064 2789 1227 2823 dierum:
1255 2787 1351 2824 Dan.
1369 2787 1431 2824 vii.
1451 2798 1483 2834 9.
1593 2798 1638 2833 24
1662 2790 1866 2835 Anquetiae

389 2842 475 2874 eunt
494 2837 676 2883 undique:
706 2835 799 2872 Dan.
820 2834 900 2872 xiii.
920 2845 963 2872 22
984 2834 1041 2882 (in
1059 2834 1218 2873 historia
1235 2834 1460 2882 Susannae).

502 2901 546 2936 68
