1988 3250
137 202 236 235 oAr.
253 188 354 250 x1v]
667 187 1104 234 POLICRATICVS
1612 191 1699 240 769
1717 189 1746 228 d

138 311 282 354 uirtus
314 310 471 366 eloquii
511 309 605 353 eius
635 309 912 362 innotuisset,
951 309 1097 352 cultus
1135 309 1396 365 operosioris
1433 309 1596 353 dicitur

135 379 352 437 appetisse
372 379 572 429 nitorem,
594 378 734 422 sciens
761 378 866 435 quia
893 392 1091 435 purpura
1117 378 1386 421 causidicum
1416 379 1572 421 uendit
1584 393 1593 430 3

134 452 192 499 at,
211 451 444 505 postquam
464 447 671 491 notitiam
698 450 744 490 et
764 446 930 489 famam
958 450 1183 490 assecutus
1214 450 1282 489 est
1307 447 1594 503 eloquentiae,

133 520 238 575 toga
266 519 499 560 contentus
530 519 609 568 est,
639 516 787 559 dicens
818 530 864 558 se
896 516 1010 558 uelle
1034 515 1119 558 sibi
1149 530 1176 557 a
1205 530 1252 558 se
1282 516 1429 572 potius
1459 531 1591 572 quam

94 605 114 640 5
133 601 161 629 a
189 587 333 630 nitore
362 587 554 629 uestium
584 589 664 629 aut
692 585 816 629 cultu
848 585 1068 642 exquisito
1097 587 1298 627 constare
1328 584 1528 641 gloriam.

250 672 407 715 Omnis
435 671 714 728 Aristippum
745 669 893 713 decuit
921 669 1039 713 color
1069 672 1114 712 et
1144 672 1288 712 status
1319 672 1365 712 et
1394 684 1475 715 res,
1609 683 1689 723 770
1709 685 1739 713 a

247 730 456 784 Quolibet
485 729 668 772 indutus
697 728 978 772 celeberrima
1006 742 1086 785 per
1114 728 1209 771 loca
1238 727 1377 771 uadit.

132 822 272 876 Quem
317 822 434 865 enim
482 821 686 878 proprius
729 820 896 864 attollit
935 820 1084 870 honos,
1124 819 1276 862 uilitas
1314 819 1460 862 aliena
1502 834 1592 862 non

130 891 350 948 deprimit.
421 890 756 933 Emendicatum
795 889 939 932 laudis
978 889 1157 932 uidetur
1196 903 1288 932 esse
1331 888 1591 946 suffragium

71 973 113 999 ιο
131 960 247 1017 quod
296 960 352 1003 ab
401 959 658 1002 extrinsecis
705 958 879 1016 pendet.
954 957 1156 1001 Profecto
1206 958 1339 1000 unius
1389 958 1590 1015 egregiae

129 1029 313 1073 uirtutis
332 1029 465 1072 titulo
485 1029 668 1086 quisque
698 1028 839 1085 magis
862 1027 1062 1071 clarescit
1082 1042 1215 1084 quam
1236 1028 1590 1085 splendidissimo

129 1098 331 1141 luxuriae
363 1098 656 1141 instrumento
692 1100 737 1140 et
775 1097 894 1140 omni
934 1096 1149 1140 lenocinio
1188 1097 1413 1140 uanitatis.
1473 1096 1588 1141 Cum

129 1181 234 1224 ergo
266 1166 411 1210 uirtus
441 1165 584 1209 omnis
615 1180 642 1208 a
676 1180 722 1209 se
756 1165 931 1223 polleat,
967 1166 1140 1209 iustitia
1173 1166 1334 1210 clarius
1374 1166 1587 1210 enitescit.

129 1235 276 1279 Huius
302 1235 365 1279 rei
392 1234 671 1278 Temistocles
701 1235 954 1278 testimonio
981 1240 1048 1278 est
1069 1240 1114 1279 et
1140 1236 1353 1293 exemplo,
1379 1236 1467 1292 qui,
1488 1250 1587 1279 cum

70 1321 111 1356 15
128 1304 414 1347 saluberrimo
448 1303 628 1347 consilio
658 1303 952 1347 Athenienses
987 1305 1033 1347 in
1065 1305 1247 1348 classem
1287 1304 1478 1362 migrare
1518 1318 1586 1348 co-

127 1374 288 1432 egisset
319 1373 541 1430 Xerseque
575 1387 677 1431 rege
712 1376 757 1416 et
791 1374 927 1431 copiis
956 1374 1051 1418 eius
1081 1374 1237 1419 Grecia
1266 1375 1405 1432 pulsis
1435 1374 1587 1416 ruinas

126 1443 294 1501 patriae
314 1442 361 1486 in
381 1445 547 1486 statum
566 1442 803 1500 pristinum
828 1443 1091 1487 reformaret
1111 1447 1156 1487 et
1176 1459 1280 1501 opes
1300 1443 1586 1487 clandestinis

125 1511 424 1555 molitionibus
444 1511 500 1554 ad
524 1512 820 1569 principatum
846 1512 1026 1556 Greciae
1046 1513 1359 1571 capessendum
1380 1512 1585 1562 nutriret,
1603 1514 1632 1552 b

125 1580 243 1624 dixit
261 1581 308 1623 in
328 1581 530 1625 contione
550 1595 596 1624 se
620 1581 780 1624 habere
805 1596 897 1625 rem
925 1582 1240 1626 deliberatione
1260 1598 1341 1626 sua
1360 1582 1585 1640 prouisam

65 1666 110 1692 πο
125 1663 236 1707 quae
249 1649 286 1694 si
301 1649 534 1693 sortiretur
548 1650 762 1703 effectum,
777 1650 913 1694 nichil
930 1652 1072 1695 maius
1087 1656 1167 1695 aut
1181 1652 1407 1709 potentius
1422 1651 1585 1709 populo

125 1718 384 1763 Atheniensi
406 1718 608 1762 futurum
630 1720 830 1773 asseruit,
850 1721 926 1764 sed
947 1736 1043 1764 eam
1064 1722 1239 1780 uulgari
1261 1736 1350 1764 non
1369 1724 1584 1778 oportere,

123 1788 350 1846 postulans
384 1788 575 1846 aliquem
607 1789 703 1832 dari
735 1790 806 1833 cui
845 1791 979 1834 tacite
1019 1794 1323 1848 exponeretur.
1384 1790 1438 1833 Ei
1478 1805 1583 1848 ergo

123 1857 254 1901 datus
292 1860 359 1900 est
396 1857 615 1902 Aristides
653 1859 736 1910 uel,
771 1863 823 1902 ut
860 1860 960 1903 aliis
999 1860 1154 1917 placet,
1194 1860 1459 1911 Aristotsses,
1499 1859 1582 1902 etsi

123 1930 364 1985 supputata
394 1927 508 1971 ratio
541 1929 752 1986 temporis
784 1929 950 1973 indicet
983 1930 1286 1974 Temistoclem
1327 1933 1372 1974 et
1411 1930 1581 1973 Aristo-

65 2014 106 2048 ²5
123 1995 248 2039 tilem
290 2010 444 2039 coeuos
486 2010 575 2039 non
614 1996 762 2040 fuisse.
822 1997 868 2041 Is
906 2002 1067 2050 autem,
1099 2003 1333 2056 postquam
1372 1999 1582 2056 cognouit

124 2079 224 2108 eum
255 2064 368 2108 uelle
402 2064 630 2109 incendere
665 2066 846 2110 classem
881 2067 1308 2119 Loeedemoniorum,
1338 2083 1450 2125 quae
1477 2068 1578 2111 sub-

123 2133 256 2177 ducta
294 2136 390 2177 erat
429 2134 546 2191 apud
585 2135 828 2188 Gittheum,
863 2140 915 2180 ut
954 2152 1006 2180 ea
1044 2141 1305 2195 consumpta
1336 2138 1579 2181 dominatio

122 2201 257 2245 maris
285 2202 393 2259 ipsis
420 2203 603 2255 cederet,
632 2206 843 2262 processit
872 2206 929 2249 ad
958 2206 1077 2250 ciues
1106 2210 1152 2250 et
1181 2207 1337 2250 retulit
1366 2207 1578 2249 Temisto-

122 2271 231 2314 clem
253 2274 306 2314 ut
328 2271 438 2315 utile
459 2273 700 2326 consilium,
721 2274 786 2318 ita
811 2275 991 2319 minime
1018 2276 1185 2319 iustum
1212 2277 1360 2319 animo
1387 2276 1577 2319 uoluere.

63 2362 107 2395 30
124 2339 160 2382 E
191 2340 380 2398 uestigio
412 2341 619 2386 uniuersa
649 2344 795 2393 contio
828 2345 990 2388 clamat
1025 2345 1071 2388 id
1108 2346 1225 2403 quod
1263 2346 1479 2388 iniustum
1509 2349 1577 2388 est

123 2450 144 2486 8
169 2448 297 2485 aliena
311 2460 376 2485 om.
394 2449 433 2485 M
573 2460 597 2497 9
622 2462 699 2488 esse
716 2452 868 2490 uidetur
882 2453 915 2489 A
1060 2464 1104 2490 10
1129 2454 1307 2502 eggregie
1325 2454 1386 2490 ΟΒ
1533 2465 1547 2491 1
1558 2465 1572 2491 1

121 2495 243 2542 magis
258 2507 325 2532 om.
350 2495 512 2532 OBASM
703 2509 745 2544 19
768 2499 971 2538 comitione
988 2500 1140 2537 CBA¹M
1342 2511 1386 2546 27
1412 2501 1576 2548 gitteum

119 2543 199 2579 AS:
223 2543 426 2591 gyttheum
442 2543 481 2579 M
622 2555 668 2592 30
690 2546 832 2584 iustum
849 2550 906 2585 est
919 2547 1009 2585 0¹8:
1036 2548 1179 2586 iustum
1196 2561 1272 2586 non
1288 2551 1344 2586 est
1361 2549 1386 2585 S
1403 2562 1516 2595 mary.
1535 2550 1576 2586 M

168 2653 189 2678 2
208 2652 380 2687 purpura
396 2643 615 2695 capsidicum
631 2644 757 2678 uendit
773 2655 782 2680 x
808 2643 885 2681 Iuv.
901 2645 976 2680 Sat.
994 2644 1056 2682 vii.
1078 2654 1154 2692 135,
1177 2647 1253 2690 136.
1400 2647 1423 2683 6
1450 2648 1575 2683 Omnis

120 2691 212 2727 eta:
237 2688 326 2744 H.⁰¹'·
343 2689 415 2733 Ep.
431 2699 455 2723 1.
475 2697 528 2732 ¹7·
546 2698 601 2734 23,
620 2691 677 2726 28.
842 2700 862 2735 7
889 2693 1070 2735 Quolibet:
1095 2694 1265 2738 quidlibet
1282 2692 1372 2730 Hor.
1552 2705 1575 2740 9

120 2737 414 2817 E'mendufat‘urlrg8
422 2737 492 2818 ⁴2?ss
504 2747 524 2801 ε.
538 2733 591 2818 1ἰο
601 2738 1044 2832 ξγοὲιεηῗίίασζτίῖίεαᾞίίξ
1063 2740 1110 2822 {fi
1125 2739 1364 2823 Cod.21usti111.
1380 2739 1430 2823 itx.
1446 2750 1467 2776 2
1483 2740 1500 2787 ξ
1520 2751 1576 2785 14.

119 2794 168 2867 aid
176 2785 448 2876 szsswztocnm
465 2808 707 2876 interpolavit
723 2794 1039 2870 Ioannessnoster.
1088 2813 1097 2822 ⁹
1241 2798 1261 2833 3
1286 2799 1330 2824 “e
1363 2799 1382 2824 e
1404 2799 1438 2823 e·
1455 2800 1574 2834 usque

1398 2914 1461 2946 3³1
