1988 3250
203 183 285 234 763
302 181 334 223 d
675 182 939 228 IOANNIS
977 182 1493 229 SARESBERIENSIS
1593 182 1708 246 [ΜΒ.
1723 195 1823 229 vnr

348 302 468 360 quod
496 303 818 347 habundabant
845 303 1049 348 dulcibus
1076 304 1213 348 uitiis.
1271 304 1418 349 Velles
1451 305 1569 349 enim
1601 319 1703 348 eum
1737 318 1818 349 suo

348 373 528 430 ingenio
547 373 725 427 dixisse,
745 373 890 417 alieno
909 373 1084 417 iudicio.
1143 374 1263 417 Nam
1289 374 1328 418 si
1354 374 1420 418 nil
1446 375 1698 432 aequalium
1716 389 1818 418 con·

348 442 612 499 tempsisset,
643 442 681 486 si
715 457 874 500 parum
907 456 998 485 non
1031 442 1318 500 concupisset,
1349 443 1388 486 si
1422 458 1512 486 non
1550 443 1700 486 omnia
1737 457 1819 486 sua

349 514 553 564 amasset,
590 511 629 555 si
678 526 826 555 rerum
871 511 1068 569 pondera
1106 512 1415 555 minutissimis
1457 512 1690 555 sententiis
1727 526 1819 556 non

198 581 284 633 764
303 592 334 622 a
351 579 569 639 fregisset,
617 595 832 624 consensu
880 580 1030 638 potius
1078 581 1355 624 eruditorum
1398 595 1531 638 quam
1579 595 1819 639 puerorum
1838 595 1858 630 5

350 664 499 693 amore
532 650 902 707 comprobaretur.
977 650 1144 692 Verum
1182 649 1244 693 sic
1284 664 1457 707 quoque
1496 650 1586 693 iam
1625 650 1820 694 robustis

351 722 398 762 et
426 719 645 762 seueriore
674 733 834 776 genere
861 718 970 762 satis
995 719 1185 761 firmatis
1212 718 1447 776 legendum
1472 719 1545 762 uel
1570 719 1670 763 ideo
1701 718 1820 776 quod

351 803 554 832 exercere
583 791 730 846 potest
759 791 998 845 utrumque
1028 787 1252 831 iudicium.
1312 788 1458 831 Multa
1487 788 1617 840 enim,
1635 791 1689 832 ut
1712 788 1821 840 dixi,

351 858 580 915 probanda
609 858 657 900 in
683 872 745 908 eo,
766 857 910 900 multa
929 857 1064 900 etiam
1084 856 1346 900 admiranda
1365 859 1472 900 sunt
1490 873 1500 908 ;
1530 857 1692 915 eligere
1711 871 1819 901 uero

351 941 483 971 curae
502 928 574 981 sit,
594 927 712 984 quod
739 927 913 970 utinam
941 926 1034 983 ipse
1062 925 1249 969 fecisset.
1308 925 1459 984 Digna
1484 927 1603 970 enim
1626 926 1717 971 fuit
1742 926 1822 970 illa
1840 943 1885 969 ιο

275 1007 282 1015 ·
351 999 516 1039 natura
541 1011 654 1054 quae
681 996 864 1039 meliora
889 995 1026 1038 uellet
1038 1009 1049 1047 3
1084 995 1202 1052 quod
1228 994 1374 1038 uoluit
1404 995 1559 1039 effecit.
1620 995 1743 1040 Haec
1773 995 1823 1039 in

354 1066 566 1110 Senecam
595 1065 925 1119 Quintilianus3
955 1064 1032 1108 sed
1059 1079 1119 1107 an
1145 1067 1262 1107 recte
1289 1064 1477 1108 senserit
1505 1065 1823 1122 sapientiorum

353 1136 521 1179 iudicio
546 1135 816 1192 derelinquo.
876 1134 974 1177 Hoc
1000 1137 1151 1178 tamen
1177 1133 1296 1191 quod
1321 1134 1362 1177 ei
1389 1134 1612 1187 adscribit,
1634 1134 1824 1178 multam

354 1220 528 1248 morum
566 1205 734 1248 scilicet
771 1203 1050 1261 elegantiam,
1085 1203 1168 1246 etsi
1197 1203 1246 1246 in
1275 1203 1520 1260 eloquendo
1557 1205 1824 1261 corruptam,

354 1289 635 1332 nequaquam
683 1273 877 1317 arbitror
924 1273 1260 1316 detrahendum.
1340 1273 1528 1316 Moralia
1575 1287 1680 1331 ergo
1729 1273 1824 1317 eius
1842 1293 1884 1329 15

356 1347 592 1402 praecepta
611 1343 920 1394 admittantur,
940 1345 986 1386 et
1006 1357 1057 1386 eo
1075 1357 1237 1400 genere
1259 1342 1469 1400 loquatur
1495 1342 1680 1400 quisque
1707 1341 1825 1400 quod

307 1418 337 1456 b
363 1414 521 1458 ceteris
547 1413 755 1470 praefert,
775 1415 822 1455 et
841 1412 1024 1469 planum
1051 1412 1138 1455 erit
1157 1411 1380 1455 uirtutum
1405 1411 1575 1455 riuulos
1601 1412 1656 1455 de
1682 1411 1826 1469 puris·

357 1483 470 1527 simo
508 1482 634 1526 fonte
674 1481 950 1539 frugalitatis
988 1481 1109 1525 oriri.
1187 1481 1415 1539 Legantur
1455 1481 1679 1538 Epistolae
1717 1481 1827 1535 eius,

356 1552 461 1596 libri
491 1552 546 1595 de
576 1551 807 1595 Beneficiis
839 1553 920 1594 aut
948 1549 1207 1602 Clementia,
1236 1550 1303 1594 illi
1333 1565 1507 1608 quoque
1537 1565 1646 1608 quos
1676 1550 1825 1594 decem

358 1622 599 1666 Oratorum
618 1620 852 1664 sententiis
878 1619 961 1663 sub
985 1619 1178 1678 imagine
1198 1620 1570 1664 declamationum
1589 1619 1824 1664 scolarium
1843 1636 1888 1661 πο

356 1691 614 1743 illustrauit,
635 1694 681 1734 et
707 1690 771 1733 hii
793 1704 902 1748 quos
926 1689 982 1732 de
1002 1689 1296 1733 Naturalibus
1321 1689 1663 1743 Quaestionibus
1683 1689 1826 1733 edidit

356 1764 403 1804 et
422 1775 531 1818 quos
546 1760 600 1803 de
621 1758 900 1817 philosophia
914 1772 1071 1816 parum
1088 1758 1323 1817 diligentes
1338 1759 1488 1816 arguit
1503 1758 1827 1812 Quintilianus;

356 1830 522 1887 ubique
553 1828 696 1872 fidelis
726 1831 875 1872 custos
905 1828 1102 1880 uirtutis,
1136 1828 1300 1885 ubique
1332 1828 1546 1872 uitiorum
1580 1827 1720 1872 hostis
1754 1842 1827 1872 oc-

356 1900 509 1950 currit,
539 1902 693 1942 tantus
724 1898 879 1954 utique
910 1900 964 1940 ut
998 1912 1098 1940 eum
1136 1899 1314 1949 Fronto,
1340 1898 1582 1942 secundum
1612 1897 1827 1955 quosdam

359 1983 495 2027 nepos
517 1967 756 2018 Plutarchi,
776 1967 902 2011 cuius
921 1967 1125 2011 meminit
1145 1966 1192 2010 in
1212 1967 1355 2025 primo
1375 1967 1603 2011 quenalis
1622 1967 1712 2011 sic:
1847 1982 1889 2017 ²5

463 2048 700 2092 Frontonis
730 2047 900 2105 platani
929 2047 1227 2105 conuulsaque
1257 2062 1478 2091 marmora
1507 2048 1727 2102 clamant;

361 2145 534 2188 semper
571 2144 684 2179 eum,
725 2129 918 2185 inquam,
957 2128 1019 2172 sic
1058 2129 1217 2172 asserit
1262 2129 1493 2173 uniuersos
1531 2128 1829 2173 exterminare

365 2256 381 2284 1
409 2245 655 2282 abundabant
672 2244 754 2281 BA·
907 2244 932 2282 6
955 2254 1103 2291 quoque
1120 2243 1173 2281 aio
1190 2242 1236 2280 Αι
1367 2253 1411 2291 19
1434 2256 1458 2281 x
1475 2243 1531 2281 CS
1655 2253 1698 2281 αι
1726 2242 1770 2280 hi
1787 2242 1829 2280 M

361 2305 381 2330 2
388 2303 406 2341 5
435 2292 637 2340 plutarchy
655 2291 683 2329 0

410 2412 431 2448 7
456 2404 667 2448 leyendum:
692 2403 860 2447 leyendus
876 2400 1033 2445 Quintil.
1211 2410 1255 2445 ²4
1280 2401 1416 2438 Fronto
1433 2402 1531 2438 eta:
1557 2399 1604 2438 cf.
1621 2398 1724 2438 infra
1739 2411 1771 2438 c.
1791 2407 1835 2447 19

365 2451 450 2496 (792
466 2451 509 2495 Α)
543 2451 700 2485 Latinas
732 2448 910 2496 [litteras]
946 2454 1065 2484 autem
1105 2460 1185 2484 eum
1219 2448 1283 2495 [sc.
1318 2447 1369 2485 M.
1411 2447 1664 2493 Antoninum]
1696 2448 1835 2486 Fronto

364 2499 611 2535 nobilissimus
635 2502 758 2533 orator
780 2498 897 2532 docuit
922 2501 954 2532 et
975 2507 1045 2542 pro
1066 2497 1292 2542 quorundam
1313 2497 1483 2550 opinione
1504 2495 1694 2532 Plutarchi
1715 2505 1836 2542 nepos.

363 2545 461 2582 Vide
480 2556 576 2590 quac
593 2544 639 2580 de
657 2543 728 2580 hac
747 2555 786 2580 re
803 2542 936 2590 scripsi
956 2544 1131 2579 Classical
1147 2544 1286 2579 Bem'ew
1302 2555 1354 2579 xi.
1371 2554 1407 2590 p.
1424 2552 1491 2590 305
1512 2554 1586 2589 seq.
1605 2545 1645 2580 et
1662 2554 1706 2579 su
1737 2554 1779 2579 ra
1793 2541 1835 2579 in

366 2591 512 2638 Prolcg.
532 2591 579 2628 ad
598 2592 728 2627 Potior.
937 2592 981 2627 26
1006 2591 1202 2627 Frontonis
1226 2592 1316 2627 etc.:
1356 2590 1432 2626 luv.
1450 2593 1526 2628 Sat.
1544 2590 1567 2627 i.
1590 2600 1641 2627 12.
1724 2590 1834 2627 ronto

366 2641 494 2677 autem
521 2639 567 2674 dc
592 2649 667 2684 quo
693 2637 864 2684 loquitur
888 2637 1076 2674 Iuvenalis
1088 2639 1346 2721 ffimeceptore
1365 2637 1415 2673 M.
1434 2637 1623 2675 Antonini
1639 2636 1838 2692 antiquior

369 2686 484 2724 suine
503 2685 660 2722 videtur.
837 2693 880 2730 27
907 2687 1059 2721 amr-ie:
1129 2685 1209 2721 aius
1232 2697 1271 2721 m
1292 2685 1492 2722 Frontonis
1508 2685 1565 2722 ed.
1587 2685 1677 2730 1846
1725 2712 1734 2721 .
1758 2694 1836 2721 xvn

370 2737 379 2753 ⁶
392 2733 473 2771 Reli
502 2745 549 2770 ua
569 2736 696 2770 autem
715 2744 787 2778 quo
813 2734 925 2779 pacto
946 2732 1068 2769 dicere
1091 2732 1258 2778 potuerit
1276 2732 1578 2774 Saresberiensis,
1594 2697 1837 2787 niarkpronto-

370 2794 456 2818 nem
506 2793 526 2816 e
546 2781 687 2818 Sem-ca
710 2780 939 2816 scribentem
953 2781 961 2795 '
982 2783 1060 2822 aut.
1081 2783 1125 2816 ut
1149 2780 1287 2817 addere
1310 2779 1411 2822 licet.
1433 2779 1550 2817 alium
1574 2790 1700 2817 nescio
1724 2789 1835 2826 quem

369 2829 591 2876 scriptorem
611 2826 811 2866 Frontonis
828 2827 873 2865 de
892 2827 1037 2865 Seneca
1059 2827 1241 2864 iudicium
1264 2827 1484 2866 laudantem
1503 2830 1511 2846 ⁸
1527 2827 1676 2875 legerit,
1699 2824 1837 2864 eruditi

480 2909 549 2943 ³²0
