1988 3250
266 205 349 254 807
366 204 397 244 b
737 198 998 247 IOANNIS
1036 201 1548 247 SARESBERIENSIS
1654 199 1766 262 [ΜΒ.
1779 213 1872 246 vm

365 327 395 366 b
412 323 499 367 Vbi
519 322 767 366 Willelmus
785 322 1156 367 Saresberiensis'?
1212 323 1301 366 Vbi
1321 322 1510 366 Marmio
1524 322 1600 380 qui
1619 321 1874 379 impellente

412 392 544 436 beata
562 392 746 450 Virgine
774 392 932 436 incidit
957 392 1006 435 in
1027 391 1204 439 foueam
1233 407 1366 449 quam
1392 392 1608 449 parabat?
1665 391 1752 434 Vbi
1782 391 1873 444 alii,

413 476 601 519 quorum
632 462 704 505 uel
738 462 918 506 nomina
950 462 1214 506 conficerent
1246 462 1443 505 librum?
1513 461 1687 505 Horum
1717 461 1874 518 utique

412 531 585 574 malitia
603 531 791 589 insignis
810 535 888 584 est,
908 531 1096 574 infamia
1114 531 1307 585 celebris,
1326 531 1486 574 infelix
1506 531 1653 574 exitus
1677 533 1722 574 et
1741 545 1874 588 quem

411 614 618 657 praesens
637 603 731 644 etas
758 601 962 658 ignorare
987 615 1077 643 non
1105 603 1264 658 potest.
1324 600 1375 643 Si
1404 614 1508 658 ergo
1539 600 1638 657 quis
1666 599 1874 656 antiquas
1892 617 1912 652 5

412 670 552 713 nescit
572 670 794 722 historias,
814 670 854 714 si
880 670 1056 728 ignorat
1086 669 1303 726 quomodo
1332 669 1478 723 Cirus‚
1496 671 1567 713 cui
1597 685 1721 728 reges
1746 673 1876 727 terga

410 739 693 797 praebebant,
728 755 755 783 a
786 740 940 797 regina
979 739 1201 782 Scitarum
1235 739 1400 782 Tamiri
1438 742 1687 796 prostratus
1725 743 1805 790 est,
1836 739 1876 782 si

410 823 538 853 casus
557 811 603 852 et
621 809 881 866 praecipitia
906 808 1263 866 praecedentium
1290 822 1379 851 non
1409 808 1562 851 recolit
1585 809 1876 861 tirannorum,

410 878 483 922 uel
503 893 556 921 ea
575 893 687 935 quae
707 878 843 921 oculis
862 878 1127 935 ingeruntur
1141 876 1298 919 inuitis
1312 876 1528 930 attendat,
1543 880 1589 921 et
1603 877 1699 922 luce
1713 878 1876 922 clarius

409 947 658 991 intuebitur
676 962 827 991 omnes
846 947 1046 990 tirannos
1066 946 1247 990 miseros
1266 960 1369 989 esse.
1894 962 1937 988 ιο

454 1116 560 1174 Cap.
583 1129 650 1161 22.
690 1116 754 1160 De
778 1116 969 1160 Gedconc
988 1116 1148 1173 forma
1165 1114 1531 1172 praesidentium
1550 1118 1590 1159 et
1609 1115 1842 1161 Antiocho.

471 1214 591 1268 Quid
611 1214 762 1271 itaque
782 1213 867 1256 sibi
887 1213 1029 1256 uelint
1049 1212 1125 1270 qui
1146 1226 1238 1254 rem
1258 1211 1491 1269 publicam,
1511 1211 1558 1255 id
1578 1215 1645 1256 est
1663 1213 1876 1271 populum

414 1282 510 1333 Dei,
532 1283 730 1326 indebito
749 1282 980 1326 seruitutis
999 1282 1104 1339 iugo
1124 1281 1333 1324 nituntur
1351 1282 1609 1339 opprimere,
1625 1297 1714 1326 non
1733 1283 1876 1337 uideo,

372 1368 398 1398 c
414 1353 500 1396 nisi
535 1353 651 1396 forte
686 1367 738 1395 ea
770 1353 824 1395 de
856 1366 988 1397 causa
1026 1351 1271 1409 potentiam
1311 1354 1526 1408 appetant
1564 1353 1617 1395 ut
1655 1355 1878 1396 tormenta

416 1465 432 1493 1
461 1454 686 1492 Guillelmus
702 1454 834 1492 CBSM
929 1453 1203 1491 saresbiriensis
1220 1453 1245 1490 S
1387 1464 1408 1500 3
1434 1453 1590 1491 nomina
1606 1454 1670 1492 uel
1685 1453 1731 1491 A·

462 1563 477 1590 1
511 1555 711 1590 Willelmus
735 1554 1035 1590 Saresberiensis:
1070 1552 1126 1590 De
1152 1563 1197 1590 eo
1223 1565 1256 1588 v.
1283 1551 1429 1600 Round,
1461 1554 1623 1600 Geoffrey
1653 1555 1696 1590 de
1723 1555 1880 1591 Mande-

411 1602 504 1646 m'lle,
537 1613 574 1648 p.
610 1603 690 1646 276.
754 1600 896 1638 Eodem
937 1612 1048 1643 anno,
1081 1602 1125 1636 ut
1161 1599 1277 1637 refert
1317 1602 1410 1637 Gest.
1446 1603 1565 1647 Steph.
1607 1600 1768 1649 scriptor
1801 1603 1876 1648 (ed.

412 1647 594 1692 Howlett,
617 1661 654 1695 p.
676 1648 751 1694 96),
774 1660 847 1695 quo
872 1647 988 1686 etiam
1014 1646 1163 1684 interiit
1185 1646 1277 1683 Milo
1302 1659 1425 1684 comes
1450 1647 1695 1686 Herefordiae
1722 1649 1784 1694 (de
1802 1661 1876 1696 quo

411 1698 552 1742 supra),
582 1697 781 1732 willelmus
807 1723 816 1732 .
843 1723 852 1733 .
882 1723 891 1732 .
920 1697 1081 1732 ciuitatis
1111 1696 1331 1731 Saresbiriae
1359 1701 1571 1742 praeceptor
1599 1708 1636 1732 eo
1667 1702 1822 1743 tempore
1843 1702 1878 1735 et

411 1746 605 1790 municeps,
627 1745 817 1779 horrendis
841 1745 883 1779 in
909 1744 1054 1788 somnis,
1083 1744 1164 1788 ipsa
1192 1744 1351 1788 Vimine,
1376 1748 1417 1779 ut
1441 1745 1557 1786 aiunt,
1582 1745 1652 1779 sibi
1679 1746 1875 1790 assistente,

409 1792 602 1827 deterritus
633 1792 755 1833 minis,
786 1793 848 1826 sed
879 1796 911 1827 et
943 1791 1138 1826 dirissimis
1172 1791 1392 1826 ineuitabilis
1423 1793 1664 1836 aeym'tudinis
1695 1797 1878 1838 correptus

402 1839 575 1883 flayellis,
604 1839 697 1874 lento
722 1840 867 1874 tandem
892 1840 1054 1874 cruciatu
1082 1842 1198 1873 tortus
1224 1839 1373 1874 interiit.
1431 1837 1589 1874 Comitis
1614 1837 1770 1875 titulum
1799 1850 1877 1877 non

410 1885 547 1922 habuit
587 1885 746 1931 ideoque
788 1897 812 1921 a
849 1886 989 1922 Ioanne
1024 1884 1126 1921 haud
1161 1883 1264 1922 inter
1303 1884 1459 1922 comites
1494 1897 1534 1922 re
1590 1885 1603 1921 i
1644 1885 1875 1925 nominatur.

411 1934 570 1968 Marmio
586 1935 678 1970 etc.:
704 1932 728 1969 i.
742 1944 773 1970 e.
794 1932 981 1970 Robertus
1003 1931 1164 1969 Marmio
1185 1932 1246 1978 (de
1290 1944 1336 1969 uo
1354 1945 1386 1968 v.
1411 1932 1450 1969 C.
1477 1932 1515 1969 L.
1536 1897 1759 1980 ffingsford,
1778 1935 1874 1972 Dict.

409 1981 495 2016 Nat.
514 1982 614 2026 Bioq.
631 1980 753 2017 xxxvi.
777 1990 843 2026 ¹90
858 1982 989 2026 seqq-L
1008 1981 1121 2023 homo,
1139 1982 1182 2016 ut
1198 1979 1253 2016 ait
1321 1979 1485 2016 illelmus
1510 1980 1555 2016 de
1574 1980 1798 2028 Novoburgo
1820 1980 1877 2020 iii.

413 2037 456 2065 12
475 2027 548 2071 (ed.
564 2027 741 2071 Howlett,
760 2039 796 2074 p.
813 2034 888 2073 47),
902 2029 1093 2070 bellicosus,
1103 2029 1257 2072 ferocia,
1275 2030 1420 2071 astutia,
1441 2030 1598 2064 audacia
1606 2030 1689 2074 fere
1704 2030 1877 2066 nullisne

409 2079 565 2122 tempore
581 2077 713 2122 impar,
731 2074 796 2121 qui
814 2087 894 2111 cum
911 2101 919 2111 .
939 2102 948 2111 .
967 2102 975 2111 .
988 2076 1218 2121 praeclaram
1244 2076 1347 2111 illam
1372 2077 1552 2111 ecclesiam
1571 2075 1634 2122 (sc.
1653 2075 1878 2114 Coventren-

409 2123 503 2168 sem)
529 2124 682 2159 exclusis
702 2124 818 2159 eet-uia
844 2124 914 2159 Dei
938 2127 970 2158 et
997 2124 1213 2158 intromissis
1241 2124 1453 2158 satellitibus
1476 2124 1613 2159 diaboli
1631 2126 1878 2171 profanasset,

410 2181 558 2217 cumque
589 2169 629 2206 in
663 2182 712 2217 pu
769 2182 792 2207 a
823 2172 956 2207 contra
989 2169 1197 2206 Ranulfum
1231 2169 1407 2206 comitem
1439 2169 1672 2207 cestrensem
1706 2171 1768 2219 (de
1800 2182 1875 2218 quo

410 2219 539 2263 supra)
553 2228 588 2254 a.
608 2228 697 2263 1144
724 2220 820 2258 acta,
833 2220 873 2253 in
891 2223 1076 2263 conspectu
1091 2229 1238 2253 suorum
1251 2219 1394 2263 pariter
1409 2223 1441 2254 et
1457 2218 1613 2254 hostium
1629 2230 1715 2266 equo
1731 2230 1876 2266 spumeo

410 2277 491 2300 cum
499 2267 606 2310 saetu
623 2267 737 2301 nimio
753 2266 948 2308 ueheretur,
965 2277 1051 2301 suae
1067 2267 1160 2300 artis
1177 2267 1368 2308 immemor,
1387 2278 1473 2301 nam
1495 2267 1644 2309 crebras,
1663 2270 1704 2302 ut
1727 2268 1876 2311 dicitur,

410 2314 452 2348 in
469 2324 593 2359 campo
600 2314 724 2358 fossae
738 2314 890 2359 fecerat,
914 2314 1042 2359 quibus
1065 2313 1180 2348 hostes
1205 2314 1263 2347 uel
1287 2318 1496 2349 arcerentur
1518 2314 1577 2349 uel
1601 2314 1875 2361 impedirentur,

409 2361 543 2397 iudicio
570 2363 720 2407 inquam
743 2361 824 2403 Dei,
847 2372 933 2396 cuae
957 2362 1048 2396 anic
1072 2360 1132 2395 uel
1155 2362 1273 2405 operis
1297 2362 1493 2404 immemor,
1518 2362 1646 2397 incidit
1667 2362 1709 2397 in
1724 2363 1876 2408 foueam

481 2420 515 2443 m
535 2409 653 2453 secit,·
678 2409 868 2455 fractoque
883 2409 1023 2452 femore
1047 2418 1218 2452 emeruere
1243 2420 1315 2444 non
1338 2409 1467 2450 valens,
1493 2420 1517 2443 a
1549 2410 1703 2454 quodam
1725 2410 1878 2455 iqnobili

406 2419 590 2492 milium
633 2457 771 2492 artium
787 2456 950 2500 satellite,
967 2458 1104 2491 cunctis
1120 2455 1204 2491 hinc
1222 2456 1304 2491 inde
1320 2456 1536 2499 uidentibus,
1554 2457 1669 2502 capite
1685 2460 1876 2497 truncatus

407 2507 468 2539 eet.
517 2502 573 2540 Cf.
628 2514 708 2539 enr.
725 2502 920 2540 Huntend.
936 2501 993 2540 ed.
1006 2501 1157 2542 Amold.
1170 2514 1206 2548 p.
1221 2511 1288 2547 277
1307 2505 1403 2538 inter
1418 2504 1576 2549 inqentee
1587 2514 1735 2540 cuorum
1747 2515 1876 2541 cuneos

408 2561 529 2585 coram
560 2551 637 2596 ipso
666 2551 880 2587 monasterio
914 2551 978 2594 (sc.
1011 2549 1268 2595 Coventrensi)
1301 2551 1399 2587 solus
1431 2552 1638 2597 interfectus
1670 2556 1719 2587 eet
1750 2556 1783 2587 et
1814 2562 1872 2587 eso-

409 2600 693 2634 commum‘catue
724 2602 834 2634 morte
865 2598 1073 2644 depascitur
1102 2602 1258 2633 aeterna.
1414 2607 1443 2642 1,
1481 2608 1500 2634 2
1538 2599 1740 2644 impellente
1771 2598 1874 2635 beata

417 2645 579 2690 Vir-aine:
616 2645 722 2682 cuius
750 2644 789 2681 in
822 2644 999 2682 honorem
1033 2643 1247 2681 dedicatam
1281 2644 1479 2682 ecclesiam
1512 2643 1800 2684 coventrensem
1830 2645 1872 2687 in

410 2690 607 2729 castellum
626 2693 864 2730 converterat
882 2691 1040 2728 Marinio
1060 2693 1106 2736 (v.
1127 2691 1241 2729 Henr.
1262 2691 1453 2730 Huntend.
1470 2691 1539 2729 loo.
1556 2691 1650 2739 cit).
1773 2703 1794 2730 2
1819 2694 1872 2730 in-

409 2740 495 2775 cidit
523 2741 614 2775 etc:
643 2739 698 2777 Pe.
725 2739 785 2776 vii.
815 2741 878 2782 16:
902 2750 1014 2787 quem
1039 2738 1086 2775 de
1111 2740 1242 2775 eadem
1268 2751 1304 2776 re
1330 2739 1425 2778 citat
1450 2739 1555 2778 Win.
1577 2740 1623 2777 de
1647 2738 1870 2788 novoburgo

410 2786 614 2869 (ussum-a).
767 2788 791 2825 6
820 2787 928 2824 cim
944 2788 1038 2824 ete:
1064 2798 1094 2824 v,
1114 2786 1244 2824 lustin.
1263 2786 1288 2824 i.
1305 2788 1339 2826 8.
1495 2796 1538 2833 14
1557 2789 1757 2834 potentiam
1773 2790 1869 2829 eta:

410 2845 441 2870 v.
489 2845 548 2880 ap.
566 2845 614 2871 νι.
631 2842 665 2879 7.

519 2902 585 2950 39⁶
