1988 3250
234 226 313 272 ⁷54
332 227 361 261 C
701 216 961 264 IOANNIS
1001 214 1515 263 SARESBERIENSIS
1620 215 1731 278 [Lm.
1745 224 1840 260 vlu

373 339 573 383 mulieris
606 341 654 383 et
686 342 865 391 secreto,
898 339 1107 397 quicquid
1136 339 1241 382 boni
1269 352 1351 396 per
1383 337 1620 383 facultates
1652 339 1840 396 poterat,

373 409 600 452 coemebat
628 411 675 452 et
702 409 846 467 prima
875 409 1030 452 statim
1058 412 1186 452 nocte
1215 408 1388 451 ferebat
1416 408 1464 450 in
1493 410 1840 451 monumentum.

374 477 534 536 Itaque
562 478 696 522 unius
722 478 906 522 cruciati
926 481 1143 536 parentes,
1162 480 1215 520 ut
1240 477 1452 520 uiderunt
1474 477 1673 520 laxatam
1696 479 1840 520 custo-

374 547 506 599 diam,
540 547 832 592 detraxerunt
865 551 993 591 nocte
1031 548 1296 605 pendentem
1335 550 1382 590 et
1420 561 1624 604 supremo
1657 546 1848 589 mandaae

328 618 358 659 d
373 619 538 660 uerunt
571 617 722 661 officio.
780 617 844 660 At
877 617 1003 659 miles
1037 616 1393 673 circumscriptus
1426 615 1532 658 dum
1571 614 1754 666 desidet,
1786 617 1841 658 ut
1859 624 1879 660 5

373 690 550 743 postero
563 686 635 730 die
649 686 766 729 uidit
780 700 915 729 unam
936 685 1030 729 sine
1050 686 1263 728 cadauere
1282 698 1466 735 crucem,
1485 684 1655 728 ueritus
1675 684 1842 741 suppli·

372 755 505 806 cium,
525 755 700 798 mulieri
725 755 832 812 quid
858 755 1088 798 accidisset
1107 754 1302 811 exponit,
1322 768 1401 797 nec
1429 768 1475 796 se
1502 756 1841 811 expectaturum

372 824 638 868 sententiam
668 825 826 868 iudicis
855 824 932 868 sed
962 823 1111 881 gladio
1141 824 1212 866 ius
1240 823 1464 866 dicturum
1488 823 1694 880 ignauiae
1723 837 1841 877 suae,

372 894 683 937 commendans
722 894 852 937 modo
891 893 1089 951 perituro
1127 893 1272 936 locum
1316 892 1570 950 prouideret
1609 895 1655 935 et
1703 891 1843 935 fatale

372 963 668 1007 conditorium
698 963 910 1006 familiari
940 977 990 1006 ae
1020 962 1118 1005 uiro
1148 962 1324 1005 faceret.
1383 962 1546 1005 Mulier
1573 976 1664 1005 non
1693 961 1841 1006 minus
1861 974 1904 1001 to

372 1032 620 1076 misericors
649 1047 782 1090 quam
812 1032 999 1090 pudica:
1030 1032 1123 1075 Nec
1154 1031 1275 1074 istud
1307 1031 1370 1074 dii
1404 1032 1567 1083 sinant,
1601 1034 1655 1075 ut
1688 1031 1843 1074 eodem

373 1104 571 1159 tempore
591 1102 779 1145 duorum
799 1102 934 1145 michi
955 1101 1281 1145 carissimorum
1302 1101 1532 1144 hominum
1562 1100 1650 1144 duo
1680 1100 1848 1144 funera

373 1174 577 1227 spectem.
637 1171 755 1214 Malo
775 1174 1000 1214 mortuum
1021 1170 1273 1228 impendere
1294 1185 1427 1227 quam
1447 1170 1605 1213 uiuum
1632 1169 1842 1216 occidere.

373 1239 627 1283 Secundum
647 1239 761 1283 hanc
781 1240 1025 1283 orationem
1053 1240 1178 1283 iubet
1197 1255 1253 1283 ex
1274 1255 1378 1282 area
1405 1254 1563 1296 corpus
1590 1239 1742 1283 mariti
1768 1238 1839 1283 sui

372 1308 470 1351 tolli
503 1311 637 1365 atque
669 1308 735 1350 illi
768 1323 880 1366 quae
910 1309 1099 1352 uacabat
1127 1309 1246 1352 cruci
1276 1309 1410 1366 affigi.
1468 1309 1585 1352 Vsus
1615 1311 1683 1352 est
1711 1308 1838 1353 miles
1859 1324 1900 1360 15

374 1377 554 1434 ingenio
588 1377 959 1435 prudentissimae
989 1378 1204 1431 feminae3
1245 1382 1508 1436 posteroque
1538 1378 1609 1422 die
1648 1379 1839 1436 populus

372 1446 562 1490 miratus
600 1450 669 1490 est
707 1462 795 1504 qua
835 1448 1006 1491 ratione
1046 1451 1248 1491 mortuus
1287 1448 1395 1491 isset
1434 1447 1482 1490 in
1514 1463 1699 1492 crucem.
1772 1448 1841 1493 Tu

228 1529 309 1572 755
327 1531 357 1561 a
374 1516 605 1559 historiam
625 1521 705 1559 aut
726 1516 925 1560 fabulam
952 1517 1069 1574 quod
1090 1518 1144 1560 iis
1164 1517 1312 1561 uerbis
1334 1517 1473 1561 refert
1500 1517 1733 1561 Petronius
1756 1532 1838 1576 pro

373 1585 506 1628 libitu
541 1586 807 1643 appellabis;
848 1586 913 1630 ita
946 1589 1097 1630 tamen
1132 1602 1189 1630 ex
1228 1586 1347 1630 facto
1386 1587 1594 1631 accidisse
1629 1587 1762 1631 Effesi
1793 1590 1841 1631 et

374 1654 616 1698 Flauianus
635 1658 790 1698 auctor
810 1659 888 1706 est,
908 1655 1224 1713 mulieremque
1245 1656 1385 1699 tradit
1401 1656 1644 1714 impietatis
1664 1671 1769 1700 suae
1790 1659 1836 1700 et
1857 1673 1902 1700 ao

371 1724 547 1768 sceleris
565 1724 841 1781 parricidalis
861 1728 907 1768 et
936 1725 1143 1768 adulterii
1165 1726 1298 1769 luisse
1325 1740 1474 1783 penas.
1533 1724 1637 1769 Non
1659 1725 1838 1784 quidem

371 1794 491 1837 solus
523 1797 591 1836 est
621 1793 669 1836 in
700 1792 935 1837 mulierum
975 1794 1156 1852 ineptiis
1190 1792 1387 1838 ridendis
1421 1797 1502 1838 aut
1540 1795 1840 1852 exprimendis

374 1862 620 1906 Petronius.
680 1862 846 1906 Scribit
872 1862 1029 1907 beatus
1059 1863 1306 1910 Ieronimus
1331 1864 1437 1921 quia
1462 1867 1583 1907 totae
1612 1863 1839 1922 Euripidis

372 1930 627 1990 tragoediae
662 1931 709 1974 in
741 1932 947 1976 mulieres
979 1933 1215 1977 maledicta
1244 1937 1362 1983 sunt,
1382 1936 1428 1977 et
1457 1933 1575 1991 quod
1608 1925 1847 1991 Epicurus)

372 2013 640 2058 quamquam
676 2000 930 2045 Metodorus
968 2001 1209 2060 discipulus
1241 2002 1336 2046 eius
1376 2002 1591 2046 Leontion
1631 2002 1838 2047 habuerit
1857 2019 1899 2055 ²⁵

371 2083 567 2120 uxorem,
598 2083 698 2113 raro
728 2069 837 2113 dicit
872 2070 1061 2128 sapienti
1093 2071 1286 2114 ineunda
1315 2071 1531 2129 coniugia,
1562 2072 1668 2129 quia
1696 2072 1840 2117 multa

371 2138 648 2182 incommoda
681 2138 883 2182 admixta
916 2144 1023 2183 sunt
1057 2141 1240 2198 nuptiis.
1300 2140 1370 2191 Et,
1402 2140 1619 2197 quomodo
1654 2141 1840 2186 diuitiae

373 2210 420 2251 et
439 2208 626 2251 honores
647 2211 693 2251 et
712 2222 942 2266 corporum
957 2210 1171 2253 sanitates
1187 2213 1232 2252 et
1252 2212 1397 2253 cetera
1413 2224 1525 2267 quae
1540 2209 1840 2255 indifferentia

372 2301 406 2345 6,
429 2309 449 2346 7
475 2298 678 2347 suplicium
696 2297 720 2336 S
863 2301 885 2336 8
912 2299 1047 2337 iudicis
1063 2300 1295 2338 sententiam
1314 2301 1338 2338 S
1489 2311 1530 2338 12
1556 2299 1839 2340 karissimorum

374 2346 399 2383 S
562 2356 604 2392 ¹⁴
628 2346 817 2384 rationem
835 2346 874 2382 Μ
1039 2350 1078 2385 18
1104 2348 1162 2385 his
1181 2348 1218 2383 Μ
1382 2358 1425 2396 19
1449 2348 1578 2396 ephesi
1595 2350 1627 2386 A
1793 2360 1836 2388 αι

372 2406 491 2442 penas
508 2393 622 2431 lui-oe
642 2394 679 2430 M
871 2405 928 2437 21,
947 2405 990 2432 22
1017 2396 1118 2433 solus
1136 2396 1286 2442 quidem
1305 2396 1336 2432 A
1536 2407 1580 2443 23
1606 2395 1765 2444 eripidis
1783 2396 1836 2435 C:

373 2441 558 2488 srippidi·
576 2441 628 2478 13:
656 2441 831 2489 erripidin
850 2442 950 2479 ΑΒΜ
1095 2454 1140 2488 24
1165 2455 1348 2490 cpycurus
1368 2443 1400 2479 A

420 2532 440 2568 3
466 2524 637 2558 cumaei:
664 2524 838 2558 cruciarii
856 2520 1005 2559 Petron.
1104 2534 1127 2569 9
1153 2526 1424 2561 commendam:
1441 2526 1677 2562 commodant
1690 2523 1841 2563 Patron.

371 2571 492 2606 modo:
519 2572 603 2615 pont
620 2571 721 2606 modo
739 2568 856 2606 habet
876 2571 941 2605 elta
960 2570 1110 2606 Pctron.
1228 2582 1267 2616 14
1293 2584 1402 2608 area:
1429 2584 1516 2608 arca
1534 2572 1684 2610 Petron.
1793 2583 1841 2610 20

372 2618 600 2653 Munianus:
637 2629 689 2653 ιο.
714 2620 845 2653 auctor
867 2617 954 2653 libri
984 2620 1034 2653 De
1059 2619 1290 2663 Doymatibus
1311 2621 1455 2655 Philoso
1482 2621 1634 2663 horum
1659 2619 1706 2656 cf.
1725 2630 1766 2656 su
1798 2632 1841 2658 ra

371 2675 403 2700 c.
432 2674 467 2700 ιι
499 2664 652 2710 (749Α).
701 2666 836 2701 eradit:
862 2677 911 2702 no.
939 2664 1164 2707 Flavianum
1198 2665 1293 2701 nihil
1322 2666 1424 2702 enim
1479 2666 1562 2704 uiua
1587 2666 1689 2703 modi
1721 2667 1772 2703 ha
1798 2669 1839 2705 et

372 2710 584 2748 Petronius.
744 2721 788 2757 ²3
814 2717 906 2747 toea«
935 2714 1130 2759 Euripidis
1168 2715 1263 2749 eta:
1304 2714 1457 2751 Hieron.
1483 2716 1561 2751 adv.
1589 2716 1702 2751 Iovin.
1726 2713 1768 2751 ii.
1792 2718 1838 2761 48

371 2757 520 2805 (migne
547 2759 587 2795 Ρ.
606 2759 646 2794 L.
674 2757 777 2794 xxiii.
800 2760 894 2805 279).
1039 2770 1084 2804 24
1112 2761 1298 2806 Epicurus
1329 2764 1401 2798 etc.
1438 2773 1556 2808 usque
1591 2762 1640 2798 ad
1663 2763 1839 2799 ducturus

370 2807 418 2841 συῒ
449 2813 530 2862 (755
548 2808 611 2848 m:
655 2804 805 2843 Hieron.
839 2806 862 2842 l.
890 2818 919 2843 o.
1067 2818 1108 2855 ²5
1152 2809 1380 2845 Metodomoe:
1421 2810 1648 2846 Metrodorus
1679 2807 1835 2847 Hieron.

370 2854 568 2890 Leone-on:
595 2855 783 2890 Leontium
802 2853 954 2891 Hieron.

479 2933 546 2967 304
