1988 3250
206 200 295 248 629
315 208 346 238 a
694 195 956 240 IOANNIS
997 194 1513 239 SARESBERIENSIS
1657 192 1768 254 [LIB.
1783 204 1839 238 vr

359 317 622 362 excellentia
642 317 814 374 capitis,
829 317 936 374 quia
955 316 1003 359 in
1030 331 1082 359 60
1102 316 1242 359 1011116
1265 316 1461 373 corporis
1481 315 1684 359 consistit
1704 316 1836 359 salus.

357 388 503 431 Varro
542 388 591 430 in
629 387 769 430 satira
808 401 922 444 quae
961 386 1168 443 Manipea
1207 386 1467 430 inscribitur
1504 389 1550 429 et
1593 386 1648 429 de
1694 385 1837 429 officio

358 456 634 500 matrimonii
649 456 859 499 instituta
874 459 953 506 est,
968 456 1056 499 ait:
1076 456 1250 498 Vitium
1270 456 1470 513 coniugis
1490 463 1570 498 aut
1589 455 1837 498 tollendum

360 530 429 570 est
462 530 544 569 aut
578 525 822 569 ferendum.
883 526 971 578 Qui
1002 526 1121 569 tollit
1151 526 1327 576 uitium,
1357 525 1696 569 commodiorem
1731 540 1835 568 con-

361 597 510 654 iugem
542 597 764 652 praestat;
810 596 887 652 qui
923 596 1024 646 fert,
1056 596 1250 652 seipsum
1285 595 1419 638 efficit
1453 595 1690 638 meliorem.
1763 594 1837 638 Sic
1856 609 1878 643 5

361 666 592 724 principiis
624 668 670 708 et
701 666 999 708 subiectorum
1031 665 1146 708 uitia
1178 668 1259 708 aut
1290 665 1476 708 ferenda
1507 668 1613 708 sunt
1643 667 1724 707 aut
1753 664 1836 707 tol-

313 741 344 780 b
361 736 515 787 lenda;
557 736 716 778 horum
751 735 915 792 quippe
947 735 1248 778 confederatio
1283 736 1490 778 affectum
1530 734 1724 791 coniugii
1757 736 1839 776 aut

362 808 525 862 aequat
545 807 625 848 aut
644 805 881 861 praecedit.
944 804 1032 847 Sed
1056 807 1102 847 et
1126 805 1224 862 ipsa
1243 804 1458 847 Varronis
1485 804 1623 846 uerba
1639 804 1765 859 ferre
1792 806 1839 846 61

360 875 510 918 tollere
529 874 674 931 lepide
695 874 873 931 quidem
900 874 1144 931 composita
1163 877 1280 917 sunt.
1339 873 1541 930 Apparet
1560 876 1710 916 autem
1733 872 1839 930 quia

361 944 547 987 tollendi
567 958 728 987 nomen
748 943 1030 987 correctionis
1047 946 1114 986 est
1130 947 1247 986 nota.
1308 942 1498 986 Constat
1517 942 1721 999 equidem
1742 942 1838 985 eius
1858 955 1900 980 10

362 1029 456 1058 6666
488 1013 756 1057 sententiam
788 1015 841 1056 ut
881 1013 1055 1056 16181111
1095 1013 1212 1070 quod
1253 1013 1351 1056 tolli
1391 1027 1482 1056 non
1521 1015 1679 1069 potest.
1740 1012 1838 1055 Hoc

362 1087 514 1127 tamen
530 1083 674 1126 fidelis
689 1083 826 1126 adicit
845 1083 1156 1140 interpretatio
1171 1086 1224 1126 ut
1240 1083 1403 1125 uitium
1419 1082 1700 1139 intelligatur
1720 1081 1840 1138 quod

362 1154 547 1196 honeste
590 1152 698 1196 ferri
742 1156 890 1209 potest
932 1155 978 1196 et
1021 1152 1233 1210 religione
1272 1152 1494 1195 incolumi.
1554 1152 1678 1194 Vitia
1721 1151 1841 1194 enim

362 1223 547 1280 flagitiis
566 1222 735 1265 leuiora
755 1224 884 1274 sunt3
915 1224 960 1265 et
988 1225 1095 1265 sunt
1120 1222 1336 1265 nonnulla
1356 1236 1469 1278 quae
1495 1236 1585 1264 non
1606 1220 1715 1264 ferri
1735 1221 1841 1264 licet

363 1295 444 1335 aut
464 1306 576 1349 quae
597 1291 789 1335 fideliter
803 1291 911 1334 ferri
927 1306 1017 1334 non
1032 1295 1229 1348 possunt.
1288 1292 1358 1334 Ex
1378 1306 1511 1334 causa
1531 1290 1840 1334 fornicationis
1860 1306 1900 1340 15

363 1361 548 1405 licenter
567 1361 755 1404 diuertit
774 1361 969 1404 coniunx
995 1376 1023 1403 a
1047 1361 1245 1418 coniuge,
1266 1363 1311 1403 et
1336 1361 1597 1418 plerumque
1623 1363 1840 1417 patronus

365 1433 433 1474 est
462 1430 758 1487 turpitudinis
788 1430 864 1487 qui
894 1431 1062 1474 crimen
1091 1431 1206 1474 celat
1235 1431 1398 1474 uxoris.
1459 1430 1571 1473 Inde
1602 1432 1670 1473 est
1699 1429 1840 1473 forte:

324 1515 350 1545 c
367 1500 455 1553 Qui
475 1499 724 1542 adulteram
751 1500 927 1550 retinet,
947 1500 1113 1543 stultus
1140 1503 1186 1542 et
1212 1500 1375 1557 impius
1403 1505 1482 1544 est.
1542 1500 1664 1542 Haec
1688 1502 1842 1542 autem

365 1571 414 1613 in
447 1569 619 1612 mechia
653 1569 870 1626 corporali
905 1572 951 1612 et
982 1570 1205 1626 spirituali
1241 1570 1359 1627 quod
1399 1570 1457 1612 ad
1491 1569 1661 1626 aliquid
1701 1583 1841 1626 aeque

365 1639 581 1688 obtinent,
597 1638 680 1681 etsi
696 1638 888 1681 deterior
903 1638 963 1681 sit
978 1639 1223 1695 spiritualis
1242 1642 1286 1682 et
1301 1639 1543 1682 studiosius
1563 1638 1838 1682 declinanda.
1860 1653 1904 1677 πο

366 1708 585 1752 Similiter
608 1714 653 1751 et
680 1708 727 1750 in
755 1708 1053 1750 membrorum
1081 1709 1339 1766 compagine
1360 1708 1532 1752 ferendi
1554 1710 1634 1751 aut
1654 1707 1841 1751 tollendi

365 1777 579 1820 Varronis
599 1779 667 1820 est
686 1777 841 1834 regula
861 1777 1149 1820 admittenda.
1210 1778 1327 1820 Nam
1349 1778 1457 1835 quin
1478 1778 1677 1821 membra
1695 1777 1844 1821 curari

367 1849 572 1905 oporteat
591 1861 720 1890 nemo
740 1846 929 1903 ambigit
955 1847 1049 1890 siue
1074 1847 1121 1889 in
1147 1847 1344 1891 fomento
1367 1847 1452 1890 olei
1472 1848 1567 1890 siue
1587 1847 1635 1890 in
1655 1847 1842 1890 austeri-

367 1920 462 1960 tate
492 1916 588 1959 uini
624 1916 742 1973 quod
773 1916 1084 1959 Samaritanus
1117 1916 1329 1967 infundit,
1359 1917 1595 1960 uulnerato
1630 1916 1842 1974 procedat

367 2001 486 2031 cura.
546 1985 675 2039 Quod
691 1988 839 2028 autem
857 1985 1052 2028 tollenda
1067 1986 1169 2036 sint,
1185 2001 1240 2029 ex
1262 2002 1312 2030 eo
1327 1987 1469 2043 liquet
1488 1987 1606 2043 quod
1626 1987 1841 2044 scriptum
1861 2001 1902 2035 ²5

368 2058 458 2099 est:
489 2055 537 2098 Si
558 2055 710 2099 oculus
725 2055 796 2098 uel
817 2070 894 2113 pes
910 2059 1014 2099 tuus
1029 2055 1300 2099 scandalizat
1320 2059 1376 2107 te,
1392 2070 1496 2099 erue
1512 2070 1613 2099 eum
1629 2059 1675 2099 61
1694 2057 1843 2114 proice

369 2199 417 2225 20
440 2188 621 2235 optinent
639 2189 670 2224 A

419 2326 440 2352 2
472 2316 589 2351 Varro
605 2316 677 2351 610.
696 2326 705 2352 2
731 2327 763 2352 v.
780 2313 876 2352 Gell.
892 2313 916 2350 i.
940 2323 981 2359 17
999 2312 1018 2362 ξ
1035 2324 1069 2359 4.
1253 2316 1273 2352 8
1298 2316 1368 2351 Sed
1383 2320 1417 2352 et
1433 2317 1515 2362 ipsa
1532 2317 1627 2353 etc.2
1651 2327 1683 2352 v.
1703 2314 1797 2353 Gell.
1818 2315 1848 2352 i:

375 2372 416 2407 17
437 2362 478 2410 ἐξ
501 2372 532 2419 5,
550 2364 584 2399 6.
755 2372 796 2399 12
823 2364 1092 2408 interpretatio:
1117 2374 1167 2399 sc.
1186 2361 1311 2399 Gellii.
1485 2374 1536 2409 13,
1562 2374 1603 2408 ¹4
1634 2365 1731 2399 Vitia
1749 2366 1847 2400 enim

364 2412 526 2456 flaqn‘tite
542 2412 682 2446 leuiora
698 2416 782 2446 ment
796 2423 803 2445 :
829 2410 944 2446 verba
961 2408 1087 2446 Gellii.
1239 2420 1278 2457 15
1305 2412 1368 2446 Ex
1384 2423 1495 2446 causa
1512 2413 1583 2447 etc.
1598 2423 1606 2446 t
1632 2424 1664 2447 ν.
1683 2411 1794 2448 Matt.
1812 2424 1847 2449 v,

372 2468 429 2513 32,
449 2456 523 2494 xix.
542 2468 575 2504 9.
711 2459 751 2494 16
772 2463 952 2503 patronus
968 2460 1060 2493 etc.:
1087 2457 1192 2493 Grat.
1212 2459 1347 2494 Decret.
1363 2458 1391 2494 I.
1407 2458 1519 2494 xxxii.
1542 2470 1572 2494 1.
1590 2471 1620 2495 0.
1645 2470 1657 2495 1
1680 2459 1846 2502 (Friedb.
1906 2462 1909 2466 '

371 2517 396 2542 1.
428 2514 514 2552 1115
562 2516 609 2541 ex
636 2507 699 2551 Op.
728 2506 879 2552 Imperf.
904 2508 945 2541 in
971 2507 1100 2541 Matth.
1129 2505 1260 2542 Ioanni
1286 2506 1551 2553 chrysostomo
1577 2518 1601 2542 a
1624 2505 1741 2543 medii
1763 2506 1846 2544 aevi

371 2551 518 2589 auctori
547 2565 589 2589 us
607 2551 784 2589 attributi
803 2553 901 2588 hom.
926 2553 1040 2588 xxxii.
1064 2552 1212 2599 (Migne
1230 2555 1364 2589 Patml.
1387 2555 1512 2590 Graec.
1532 2553 1593 2589 lvi.
1613 2555 1721 2598 802):
1747 2555 1848 2590 Sicut

373 2602 529 2637 crudetis
554 2606 584 2635 et
606 2602 755 2647 inu'quua
776 2605 825 2635 eet
847 2602 910 2647 qui
934 2606 1069 2636 caeram
1094 2602 1254 2643 dimittit,
1272 2603 1324 2637 sie
1338 2603 1475 2647 fatuus
1498 2606 1548 2637 est
1573 2607 1605 2637 et
1628 2603 1763 2638 stultus
1785 2603 1848 2649 qui

372 2650 502 2684 retinet
529 2650 755 2684 meretricem.
821 2649 1003 2684 Patronus
1028 2650 1124 2683 enim
1153 2654 1206 2683 tw
1243 2650 1395 2684 [tudinis
1420 2654 1469 2684 est
1494 2651 1558 2695 qui
1590 2651 1679 2685 celat
1712 2652 1848 2686 crimen

373 2698 510 2732 uxor-ie.
655 2706 699 2741 23
724 2697 802 2731 uiue
819 2698 857 2731 ὄπ
866 2698 1029 2741 fomento
1047 2698 1117 2731 610.
1134 2708 1141 2732 :
1168 2708 1199 2731 v.
1236 2708 1308 2732 auc.
1327 2707 1362 2732 x.
1382 2707 1435 2742 33,
1456 2707 1499 2741 34
1516 2709 1524 2741 3
1551 2696 1599 2732 cf.
1618 2696 1722 2744 Orig.
1739 2699 1846 2734 Hom.

373 2745 414 2779 in
434 2744 569 2779 Lucam
588 2742 710 2779 xxxiv.
724 2743 771 2779 ab
788 2742 941 2780 Hieron.
958 2743 1143 2779 Lut.vers.
1157 2742 1305 2790 (Migne
1321 2745 1359 2779 P.
1373 2746 1416 2781 L.
1429 2743 1524 2781 xxvi.
1541 2745 1624 2791 293)
1642 2757 1650 2791 ;
1676 2745 1849 2781 Ambros.

373 2792 512 2837 Expoe.
532 2792 667 2835 Etanna.
684 2803 748 2827 sec.
768 2792 853 2827 Luc.
871 2790 933 2829 vii.
952 2790 969 2838 ξ
990 2800 1033 2837 75
1053 2790 1203 2838 (Migne
1226 2792 1267 2828 Ρ.
1285 2793 1331 2827 L.
1349 2802 1404 2828 xv.
1428 2794 1544 2839 1718).
1736 2794 1782 2830 26
1806 2795 1849 2830 Si

372 2841 497 2876 ocutue
512 2842 583 2875 etc.
599 2849 607 2874 :
637 2838 749 2876 Matt.
768 2837 869 2875 xviii.
889 2848 921 2885 9.
1849 2866 1851 2869 .

486 2911 529 2953 78
