1988 3250
98 230 198 264 car.
213 215 358 278 xvm]
610 215 1047 262 POLICRATICVS
1581 221 1660 271 ⁷85
1683 229 1708 259 c

99 340 323 384 honorem.
381 337 575 382 Incussit
603 337 721 380 enim
750 336 873 380 Deus
901 337 1107 380 timorem
1137 338 1353 389 omnibus,
1382 342 1436 382 ut
1465 354 1566 383 eum

100 409 227 467 quasi
275 408 530 452 ministrum
579 405 772 456 Domini,
815 406 941 449 cuius
990 405 1314 462 quodammodo
1362 409 1568 464 gestabat

99 477 350 536 imaginem,
370 479 703 520 uenerarentur.
763 475 969 532 Amplius
989 474 1167 531 quidem
1188 475 1376 518 adiciam
1394 490 1403 527 ;
1432 477 1568 519 etiam

99 546 284 605 tyranni
313 546 515 605 gentium
545 545 769 603 reprobati
798 544 856 587 ab
886 547 1038 587 eterno
1068 543 1126 586 ad
1156 547 1345 587 mortem
1373 546 1566 589 ministri

62 633 82 667 5
100 616 184 660 Dei
210 618 317 660 sunt
343 618 389 659 et
414 615 570 659 christi
601 614 781 658 Domini
812 613 1105 671 appellantur.
1166 613 1295 656 Vnde
1324 615 1542 671 propheta
1558 629 1567 666 ;
1584 620 1614 660 d

99 685 414 744 Ingredientur
451 688 603 742 portas
646 683 874 727 Babilonis
913 682 1058 734 duces,
1097 683 1306 726 uidelicet
1350 683 1483 727 Cirus
1523 687 1568 726 et

98 755 288 807 Darius;
329 770 411 813 ego
450 754 568 798 enim
608 754 819 797 mandaui
854 752 1141 796 sanctificatis
1175 753 1285 796 meis
1325 756 1371 796 et
1410 754 1566 796 uocaui

99 823 238 868 fortes
262 839 382 868 meos
409 823 456 866 in
483 824 552 867 ira
578 838 676 866 mea
703 826 748 866 et
777 822 1031 866 exultantes
1051 822 1098 865 in
1126 822 1269 880 gloria
1290 837 1397 865 mea.
1459 822 1569 865 Ecce

100 893 206 951 quia
234 893 529 937 sanctificatos
558 895 689 936 uocat
719 892 871 935 Medos
900 895 946 935 et
974 892 1139 942 Persas,
1159 906 1248 934 non
1278 892 1396 949 quod
1426 891 1567 934 sancti

43 976 85 1002 ιο
101 965 259 1014 essent,
285 962 361 1006 sed
391 962 572 1006 Domini
601 962 814 1005 aduersus
845 961 1104 1004 Babilonem
1134 962 1382 1019 implebant
1411 962 1569 1004 uolun-

99 1035 251 1076 tatem.
310 1031 435 1075 Alias
469 1046 667 1089 quoque:
711 1031 820 1074 Ecce
844 1045 926 1088 ego
961 1030 1189 1082 adducam,
1220 1032 1380 1088 inquit,
1416 1031 1570 1074 Nabu-

98 1101 347 1159 godonosor
370 1116 548 1145 seruum
574 1116 733 1152 meum,
754 1104 810 1152 et,
831 1100 936 1158 quia
955 1100 1066 1144 bene
1086 1101 1220 1144 michi
1241 1102 1430 1144 seruiuit
1450 1100 1569 1158 apud

98 1171 265 1223 Tirum,
298 1171 413 1215 dabo
444 1171 484 1214 ei
524 1170 749 1228 Egiptum.
821 1170 978 1214 Omnis
1016 1173 1166 1213 autem
1206 1174 1402 1228 potestas
1442 1171 1570 1220 bona,

100 1240 308 1298 quoniam
343 1240 400 1284 ab
431 1255 482 1284 eo
517 1244 585 1284 est
615 1255 643 1283 a
677 1254 764 1298 quo
795 1239 889 1283 solo
922 1240 1072 1283 omnia
1106 1243 1153 1283 et
1186 1240 1280 1283 sola
1306 1244 1412 1284 sunt
1442 1241 1568 1283 bona.

43 1324 84 1359 15
100 1310 256 1354 Vtenti
276 1313 427 1354 tamen
447 1310 670 1353 interdum
691 1310 807 1352 bona
827 1324 915 1352 non
936 1312 1004 1352 est
1023 1312 1104 1352 aut
1130 1310 1320 1367 patienti
1336 1310 1413 1353 sed
1438 1310 1568 1359 mala,

100 1380 203 1424 licet
222 1379 339 1438 quod
366 1379 423 1423 ad
449 1379 787 1423 uniuersitatem
815 1379 875 1422 sit
901 1379 1029 1429 bona,
1050 1379 1127 1422 illo
1148 1380 1338 1423 faciente
1359 1380 1436 1437 qui
1456 1380 1568 1422 bene

99 1449 245 1493 utitur
274 1449 403 1493 malis
442 1449 617 1492 nostris.
692 1449 819 1493 Sicut
849 1449 968 1493 enim
1003 1449 1051 1492 in
1083 1449 1258 1507 pictura
1298 1449 1449 1492 fuscus
1488 1453 1568 1493 aut

99 1518 227 1576 niger
253 1518 373 1562 color
401 1520 481 1561 aut
509 1517 671 1575 aliquis
699 1518 815 1562 alius
843 1532 923 1576 per
951 1533 998 1562 se
1027 1518 1331 1562 consideratus
1361 1518 1567 1562 indecens
1584 1516 1666 1566 786
1686 1526 1716 1555 a

101 1591 180 1640 est,
208 1591 254 1632 et
282 1590 432 1632 tamen
461 1588 509 1631 in
543 1591 640 1632 tota
673 1588 848 1645 pictura
879 1588 1027 1640 decet;
1066 1588 1129 1632 sic
1163 1603 1243 1646 per
1272 1603 1318 1632 se
1347 1589 1565 1646 quaedam

42 1670 87 1698 no
101 1657 299 1716 inspecta
329 1657 534 1701 indecora
567 1660 614 1700 et
647 1656 776 1707 mala,
807 1657 949 1700 relata
981 1657 1038 1700 ad
1076 1657 1415 1700 uniuersitatem
1452 1658 1569 1700 bona

101 1729 318 1786 apparent
339 1730 386 1771 et
411 1726 608 1784 pulchra,
628 1741 680 1770 eo
705 1727 855 1770 omnia
880 1727 965 1770 sibi
994 1727 1237 1784 adaptante
1263 1727 1390 1770 cuius
1417 1728 1567 1770 omnia

101 1811 234 1855 opera
262 1796 394 1840 ualde
424 1798 531 1840 sunt
563 1796 690 1839 bona.
763 1797 883 1854 Ergo
923 1800 969 1840 et
1007 1797 1175 1840 tiranni
1217 1800 1413 1854 potestas
1453 1797 1570 1840 bona

101 1866 279 1924 quidem
308 1869 387 1918 est,
416 1866 639 1909 tirannide
668 1869 819 1909 tamen
849 1866 986 1910 nichil
1021 1870 1090 1910 est
1123 1866 1262 1924 peius.
1334 1867 1416 1910 Est
1450 1867 1569 1910 enim

101 1935 292 1980 tirannis
309 1950 338 1979 a
357 1935 451 1979 Deo
471 1949 697 1979 concessae
722 1936 890 1979 homini
915 1936 1150 1994 potestatis
1174 1936 1350 1979 abusus.
1411 1936 1466 1978 In
1487 1936 1569 1980 hoc

45 2021 87 2056 ιε
103 2009 253 2048 tamen
281 2005 398 2048 malo
426 2005 594 2049 multus
623 2009 669 2048 et
697 2020 886 2063 magnus
909 2010 978 2049 est
1012 2006 1228 2049 bonorum
1262 2020 1380 2049 usus.
1442 2006 1571 2049 Patet

103 2088 209 2132 ergo
237 2088 327 2117 non
355 2073 403 2116 in
432 2075 536 2118 solis
564 2075 838 2132 principibus
868 2090 961 2119 esse
992 2075 1275 2126 tirannidem,
1306 2075 1383 2118 sed
1418 2090 1570 2119 omnes

103 2157 196 2187 esse
226 2143 426 2187 tirannos
457 2144 534 2200 qui
569 2158 771 2188 concessa
809 2145 998 2203 desuper
1036 2148 1256 2203 potestate
1296 2145 1343 2187 in
1379 2144 1571 2188 subditis

103 2212 362 2256 abutuntur.
420 2212 567 2263 Porro,
586 2213 624 2256 si
654 2217 851 2271 potestas
877 2215 1058 2258 accedat
1085 2214 1289 2272 sapienti,
1310 2214 1388 2272 qui
1419 2228 1568 2256 rerum

105 2281 302 2324 omnium
335 2281 463 2324 nouit
493 2284 539 2325 et
578 2282 712 2326 habet
749 2298 892 2335 usum,
922 2284 1128 2327 omnibus
1167 2284 1295 2327 bonis
1333 2287 1464 2341 grata
1503 2287 1572 2326 est

46 2372 91 2405 ³0
106 2354 151 2394 et
171 2349 375 2393 omnibus
393 2350 527 2394 utilis.
587 2351 636 2394 Si
657 2367 763 2395 uero
780 2353 913 2398 ,cadat
937 2353 984 2396 in
1011 2353 1306 2411 insipientem,
1327 2354 1411 2396 etsi
1433 2353 1570 2402 bonis,

107 2418 267 2475 quibus
293 2418 441 2461 omnia
466 2425 758 2477 cooperantur
784 2422 831 2464 in
858 2422 1035 2473 bonum,
1055 2422 1173 2466 mala
1193 2437 1285 2466 esse
1306 2437 1394 2465 non
1419 2423 1570 2480 possit,
1587 2425 1617 2463 b

104 2512 128 2548 6
153 2510 272 2557 Cyrus
288 2510 329 2547 M
473 2521 511 2548 11
539 2511 673 2558 inquid
690 2513 742 2549 A:
770 2512 898 2560 inquit
914 2514 1101 2552 adducam
1119 2514 1160 2551 0¹
1317 2524 1369 2558 11,
1390 2524 1433 2551 12
1458 2515 1572 2550 nabu-

103 2557 341 2641 sslffdonosor
357 2557 386 2595 C
461 2568 502 2595 12
527 2559 686 2596 sex-uiuit
703 2558 821 2597 michi
837 2561 933 2598 bene
951 2561 976 2598 S
1056 2573 1098 2608 13
1118 2564 1246 2608 tyrum
1264 2562 1303 2598 M
1384 2565 1570 2609 egyptum

184 2617 194 2643 z
220 2607 429 2652 aegyptum
445 2605 485 2641 M
627 2617 668 2643 21
697 2607 832 2654 pulcra
847 2608 881 2644 A

155 2696 173 2734 5
199 2688 327 2724 christi
352 2688 503 2723 Domini
530 2688 785 2733 appellantur:
819 2700 850 2725 v.
880 2688 953 2726 Ina.
982 2689 1056 2725 xlv.
1084 2698 1100 2725 1
1128 2688 1176 2726 de
1201 2689 1308 2736 Cyro.
1462 2691 1485 2726 6
1510 2691 1572 2725 In·

102 2737 316 2819 {dicutur
330 2736 403 2771 etc.
419 2747 428 2770 τ
452 2746 487 2770 v.
505 2734 575 2770 Isa.
592 2733 671 2770 xiii.
690 2745 722 2778 2,
742 2745 775 2781 3.
968 2747 1006 2772 11
1033 2738 1124 2772 Ecce
1140 2749 1200 2782 eqo
1217 2739 1396 2772 adducam
1412 2739 1485 2772 etc.
1500 2750 1508 2773 :
1536 2750 1569 2773 v.

141 2782 242 2819 zech.
260 2780 358 2818 xxvi.
376 2790 409 2827 7,
428 2781 527 2818 xxix.
551 2782 602 2823 18,
624 2791 677 2827 ¹9·
833 2793 889 2828 21,
909 2793 953 2819 22
978 2785 1083 2819 cuius
1097 2786 1220 2819 omm’a
1237 2795 1346 2829 opera
1363 2786 1470 2820 ualde
1485 2790 1571 2820 sunt

107 2831 221 2866 bona:
246 2841 278 2866 v.
305 2828 397 2865 Gen.
421 2828 446 2864 i.
476 2839 542 2873 313
569 2828 616 2864 cf.
642 2827 738 2874 Aug.
767 2830 871 2875 Gens.
897 2829 959 2867 vii.
990 2840 1030 2867 12
1052 2830 1199 2877 (Migne
1216 2832 1257 2867 P.
1274 2833 1318 2867 L.
1336 2831 1452 2867 xxxii.
1471 2840 1570 2877 743).

107 2887 148 2923 31
175 2877 304 2924 quibus
319 2877 442 2912 omnia
459 2877 554 2913 ete.:
580 2887 612 2912 v.
629 2875 736 2913 Rom.
753 2875 830 2912 viii.
848 2878 903 2913 28.

1398 2940 1463 2975 859
