1988 3250
257 247 344 297 809
364 256 394 287 a
723 248 982 294 IOANNIS
1022 248 1536 295 SARESBERIENSIS
1656 248 1765 309 [mn.
1777 261 1871 294 vnx

407 366 627 412 illicitum.
676 367 933 413 Camalium
948 373 1099 414 tamen
1114 371 1315 429 exemplo
1328 371 1412 414 sub
1431 371 1624 430 imagine
1643 371 1869 429 religionis

407 437 581 495 obrepit
595 438 811 496 impietas,
824 442 870 482 et
883 439 972 482 iam
987 455 1076 483 non
1088 441 1218 484 modo
1232 441 1515 484 contenditur
1529 455 1610 498 pro
1624 439 1869 484 sacerdotio

407 505 484 549 sed
522 510 760 564 pugnatur.
831 509 1020 566 Antiqui
1058 509 1280 566 quondam
1319 510 1612 553 trahebantur
1650 509 1784 553 inuiti
1823 512 1870 552 et

406 576 535 633 proni
555 576 612 619 ad
627 577 889 630 martirium,
907 578 1073 635 primas
1090 579 1322 622 cathedras
1341 594 1512 622 carcere
1531 579 1658 637 peius
1677 582 1724 622 et
1742 593 1870 622 cruce

407 643 653 702 fugiebant.
731 646 900 691 Contra
943 647 1034 690 iam
1071 647 1218 704 palam
1257 647 1502 704 loquuntur
1538 648 1785 692 sacerdotes
1824 651 1871 692 et
1887 664 1908 700 5

406 714 691 772 prouerbium
722 715 895 759 nullum
925 716 1092 759 dicunt.
1150 716 1382 769 Nolumus,
1413 717 1635 774 inquiunt,
1665 717 1871 760 martires

408 798 511 835 esse,
550 785 628 828 sed
667 785 837 828 sedium
877 788 1129 829 nostrarum
1167 786 1355 843 gloriam
1394 799 1484 829 non
1527 786 1684 830 damus
1727 786 1871 831 alteri.

408 853 572 897 Misera
609 855 787 911 quidem
826 858 872 898 et
910 855 1173 898 miserabilis
1211 870 1302 898 uox
1336 855 1384 898 in
1419 870 1494 899 ore
1524 855 1762 900 sacerdotis
1793 856 1871 913 qui

409 921 639 966 Christum
669 924 731 968 sic
765 924 966 982 agnoscit
995 927 1049 967 ut
1081 939 1128 967 se
1161 925 1279 967 nolle
1309 939 1411 968 eum
1441 925 1564 982 sequi
1593 925 1740 982 palam
1769 939 1870 969 con-

362 999 392 1038 b
410 993 603 1036 fiteatur.
677 994 885 1037 Dubitari
923 994 1088 1051 poterit
1125 1009 1183 1037 an
1222 1009 1356 1038 uerus
1393 995 1611 1038 moriatur
1648 994 1872 1040 confessor
1890 1011 1932 1036 10

409 1062 486 1119 qui
511 1067 844 1120 persecutorem,
872 1063 910 1106 si
937 1078 1048 1120 opus
1074 1062 1224 1114 fuerit,
1243 1077 1333 1107 non
1359 1065 1595 1121 expectat?
1653 1064 1734 1108 Ait
1752 1064 1872 1108 enim

408 1131 666 1189 Ciprianus:
699 1133 939 1190 Episcopus
958 1132 996 1176 si
1016 1132 1158 1184 timet,
1176 1136 1325 1176 actum
1345 1136 1413 1176 est
1431 1133 1487 1176 de
1506 1147 1567 1176 eo.
1627 1133 1716 1176 Sed
1741 1133 1873 1178 liceat

407 1202 588 1255 timere;
615 1217 705 1245 non
734 1206 852 1246 stare
880 1201 928 1245 in
958 1202 1230 1255 necessitate,
1259 1202 1465 1246 illicitum
1495 1206 1575 1246 est.
1634 1202 1876 1261 Fugitiuus-

408 1271 581 1314 inutilis
615 1271 795 1315 infamis
829 1274 907 1315 est.
966 1271 1049 1315 Est
1081 1275 1231 1315 tamen
1265 1272 1313 1314 in
1348 1286 1436 1329 quo
1463 1272 1676 1316 uidentur
1702 1272 1872 1316 imitari

407 1341 702 1384 constantiam
750 1341 994 1392 martirum,
1039 1341 1077 1384 si
1125 1356 1207 1398 pro
1254 1341 1466 1385 cathedra
1513 1341 1679 1386 scilicet
1733 1340 1874 1386 fuerit
1891 1361 1934 1398 ιε

409 1410 734 1455 decertandum.
808 1410 969 1453 Fertur
1003 1425 1030 1453 a
1069 1410 1332 1467 quibusdam
1373 1414 1419 1454 et
1452 1426 1609 1455 uerum
1647 1413 1716 1455 est
1753 1411 1872 1468 quod

409 1494 541 1536 super
567 1479 765 1523 Romano
792 1480 1053 1537 pontificatu
1082 1480 1140 1523 ab
1163 1480 1408 1524 ambitiosis
1432 1481 1708 1538 quandoque,
1734 1480 1870 1525 immo

409 1563 550 1606 saepe,
590 1549 828 1607 litigatum,
867 1553 912 1593 et
953 1564 1042 1593 non
1081 1550 1175 1593 sine
1219 1550 1434 1608 sanguine
1478 1550 1677 1594 fraterno
1717 1553 1871 1594 sancta

409 1621 661 1662 sanctorum
695 1619 919 1677 ingressus
947 1619 1008 1662 sit
1030 1618 1247 1676 pontifex·
1304 1618 1539 1663 Concitata
1569 1623 1675 1663 sunt
1707 1619 1871 1663 iterum

413 1688 526 1731 bella
544 1688 777 1746 plusquam
798 1689 958 1739 civilia,
972 1692 1018 1732 et
1038 1688 1243 1733 Cesarem
1256 1692 1301 1732 et
1322 1689 1578 1746 Pompeium
1597 1691 1644 1732 et
1662 1689 1872 1746 quicquid
1891 1704 1934 1730 ao

369 1769 395 1799 e
412 1757 642 1815 Philippis,
673 1758 884 1811 Leucade,
916 1758 1127 1811 Mutinae,
1159 1758 1207 1800 in
1240 1758 1404 1816 Egipto
1434 1758 1709 1816 Hispaniaue
1746 1773 1872 1816 prae-

410 1830 637 1884 sumptum
672 1831 752 1881 est,
786 1827 995 1885 quicquid
1024 1827 1157 1885 impie
1188 1831 1375 1885 gestum,
1405 1842 1556 1886 pugna
1590 1827 1873 1871 sacerdotalis

411 1896 613 1940 absoluit.
674 1896 903 1954 Numquid
942 1895 1186 1941 Christiani
1229 1897 1458 1955 sanguinis
1491 1900 1731 1954 procurant
1764 1897 1872 1941 effu-

411 1966 577 2009 sionem
599 1969 651 2009 ut
670 1966 733 2010 eis
753 1981 858 2024 prae
877 1966 1033 2010 ceteris
1053 1966 1183 2010 liceat
1207 1981 1287 2024 pro
1301 1981 1445 2024 grege,
1461 1965 1578 2024 quod
1591 1966 1781 2024 pastoris
1793 1968 1872 2019 est,

414 2084 432 2123 5
458 2076 635 2112 locuntur
651 2074 718 2111 SM
863 2086 906 2122 14
929 2074 1098 2121 infamis]
1115 2075 1277 2113 nefsmis
1294 2075 1334 2112 M
1479 2085 1532 2121 14,
1554 2084 1594 2123 ις
1620 2061 1874 2113 constantim

412 2126 623 2170 martyrum
638 2122 782 2160 imitari
799 2121 824 2159 S
943 2133 984 2160 21
1013 2126 1154 2170 egypto
1172 2123 1279 2160 ΒΑΜ

462 2232 483 2259 2
509 2225 734 2259 contenditur
750 2234 819 2269 pro
841 2223 1014 2258 sacerdot
1000 2234 1034 2258 o
1057 2223 1119 2257 sed
1170 2227 1347 2267 uynatur:
1373 2220 1492 2258 minio
1520 2220 1670 2259 notavit
1691 2221 1876 2259 Parkerus

414 2269 456 2306 in
473 2271 554 2307 cod.
571 2270 612 2306 C.
707 2281 730 2315 4
751 2273 897 2317 primas
912 2282 951 2305 cu
931 2270 1119 2305 uzehedrae
1187 2272 1255 2306 att.
1273 2268 1380 2307 xxiii.
1397 2270 1431 2306 6.
1575 2271 1707 2325 palam
1722 2272 1815 2307 etc:
1840 2282 1875 2308 v.

415 2318 546 2375 Iouann.
564 2317 637 2354 xvi.
656 2327 710 2363 29.
831 2327 910 2412 qu
888 2318 1040 2363 qloriam
1057 2318 1147 2353 etc:
1174 2329 1206 2354 v.
1224 2317 1294 2353 Isa.
1312 2315 1392 2353 xlii.
1413 2318 1434 2353 8
1451 2317 1530 2354 etx
1549 2328 1623 2353 vm.
1646 2327 1700 2354 ιι.
1831 2327 1874 2355 12

418 2366 616 2411 Cuprmnus
641 2368 736 2402 etc.:
773 2377 804 2401 v.

415 2413 548 2450 Hartel
614 2376 963 2459 667.1s11igns³'v.‘Lssr
965 2365 1044 2447 Eii'i..
1042 2364 1167 2465 253).
1156 2364 1218 2410 (ad
1243 2364 1279 2401 S
1294 2363 1513 2449 106031'522?
1507 2363 1722 2448 apapmam)
1710 2363 1876 2496 θνη2ο(ἓέ

415 2461 465 2497 cf.
498 2460 545 2497 de
566 2426 731 2497 ffiamasi
765 2470 885 2506 papae
914 2458 1126 2496 accessione
1159 2458 1331 2496 Faustini
1360 2461 1401 2496 et
1433 2458 1590 2513 Marcel
1593 2458 1649 2495 ini
1675 2471 1796 2506 prae.

415 2508 591 2543 Libellum
614 2509 764 2544 Preeum
783 2508 834 2561 ‚ad
857 2508 1093 2554 Imperatores
1120 2506 1265 2554 (Migne
1290 2508 1333 2544 P.
1358 2508 1400 2543 L.
1426 2505 1506 2543 xiii.
1539 2507 1595 2550 82,
1625 2508 1697 2552 83).
1800 2506 1876 2543 aud

414 2558 545 2592 tamen
570 2554 703 2591 dubito
729 2553 821 2601 quin
854 2554 900 2591 de
932 2554 1158 2591 tumultibus
1185 2557 1224 2591 et
1249 2553 1438 2600 stragibus
1466 2564 1626 2600 quarum
1655 2564 1743 2590 mox
1771 2553 1878 2591 infra

416 2603 499 2649 (812
513 2604 553 2648 Β)
572 2601 804 2639 mentionem
821 2601 871 2638 sit
889 2602 1055 2638 factumn
1073 2600 1271 2656 praecipue
1289 2601 1431 2656 cogitet
1448 2600 1619 2638 Ioannes.
1754 2602 1806 2645 16,
1833 2610 1847 2638 1

413 2662 481 2697 quo
464 2652 508 2685 od
534 2662 644 2696 super
668 2651 829 2685 Romano
855 2650 1091 2695 pontificatu:
1131 2648 1252 2686 minio
1279 2648 1425 2686 notavit
1450 2647 1634 2685 Parkerus
1659 2646 1700 2685 in
1725 2647 1807 2686 cod.

420 2698 461 2734 18
486 2703 517 2733 ee
535 2710 606 2733 non
621 2698 698 2733 eine
714 2698 888 2743 sanyut'ne
905 2698 999 2734 etc.:
1025 2696 1082 2732 Ad
1096 2695 1191 2733 Heb.
1209 2697 1259 2734 ix.
1272 2707 1305 2744 3,
1319 2706 1357 2780 7²
1358 2708 1415 2733 res
1443 2695 1523 2733 icit.
1715 2706 1762 2733 2ο
1785 2696 1878 2733 bolla

441 2745 604 2791 tuaquom
623 2746 773 2780 ciuilia·
800 2743 886 2780 luc.
904 2744 1032 2780 Phara.
1052 2742 1075 2780 i.
1100 2754 1128 2781 1.
1437 2744 1589 2790 hilippu
1603 2744 1699 2781 etc:
1726 2742 1846 2780 locis’
1834 2754 1876 2781 ιιι

409 2757 513 2828 bello
530 2790 645 2834 ciuili.
664 2791 710 2828 de
754 2803 799 2828 uo
815 2790 968 2838 scripsit
984 2790 1164 2846 Lucayms,
1183 2790 1443 2828 celeberrimis.
1583 2799 1638 2835 22,
1658 2800 1703 2837 23
1723 2795 1877 2838 uectum,

410 2851 536 2885 paona
552 2803 781 2875 ωανάοιαῖἱε
796 2839 969 2875 absoluit:
995 2837 1111 2875 minio
1129 2838 1276 2877 notavit
1290 2836 1499 2877 Pukem·
1487 2849 1529 2876 ιιι
1545 2837 1625 2876 cod.
1643 2837 1684 2875 0.
1827 2847 1875 2885 24

407 2898 596 2934 prom-eqo
612 2888 712 2924 οιο..
734 2898 766 2923 v.
784 2885 916 2924 Ῑοιιιιιι.
934 2897 970 2923 x.
990 2893 1043 2931 ιι,
1064 2894 1116 2933 15.

519 2966 586 3002 4οο
