1988 3250
165 213 267 248 ou.
283 200 332 262 x]
684 198 1122 245 PomcssArIovs

164 322 248 367 etsi
275 335 366 365 non
393 320 622 378 quiescant
650 317 806 362 fauore
835 317 1067 375 litigantis,
1086 330 1256 361 cessare
1285 319 1435 360 tamen
1464 316 1628 361 debent

164 390 221 436 ob
239 389 534 434 reuerentiam
554 387 712 431 iudicis
735 390 782 430 et
801 387 1070 431 auditorum.
1129 385 1383 429 Offenditur
1403 386 1521 429 enim

479 468 640 526 quibus
669 470 737 511 est
765 481 905 524 equus
934 469 980 510 et
1008 468 1136 523 pater
1165 469 1212 509 et
1239 479 1310 508 res

163 557 202 601 si
225 555 324 614 quis
343 554 429 598 nisi
449 554 781 598 euidentissima
810 552 982 595 ratione
1001 551 1058 595 ad
1078 551 1242 609 probra
1266 551 1479 608 prosiliat.
1539 551 1628 594 Sed

126 643 145 678 5
164 625 240 684 qui
266 639 319 668 ea
346 624 537 668 sustinet
565 623 798 680 patienter,
822 621 1023 665 fauorem
1048 620 1247 664 omnium
1277 635 1305 663 a
1333 620 1630 677 temperantia

163 695 286 739 uisus
315 697 383 737 est
411 693 634 736 meruisse.
694 691 916 736 Conuiuia
945 705 1050 748 ergo
1079 690 1268 733 ledorias
1298 689 1552 740 excludunt,
1573 704 1628 733 ne

163 763 266 808 felle
285 777 436 806 earum
455 765 553 806 tota
571 761 817 806 conuiualis
842 760 1027 804 dulcedo
1046 761 1300 802 amarescat.
1361 758 1424 801 At
1443 758 1490 800 id
1511 758 1629 815 quod

163 832 434 876 hilaritatem
463 831 668 875 conciliat
698 830 939 874 modestiae
968 829 1186 873 consciam
1218 828 1415 885 undique
1449 828 1629 885 conqui-

163 902 360 946 rendum.
418 900 548 944 Iocus
568 901 685 943 enim
705 899 841 943 comis
861 902 907 942 et
925 901 1142 942 uenustus
1156 898 1494 942 conuiuantium
1514 897 1630 940 risus

106 986 148 1012 ιο
163 971 366 1016 omnibus
405 970 689 1028 parenteticis
729 969 958 1012 iocundior
996 972 1087 1021 est;
1133 967 1352 1025 siquidem
1392 967 1630 1024 eleganter,

163 1040 266 1085 licet
285 1040 333 1083 in
351 1054 537 1098 persona
555 1039 774 1090 derisoris,
794 1038 965 1082 ethicus
985 1038 1073 1081 ait:

365 1124 453 1168 Sed
471 1124 782 1174 conuiuatoris,
810 1123 879 1166 uti
909 1123 1045 1173 ducis,
1074 1122 1302 1180 ingenium
1332 1136 1402 1164 res

364 1183 575 1226 aduersae
604 1182 773 1225 nudare
803 1182 957 1232 solent,
986 1181 1127 1225 celare
1157 1180 1384 1224 secundae.

165 1269 254 1314 Sed
282 1272 328 1314 et
354 1268 450 1312 uini
479 1268 768 1326 indulgentia,
798 1268 902 1311 licet
931 1267 1018 1310 dici
1053 1267 1192 1310 soleat
1222 1266 1326 1323 quia
1361 1264 1486 1309 siccis
1521 1265 1628 1309 deus

108 1361 146 1397 1⁵
165 1338 312 1383 omnia
326 1338 437 1382 dura
451 1338 692 1396 proposuit,
707 1337 887 1380 modum
903 1337 1038 1380 habet
1053 1336 1136 1380 etsi
1153 1335 1323 1379 fuerint
1338 1335 1415 1392 qui
1432 1335 1629 1379 Platonis

164 1408 427 1452 auctoritate
447 1422 499 1451 ea
517 1406 681 1465 passim
701 1406 970 1450 crediderint
989 1405 1245 1449 haurienda.

363 1498 590 1542 Laudibus
619 1498 825 1556 arguitur
853 1498 949 1542 uini
979 1498 1161 1541 uinosus
1192 1497 1436 1550 Homerus;

162 1588 210 1630 et
230 1585 356 1629 Plato
381 1585 438 1628 ab
463 1585 627 1629 eisdem
652 1585 835 1628 uinosus
864 1585 1144 1629 conuincitur
1170 1584 1384 1627 extitisse.
1444 1582 1628 1627 Certum

165 1658 233 1699 est
254 1658 491 1712 utrumque
516 1669 667 1698 eorum
693 1655 789 1698 uini
815 1654 1017 1698 laudasse
1043 1669 1173 1697 usum
1201 1654 1319 1711 quod
1349 1657 1395 1697 et
1419 1657 1628 1696 naturam

107 1746 150 1771 ao
165 1724 343 1768 roborat
362 1727 408 1768 et
426 1724 652 1782 ingenium
673 1724 794 1768 acuit
808 1727 853 1767 et
867 1724 925 1767 ad
945 1739 1014 1767 res
1029 1724 1243 1781 gerendas
1263 1724 1461 1766 animum
1478 1723 1629 1766 remis-

164 1807 263 1837 sum
282 1793 490 1837 accendit.
539 1794 603 1837 At
623 1793 851 1838 Platonem
871 1794 990 1836 inter
1009 1794 1184 1836 minuta
1198 1797 1244 1836 et
1259 1793 1458 1836 modesta
1472 1793 1630 1850 pocula

164 1861 459 1906 iocundiorem
479 1862 858 1920 liberalioremque
887 1863 1199 1906 inuitationem
1224 1863 1431 1920 probasse
1454 1862 1629 1905 fidelius

163 1931 358 1975 traditur
375 1946 487 1988 quae
507 1931 632 1975 fieret
650 1932 734 1975 sub
753 1932 1017 1989 quibusdam
1037 1932 1164 1989 quasi
1183 1932 1365 1975 arbitris
1384 1932 1629 1988 sobriisque

165 2000 389 2058 magistris
431 2001 747 2045 conuiuiorum.
821 2002 881 2045 Et
926 2002 1008 2046 hoc
1047 2006 1115 2045 est
1154 2002 1271 2059 quod
1311 2002 1359 2044 in
1400 2001 1543 2058 primo
1583 2005 1629 2046 et

1644 205 1724 255 747
1741 207 1773 238 ⁸

1645 1272 1675 1311 b

107 2085 150 2121 ²5
167 2069 356 2113 secundo
384 2069 438 2113 de
468 2069 659 2128 Legibus
687 2085 778 2114 non
797 2071 955 2114 inutile
984 2071 1095 2114 uiris
1124 2086 1217 2115 esse
1242 2071 1449 2114 decernit.
1510 2071 1627 2114 Nam
1645 2090 1670 2120 c

167 2140 214 2181 et
232 2138 412 2182 modicis
431 2138 711 2197 honestisque
733 2140 852 2183 inter
877 2140 1118 2184 bibendum
1145 2140 1476 2183 remissionibus
1508 2141 1628 2184 refici

166 2205 465 2264 integrarique
480 2208 649 2252 animos
663 2209 720 2252 ad
740 2209 1032 2252 instauranda
1050 2209 1304 2252 sobrietatis
1318 2209 1460 2252 officia
1475 2210 1629 2253 existi-

166 2276 319 2326 mauit,
350 2276 628 2334 redditosque
666 2278 828 2322 sensim
867 2278 1044 2322 letiores
1075 2279 1133 2321 ad
1167 2279 1437 2322 intentiones
1475 2288 1629 2322 rursus

167 2402 191 2438 4
210 2397 292 2447 ppei
308 2391 380 2430 Sed
397 2395 479 2447 add.
497 2395 537 2431 et
553 2393 619 2431 SM
764 2405 808 2434 ιο
830 2394 1027 2433 iocundior
1043 2395 1116 2443 est]
1134 2395 1395 2434 iocundiorem
1413 2396 1437 2433 S
1581 2408 1629 2434 20

167 2442 270 2476 acuit
286 2439 483 2487 ingenium
498 2441 538 2476 M

214 2558 236 2584 2
263 2550 466 2594 Offenditur
479 2551 572 2587 etc.:
597 2562 630 2587 v.
647 2550 738 2587 Hor.
756 2553 803 2588 A.
820 2552 861 2587 Ρ.
880 2552 960 2597 248.
1119 2562 1164 2589 ιο
1182 2554 1438 2598 parenteticisz
1465 2566 1495 2590 v.
1514 2566 1628 2600 supra

169 2606 202 2632 c.
219 2604 240 2639 7
259 2596 343 2641 (734
357 2600 407 2641 ο).
618 2608 660 2634 12
685 2600 753 2634 Sed
776 2601 1022 2636 wnuiuatort's
1046 2601 1140 2636 etc.:
1167 2599 1257 2637 Hor.
1282 2603 1359 2636 Sat.
1376 2601 1416 2638 ii.
1440 2603 1473 2638 8.
1491 2611 1546 2647 73,
1567 2612 1623 2646 74.

172 2653 215 2687 14
238 2644 340 2678 siccis
356 2645 448 2679 etc.:
473 2643 561 2680 Hor.
581 2645 699 2680 Carm.
716 2645 741 2680 i.
764 2647 815 2682 18.
833 2656 878 2692 33
905 2646 953 2683 cf.
971 2658 1084 2694 supra
1100 2659 1130 2683 c.
1151 2649 1172 2684 8
1191 2649 1276 2694 (739
1287 2652 1344 2692 D).
1509 2659 1562 2695 15,
1584 2651 1627 2685 16

167 2691 334 2743 Platonis
349 2692 579 2728 auctoritate:
605 2703 637 2728 v.
655 2690 749 2729 Gell.
769 2704 826 2729 xv.
844 2703 864 2729 2
885 2693 903 2740 ξ
919 2704 952 2739 3.
1139 2703 1181 2739 17
1206 2696 1396 2731 Laudibus
1411 2697 1482 2732 etc.
1500 2708 1509 2732 :
1539 2697 1627 2732 Hor.

168 2737 240 2782 Ep.
258 2748 283 2773 1.
304 2746 356 2783 19.
376 2738 408 2772 6.
580 2749 622 2775 21
649 2740 835 2776 Platonem
851 2742 949 2777 etc.:
975 2753 1007 2778 v.
1026 2739 1124 2778 Gen.
1141 2753 1199 2778 xv.
1219 2753 1239 2778 2
1259 2742 1277 2788 ξ
1297 2753 1333 2787 4.
1508 2753 1564 2790 25,
1583 2745 1630 2780 26

168 2785 266 2820 Nam
289 2789 320 2818 et
336 2785 491 2840 ‘modicis
515 2786 587 2841 etc.
610 2797 726 2832 usque
751 2786 800 2823 ad
823 2788 1014 2824 abluamus
1040 2790 1122 2834 (747
1138 2791 1207 2834 D):
1233 2788 1330 2826 Gell.
1355 2801 1412 2826 xv.
1430 2801 1451 2826 2
1479 2790 1529 2873 §g
1549 2792 1629 2836 5-8.

169 2832 215 2868 28
238 2833 458 2879 reddamque
469 2843 600 2868 sensum
614 2834 773 2870 letiores:
797 2836 963 2882 reddique
979 2847 1036 2872 eos
1051 2838 1183 2872 sensim
1199 2838 1362 2874 laetiores
1376 2843 1481 2884 atque
1533 2838 1596 2875 ell.

1458 2917 1520 2953 ²91
