1988 3250
188 233 288 269 cn.
304 221 434 283 xx1v]
709 221 1145 267 POLICRATICVS
1672 232 1748 274 701
1765 221 1796 262 d

187 343 264 400 qui
295 346 450 400 sponte
485 343 805 387 beatitudinem
840 341 1107 385 abiecerunt.
1167 342 1279 395 Quis
1318 343 1435 385 enim
1475 355 1649 399 compa-

186 413 328 456 tiatur
357 413 420 455 eis
454 412 529 469 qui
561 427 589 455 a
623 411 726 455 felle
761 411 957 454 malitiae
991 411 1166 453 malunt
1204 425 1296 454 esse
1331 411 1480 454 miseri
1516 425 1649 468 quam
1664 419 1749 462 702
1769 422 1800 451 a

186 481 335 525 beati'l
405 481 612 524 Patribus
650 481 867 538 siquidem
906 479 1078 537 pridem
1121 479 1289 537 placuit
1328 480 1650 523 beatitudinem

186 551 422 594 consistere
461 551 509 592 in
544 543 724 602 uirtute,
755 552 800 592 et
835 549 1004 591 nullam
1045 548 1140 591 sine
1174 549 1360 592 caritate
1396 564 1521 607 posse
1557 564 1651 593 esse

150 639 168 674 5
186 620 410 670 uirtutem,
437 620 561 663 cuius
588 620 743 676 utiqu'e
770 618 943 662 fructus
969 618 1307 661 iocundissimus
1331 622 1410 671 est,
1437 619 1651 675 Apostolo

185 692 377 732 testante
407 689 483 746 qui
513 689 717 747 operibus
746 688 891 732 carnis
922 688 1029 730 haec
1058 702 1192 744 opera
1219 687 1415 744 Spiritus
1446 702 1558 744 quae
1593 688 1650 731 ad

185 758 325 802 uitam
338 759 574 816 proficiunt
586 759 815 802 euidenter
829 758 1013 815 opponit
1026 771 1036 810 ;
1062 772 1174 813 quae
1190 760 1296 800 sunt
1308 772 1409 814 pax,
1422 757 1652 814 patientia,

185 827 508 885 longanimitas,
542 828 730 879 bonitas,
764 827 990 885 gaudium,
1025 826 1330 877 mansuetudo,
1365 826 1651 878 continentia,

183 897 376 940 castitas.
436 897 525 950 Qui
555 912 659 954 ergo
691 898 770 940 hos
806 896 989 940 uirtutis
1024 910 1170 938 ramos
1201 911 1228 938 a
1258 899 1379 939 terra
1407 896 1551 939 cordis
1581 896 1650 940 sui

128 983 169 1009 ιο
184 966 415 1009 succidunt
435 969 480 1009 et
495 967 684 1010 radicem
701 966 912 1016 caritatis,
928 965 982 1008 de
999 980 1085 1022 qua
1099 965 1317 1016 oriuntur,
1337 966 1650 1017 exterminant,

184 1049 375 1092 quanam
405 1036 481 1079 uia
510 1036 567 1079 ad
596 1035 918 1079 beatitudinem
958 1035 1181 1092 pergunt'l
1241 1035 1375 1077 Plane
1410 1035 1547 1078 nichil
1582 1040 1651 1079 est

183 1104 300 1162 quod
326 1105 468 1162 magis
497 1105 728 1148 caritatem
759 1105 991 1162 impugnet
1023 1118 1156 1160 quam
1191 1118 1412 1147 uenenum
1442 1105 1649 1149 inuidiae.

183 1173 265 1216 Est
308 1177 456 1217 autem
501 1174 681 1225 inuidia,
726 1178 779 1217 ut
819 1173 1093 1231 philosophis
1136 1173 1316 1230 placuit,
1360 1174 1548 1217 tristitia
1594 1189 1650 1218 ex

182 1244 413 1300 apparenti
426 1244 718 1301 prosperitate
733 1243 920 1287 alicuius
936 1243 1115 1286 initium
1136 1244 1372 1300 (habens).
1399 1243 1579 1287 sienim
1593 1245 1648 1288 de

125 1328 165 1364 1⁵
182 1312 350 1356 tiranni
369 1313 441 1356 uel
461 1313 657 1370 peruersi
678 1313 788 1356 ciuis
808 1312 1041 1370 apparenti
1062 1313 1162 1369 quis
1182 1313 1475 1370 prosperitate
1495 1314 1646 1358 trista-
1665 1319 1694 1358 b

182 1384 268 1433 tur,
286 1396 562 1439 nequaquam
583 1382 848 1439 deturpatur
867 1382 1063 1425 inuidiae
1083 1382 1265 1426 macula.
1319 1383 1437 1425 Nam
1458 1391 1503 1427 et
1520 1384 1647 1427 bonis

182 1450 395 1508 displicet,
421 1465 520 1494 cum
549 1451 597 1493 in
626 1451 866 1509 perniciem
893 1451 1135 1494 multorum
1167 1452 1361 1495 succedit
1388 1453 1458 1495 his
1485 1453 1561 1510 qui
1589 1454 1647 1497 ad

181 1520 298 1563 mala
331 1520 572 1564 creduntur
605 1520 841 1578 proniores.
902 1520 951 1564 Si
985 1535 1090 1578 ergo
1125 1521 1241 1564 liuor
1276 1522 1401 1565 bonis
1433 1523 1649 1580 affligitur

181 1589 348 1642 alienis,
376 1590 558 1647 planum
588 1593 656 1633 est
685 1590 802 1647 quod
829 1605 857 1632 a
882 1590 1068 1634 caritate
1096 1591 1336 1648 plurimum
1365 1592 1504 1636 distat
1534 1607 1647 1650 quae

122 1677 166 1703 ao
181 1673 261 1702 sua
286 1673 376 1702 non
400 1659 574 1716 quaerit
597 1659 674 1702 sed
696 1659 1010 1716 proximorum.
1070 1659 1246 1704 Caritas
1276 1661 1323 1703 in
1352 1662 1480 1704 bonis
1508 1662 1646 1706 nichil

181 1742 321 1779 suum,
350 1728 398 1771 in
431 1728 559 1771 malis
588 1728 724 1772 nichil
755 1732 934 1786 reputat
963 1730 1180 1783 alienum3
1219 1731 1347 1774 malis
1376 1732 1647 1789 compatitur

181 1797 348 1850 alienis,
379 1798 496 1842 bona
533 1813 614 1842 sua
645 1799 858 1842 diffundit
893 1800 941 1842 in
973 1800 1198 1857 proximos
1211 1815 1221 1853 ;
1262 1816 1366 1843 nam
1398 1805 1443 1844 et
1474 1802 1646 1845 animos

181 1867 282 1910 unit
318 1869 370 1911 ut
403 1867 520 1910 idem
555 1867 697 1911 uelint
732 1868 934 1925 idemque
969 1869 1124 1913 nolint.
1185 1871 1264 1914 Ait
1296 1885 1484 1928 magnus
1519 1875 1647 1928 pater

180 1935 480 1995 Augustinus:
523 1937 646 1980 Tolle
681 1937 920 1990 inuidiam3
970 1953 1116 1981 meum
1152 1942 1280 1982 tuum
1322 1944 1391 1983 est
1430 1943 1476 1983 et
1515 1943 1645 1983 tuum

119 2029 164 2064 ,ὅ
181 2018 339 2050 meum.
390 2006 449 2049 Et
464 2005 579 2050 forte
594 2021 683 2050 non
698 2007 784 2050 erit
799 2007 967 2064 aliquid
988 2022 1135 2050 meum
1156 2009 1228 2052 uel
1249 2012 1378 2052 tuum
1399 2010 1476 2052 sed
1496 2010 1646 2054 omnia

181 2077 332 2118 nostra
359 2078 502 2119 erunt.
559 2075 664 2133 Ipsa
692 2076 810 2134 enim
840 2079 908 2119 est
937 2091 1062 2134 quae,
1092 2077 1210 2134 quod
1238 2078 1324 2121 sibi
1352 2079 1453 2122 uult
1481 2079 1645 2133 abesse,

182 2199 203 2235 7
222 2195 305 2236 post
321 2192 409 2228 sunt
425 2193 594 2228 lacunam
610 2193 712 2229 habet
726 2192 750 2228 S
825 2202 868 2237 14
892 2192 1035 2230 habens
1052 2195 1146 2230 deest
1162 2196 1202 2230 in
1220 2196 1319 2232 codd.
1392 2205 1440 2231 20
1463 2197 1597 2242 querat
1612 2194 1645 2231 A

179 2242 260 2283 post
279 2237 345 2275 sed
362 2241 445 2275 add.
461 2250 557 2285 quae
574 2239 613 2275 M
687 2239 839 2276 Karitas
856 2239 1019 2277 GBASM

229 2351 250 2387 3
275 2343 445 2378 Patribus
468 2345 560 2380 etc.:
594 2344 654 2380 Ita
678 2344 816 2391 passim
841 2344 952 2382 docet
976 2345 1034 2380 Au
1092 2345 1222 2389 atinus,
1248 2346 1352 2393 apud
1375 2358 1489 2393 quem
1513 2348 1645 2384 tamen

181 2388 341 2426 totidem
358 2389 476 2426 verbis
492 2401 700 2437 expressam
716 2392 948 2430 sententiam
965 2393 1040 2428 hau
1082 2392 1219 2430 inveni.
1428 2403 1445 2441 5
1473 2396 1646 2440 Apostolo

183 2437 255 2472 etc.
271 2445 280 2471 t
298 2434 418 2472 v.Gal.
429 2449 460 2474 v.
481 2446 567 2483 19-2
571 2449 604 2484 3.
703 2449 717 2476 1
727 2450 740 2476 1
761 2441 876 2476 nichil
886 2446 936 2476 est
947 2442 1020 2477 ete.
1035 2454 1044 2476 :
1069 2440 1116 2477 cf.
1130 2441 1224 2488 Aug.
1236 2443 1279 2477 de
1293 2442 1432 2478 Catach.
1444 2444 1540 2479 Rud.
1553 2442 1606 2490 4§
1623 2443 1645 2479 8

181 2484 328 2519 caritati
344 2485 438 2520 nihil
453 2487 642 2522 aduersiue
656 2498 763 2532 quam
779 2489 987 2523 inuidentia
1002 2487 1150 2534 (Migne
1168 2490 1208 2524 P.
1226 2490 1270 2524 L.
1289 2489 1338 2525 xl.
1358 2490 1454 2536 315).
1602 2499 1644 2538 13

183 2530 251 2565 Est
277 2535 395 2566 autem
418 2533 563 2585 iauidia
587 2535 679 2570 etc.:
703 2534 812 2571 Hanc
836 2534 999 2571 invidiae
1028 2535 1290 2573 definitionem
1319 2537 1419 2573 unde
1444 2536 1646 2574 deduxerit

183 2576 344 2614 Ioannes
357 2588 479 2615 nescio
491 2592 500 2622 ;
525 2591 637 2626 quam
647 2582 776 2619 tamen
787 2580 943 2628 planum
955 2584 1011 2619 est
1022 2581 1191 2620 eiusdem
1203 2583 1418 2620 Stoicorum
1431 2584 1644 2622 sententiae

182 2622 539 2679 interpretationem
555 2637 634 2664 esse
651 2639 766 2674 quam
782 2628 900 2666 refert
921 2629 1030 2676 Diog.
1057 2630 1180 2667 Laert.
1197 2631 1259 2667 vii.
1282 2642 1342 2668 111
1372 2633 1411 2667 et
1435 2632 1506 2668 hoc
1531 2632 1644 2668 modo

183 2671 311 2707 reddit
326 2671 452 2709 Cicero
472 2674 573 2710 Tuae.
592 2676 696 2721 Βίῳ.
713 2675 762 2712 iv.
782 2677 803 2713 8
819 2676 837 2723 §
856 2687 896 2722 17
908 2678 1153 2713 Invidemn'am
1162 2690 1234 2714 esse
1245 2680 1371 2714 dicunt
1381 2681 1646 2724 aegritudinem

183 2723 979 2817 fflfaf“;‘‚352⁰²⁰}{}1“²323‘3⁸ffi3305’33'02
1009 2783 1108 2807 mv
1133 2727 1304 2817 ²12423¹²²
1322 2729 1480 2810 ‘³¹³⁰'22Vi
1489 2727 1645 2810 {xrs}

183 2810 347 2866 invium
370 2812 419 2849 ef.
435 2813 588 2868 moron.
605 2818 647 2852 cn
667 2818 749 2852 aaz.
767 2830 796 2854 v.
814 2828 855 2854 21
875 2818 1022 2865 (Migne
1038 2820 1079 2855 P.
1097 2820 1142 2856 L.
1159 2819 1258 2857 xxvi.
1277 2820 1374 2867 417),
1392 2786 1587 2867 Ιεῑᾱῗυιῂῑ
1604 2801 1645 2858 ii]

184 2869 233 2904 40
249 2860 268 2906 ξ
292 2861 355 2907 165
376 2860 521 2908 (Migne
537 2863 579 2900 P.
595 2864 638 2900 L.
655 2863 799 2902 lxxxiii.
815 2866 891 2911 96).

1471 2947 1534 2972 ²¹1
