1988 3250
222 236 308 276 700
329 236 358 264 a
702 223 963 268 IOANNIS
1003 222 1518 268 SARESBERIENSIS
1643 221 1753 283 [ΜΒ.
1767 232 1840 266 VII

376 345 503 401 quasi
523 345 708 390 uirtutis
727 346 929 404 egregiae
949 349 995 390 et
1018 345 1256 403 singularis
1282 346 1432 389 meriti
1455 345 1680 389 hominem
1701 342 1840 388 admi·

377 416 503 456 retur
543 416 590 456 et
634 428 735 457 cum
781 414 1031 457 reuerentia
1075 415 1365 471 praeconetur
1410 416 1639 470 tamquam
1686 425 1842 455 reuera

330 483 360 521 b
378 483 666 540 apostolicum
686 483 834 526 uirum
855 486 900 527 et
920 497 1176 540 expressum
1197 482 1367 525 Christi
1387 483 1687 526 imitatorem?
1718 482 1842 524 Haec

377 554 526 595 autem
547 553 682 596 etiam
702 553 858 610 ignaui
877 567 934 595 ex
954 552 1214 595 necessitate
1233 554 1383 595 tamen
1410 551 1584 595 faciunt
1601 550 1841 595 cenobitae.

378 621 497 664 Nam
531 622 579 664 in
612 636 664 665 eo
698 637 726 665 a
757 621 967 665 studiosis
1002 621 1226 672 differunt,
1258 621 1376 677 quod
1414 621 1480 663 illi
1515 636 1572 664 ex
1606 620 1842 663 dilectione
1863 635 1883 671 5

377 695 585 735 exercent
615 706 668 735 ea
700 692 758 735 ad
786 706 900 748 quae
930 691 1008 734 isti
1037 691 1218 733 stimulo
1246 690 1521 734 necessitatis
1550 693 1769 748 urgentur
1798 692 1844 732 et

378 775 508 818 saepe
527 761 674 805 inuiti.
723 761 840 804 Sunt
853 760 1067 803 tamenin
1083 760 1240 802 habitu
1255 760 1476 803 communi
1497 774 1607 817 quos
1627 759 1844 803 seculares

378 845 469 873 non
494 830 636 873 audeo
661 830 901 880 nominare,
925 844 1026 873 cum
1055 829 1193 872 nichil
1223 829 1416 872 seculare
1446 829 1506 872 sit
1533 829 1770 872 dicendum
1794 828 1843 870 in

378 899 556 952 talibus,
581 899 668 942 nisi
695 898 813 956 quod
839 898 984 942 seculo
1010 913 1200 954 nequam
1226 898 1390 941 amoris
1417 897 1645 941 federatur
1670 897 1843 941 affectu.

379 967 508 1012 Sicut
533 969 652 1012 enim
675 967 957 1025 praeputium
981 967 1119 1010 nichil
1143 970 1212 1010 est
1235 970 1281 1010 et
1306 966 1578 1011 circumcisio
1597 966 1747 1018 nichil,
1766 966 1844 1010 sed
1864 981 1907 1008 ιο

378 1038 630 1081 obseruatio
669 1037 980 1080 mandatorum
1021 1036 1130 1088 Dei;
1178 1036 1252 1087 sic,
1291 1039 1344 1079 ut
1389 1036 1694 1094 religiosorum
1737 1050 1845 1094 pace

380 1107 535 1158 dicam,
555 1107 845 1150 monachatus
867 1106 1004 1149 nichil
1024 1109 1093 1149 est
1112 1108 1159 1149 et
1177 1106 1462 1149 canonicatus
1485 1106 1635 1160 nichil,
1662 1106 1844 1149 manda-

379 1184 527 1219 torum
547 1176 855 1220 obseruatione
882 1175 1085 1218 deducta.
1147 1174 1269 1218 Haec
1288 1175 1429 1232 igitur
1448 1175 1629 1218 tandem
1648 1178 1846 1233 prosunt,

381 1245 419 1288 si
439 1246 539 1302 quis
558 1246 699 1303 legem
720 1245 936 1288 obseruet.
998 1243 1048 1287 Si
1064 1258 1170 1287 uero
1190 1244 1284 1287 sine
1303 1243 1374 1287 his
1394 1244 1614 1302 quispiam
1638 1245 1847 1288 obseruat

340 1322 365 1351 e
381 1314 535 1371 legem,
561 1329 663 1357 eum
693 1328 972 1371 nequaquam
1001 1313 1191 1356 dixerim
1220 1313 1470 1357 secularem.
1530 1314 1845 1358 Verumtamen
1866 1326 1905 1362 τε

382 1398 589 1442 geramus
603 1398 769 1426 morem
782 1382 999 1440 religiosis
1013 1397 1022 1436 ;
1058 1383 1150 1426 sint
1161 1382 1376 1426 seculares
1388 1383 1568 1426 interim
1584 1398 1694 1440 quos
1708 1384 1846 1428 uestis

381 1453 504 1510 pulla
533 1453 590 1495 ab
619 1453 718 1495 aliis
747 1466 837 1495 non
866 1452 1088 1495 discernit.
1148 1451 1288 1495 Nulla
1313 1452 1431 1495 enim
1458 1452 1629 1496 iactura
1655 1453 1848 1497 nominis

382 1522 469 1565 nisi
508 1522 716 1565 secularis
758 1521 817 1564 sit
857 1524 902 1565 et
940 1522 1048 1565 uita.
1118 1521 1418 1579 Indignantur
1456 1522 1595 1579 aliqui
1635 1523 1752 1579 quod
1792 1522 1847 1566 de

383 1591 600 1649 religiosis
620 1605 701 1649 ego
721 1591 878 1634 habitu
898 1591 1107 1634 secularis
1127 1594 1173 1634 et
1190 1591 1523 1634 conuersatione
1538 1594 1741 1648 peccator
1759 1592 1847 1635 ista

384 1661 636 1718 pronuntio,
655 1664 712 1711 et,
731 1660 838 1703 dum
863 1660 1119 1704 commendo
1143 1660 1379 1711 cenobitas,
1398 1675 1468 1704 me
1491 1660 1591 1704 aliis
1615 1661 1848 1705 detrahere
1866 1677 1912 1703 ao

384 1731 687 1774 criminantur.
747 1730 974 1773 Aduersus
1000 1730 1081 1773 hos
1107 1744 1196 1773 non
1223 1730 1427 1775 Cesarem
1458 1730 1534 1773 sed
1558 1730 1848 1774 Benedictum

386 1800 571 1857 appello,
591 1800 667 1856 qui
688 1799 803 1843 sicut
832 1800 1070 1857 girouagos
1099 1803 1146 1843 et
1172 1799 1417 1843 sarabaitas
1444 1799 1606 1857 arguit,
1626 1800 1689 1844 sic
1708 1800 1848 1843 mani-

387 1869 499 1913 feste
528 1869 807 1913 commendat
835 1869 1072 1913 cenobitas,
1145 1869 1314 1913 Auctor
1348 1869 1459 1912 mihi
1493 1869 1740 1913 Ieronimus
1769 1872 1850 1922 est,

386 1939 489 1983 licet
508 1953 607 1982 eum
629 1938 831 1981 nonnulli
857 1939 1170 1982 monachorum
1198 1938 1346 1982 minus
1371 1938 1561 1996 benigne
1588 1939 1774 1983 audiant
1797 1953 1849 1983 eo

386 2008 503 2066 quod
522 2008 700 2052 clericos
721 2009 838 2065 quod
858 2009 915 2051 ad
935 2009 1105 2066 aliquid
1125 2008 1248 2052 uisus
1268 2011 1336 2052 est
1355 2007 1627 2066 praetulisse.
1679 2009 1849 2053 Auctor
1868 2022 1911 2059 ²⁸

386 2082 465 2129 est,
486 2077 679 2134 inquam,
700 2077 816 2134 quod
837 2078 974 2121 uestis
998 2092 1278 2135 nequaquam
1302 2077 1528 2135 religionis
1551 2077 1849 2122 differentiam

388 2146 540 2199 faciat,
567 2147 643 2189 sed
679 2147 726 2189 in
765 2147 885 2190 omni
921 2147 1079 2190 habitu
1114 2147 1190 2204 qui
1224 2147 1355 2190 timet
1390 2146 1534 2189 Deum
1566 2150 1612 2190 et
1643 2150 1853 2205 operatur

340 2214 370 2255 d
389 2216 605 2259 iustitiam
628 2220 831 2274 acceptus
851 2218 919 2260 est
939 2216 1015 2260 illi.
1076 2216 1200 2259 Idem
1223 2230 1395 2273 quoque
1415 2215 1505 2260 ait:
1537 2216 1693 2260 Vestes
1708 2217 1853 2275 pullas

387 2300 525 2342 aeque
566 2286 662 2328 uita
701 2289 753 2329 ut
792 2285 1013 2329 candidas.
1075 2285 1272 2329 Ornatus
1311 2289 1363 2328 ut
1402 2284 1551 2328 sordes
1591 2286 1687 2342 pari
1723 2286 1854 2331 modo

389 2355 613 2413 fugienda,
645 2355 749 2411 quia
781 2354 969 2397 alterum
1010 2354 1188 2398 delicias
1228 2354 1417 2397 alterum
1451 2353 1638 2411 gloriam
1674 2355 1852 2400 redolet.
1871 2371 1916 2407 30

389 2424 493 2468 Non
528 2424 691 2480 absque
727 2423 843 2467 lineo
874 2423 1040 2467 amictu
1073 2423 1274 2467 incedere
1305 2423 1382 2466 sed
1412 2422 1605 2480 pretium
1635 2423 1853 2469 linearum

389 2493 578 2536 uestium
617 2508 703 2534 non
740 2492 901 2535 habere
936 2491 1156 2535 laudabile
1186 2494 1263 2535 est.
1325 2491 1383 2534 Et
1412 2491 1646 2536 manifeste
1675 2493 1856 2537 uidetur

390 2600 434 2628 22
460 2590 585 2636 apello
601 2589 689 2626 GBS
784 2588 983 2636 giroungas
998 2587 1116 2625 CAM¹

443 2681 485 2708 ιο
507 2672 741 2717 praeputium
759 2673 852 2707 cta:
879 2681 911 2705 v.
933 2679 944 2706 ι
967 2669 1048 2706 Cor.
1068 2668 1128 2705 vii.
1154 2678 1204 2715 19.
1429 2679 1471 2707 21
1505 2670 1693 2707 Ceaarem:
1719 2681 1752 2706 v.
1770 2669 1856 2707 Act.

389 2719 485 2765 App.
505 2729 589 2755 xxv.
613 2727 664 2754 n.
794 2718 1047 2752 Benedictum:
1075 2728 1106 2752 v.
1126 2715 1267 2753 Bened.
1281 2717 1362 2762 1209.
1381 2727 1411 2752 c.
1434 2726 1461 2754 1.
1630 2726 1673 2761 27
1700 2719 1740 2753 in
1757 2718 1858 2754 omm'

390 2770 487 2803 (τιατ
513 2778 545 2803 v.
574 2765 660 2802 Act.
691 2764 787 2812 App.
817 2775 851 2800 x.
881 2773 934 2811 35.
1129 2765 1172 2800 28
1204 2765 1318 2799 Vestes
1339 2766 1435 2800 etc.:
1461 2763 1614 2801 Hieron.
1638 2765 1708 2811 Ep.
1729 2763 1774 2800 lii
1791 2764 1855 2812 (ad

392 2812 649 2868 Nepotianum
674 2811 720 2849 dc
747 2811 824 2849 vita
846 2810 1065 2849 clericorum
1091 2813 1130 2848 et
1155 2810 1438 2858 monachorum)
1465 2823 1496 2849 c.
1523 2822 1546 2858 9
1572 2811 1718 2860 (Mignc
1743 2813 1784 2850 P.
1810 2813 1854 2849 L.

391 2860 482 2898 xxii.
503 2869 520 2907 5
527 2861 599 2907 35).

502 2932 565 2967 ὀε
