1988 3250
119 223 221 261 oAP.
237 214 290 277 x]
655 215 1095 262 POLICRATICVS
1609 221 1690 262 σοι
1706 218 1739 262 d

121 336 278 380 testari
306 337 493 394 possunt
522 338 568 379 et
596 349 654 378 ex
682 335 860 393 publica
887 335 1179 388 solicitudine,
1200 337 1319 392 quod
1345 339 1592 382 maximum

121 408 200 457 est,
230 420 321 449 non
349 405 674 463 permittuntur
704 419 844 462 egere,
874 407 920 448 et
955 405 1003 447 in
1037 405 1156 448 hunc
1189 406 1370 449 modum
1400 408 1594 464 plurima

122 489 235 532 quae
254 474 436 531 longum
457 477 525 517 est
548 488 765 517 enarrare.
825 473 949 517 Licet
978 477 1129 517 autem
1159 474 1251 518 sint
1280 476 1357 532 qui
1387 477 1472 519 sibi
1502 492 1593 520 non

121 543 264 586 teneri
294 543 507 586 uidentur
536 542 755 586 Ecclesiae
784 557 841 586 ex
870 547 1146 587 sacramento
1172 544 1354 595 solenni,
1375 546 1480 602 quia
1503 546 1594 589 iam

0 652 2 655 ,
82 630 103 666 ⁵
121 626 179 655 ex
207 612 526 656 consuetudine
554 612 814 670 plerumque
844 626 933 655 non
963 615 1229 669 praestatur,
1258 614 1409 657 nullus
1443 619 1594 658 tamen

120 685 190 726 est
208 681 285 739 qui
305 684 581 725 sacramento
600 681 738 725 tacito
758 681 830 724 uel
851 696 1058 739 expresso
1082 682 1300 726 Ecclesiae
1325 698 1415 727 non
1444 686 1594 728 tenea-

119 754 197 795 tur
229 751 460 794 obnoxius.
522 751 582 794 Et
616 750 733 794 forte
764 751 864 794 ideo
898 755 1041 795 cessat
1072 752 1314 796 solennitas
1342 753 1594 804 iuramenti,

120 821 226 879 quia
259 821 318 864 ad
346 821 429 865 hoc
459 835 611 864 omnes
643 821 811 864 inuitat
842 823 888 864 et
918 824 1091 865 coartat
1120 823 1358 866 necessitas
1386 823 1517 867 officii
1548 828 1594 867 et

0 936 3 954 Ι
120 890 351 934 sinceritas
370 890 487 936 fidei.
543 890 672 933 Vnde
699 890 788 932 iam
816 890 1003 934 inoleuit
1026 892 1298 936 consuetudo
1321 892 1514 936 solennis
1541 896 1594 937 ut
1610 899 1698 939 602
1719 911 1749 940 a

0 956 9 996 ἕ
58 966 104 1006 ‘io
122 974 174 1004 ea
193 960 290 1018 ipsa
305 960 388 1011 die,
404 974 493 1017 qua
508 960 695 1017 quisque
710 960 896 1003 militari
912 961 1091 1018 cingulo
1106 961 1351 1013 decoratur,
1367 963 1595 1006 ecclesiam

0 1021 15 1081 ἶ
119 1029 361 1074 solenniter
399 1029 531 1073 adeat
569 1029 805 1087 gladioque
844 1044 979 1087 super
1008 1030 1150 1074 altare
1184 1032 1330 1088 posito
1365 1036 1410 1076 et
1444 1023 1595 1076 oblato

0 1084 9 1126 i
120 1098 247 1157 quasi
286 1098 447 1142 celebri
487 1099 759 1156 professione
799 1098 920 1143 facta
955 1100 1149 1157 seipsum
1189 1101 1400 1158 obsequio
1439 1102 1596 1146 altaris

0 1178 13 1215 ἔ
119 1167 340 1212 deuoueat
369 1171 415 1212 et
444 1168 595 1226 gladii,
624 1168 671 1211 id
701 1172 770 1212 est
798 1168 928 1212 officii
962 1169 1044 1220 sui,
1073 1169 1222 1228 iugem
1253 1170 1349 1214 Deo
1377 1171 1594 1230 spondeat

0 1221 14 1287 l}
119 1236 399 1281 famulatum.

10 1326 11 1330 ¹
63 1325 103 1362 15
178 1306 336 1364 Neque
354 1321 528 1351 necesse
548 1310 616 1351 est
635 1310 688 1351 ut
707 1308 789 1351 hoc
813 1308 1077 1366 profiteatur
1095 1309 1245 1360 uerbo,
1263 1324 1364 1354 cum
1391 1310 1594 1368 legitima

119 1375 335 1435 professio
364 1376 551 1420 militiae
580 1375 700 1420 facto
730 1377 826 1420 eius
854 1377 1063 1421 uideatur
1092 1378 1272 1423 inserta.
1333 1378 1444 1433 Quis
1473 1380 1591 1424 enim

119 1445 168 1489 in
187 1445 365 1489 homine
384 1445 619 1490 illitterato
639 1449 684 1489 et
704 1446 781 1503 qui
802 1447 944 1504 magis
964 1462 1089 1490 arma
1114 1447 1274 1492 debeat
1300 1463 1427 1493 nosse
1456 1465 1591 1507 quam

118 1513 293 1559 litteras
331 1514 649 1573 professionem
689 1515 842 1573 exigat
881 1516 1158 1561 litteratam?
1233 1517 1351 1561 Nam
1398 1519 1591 1577 episcopi

17 1635 18 1638 Ἰ
121 1586 168 1628 et
195 1584 380 1628 abbates
409 1583 681 1642 professione
715 1585 882 1643 scripta
911 1585 983 1629 uel
1013 1585 1132 1630 dicta
1161 1586 1219 1629 ad
1248 1587 1381 1630 fidem
1412 1593 1458 1632 et
1489 1589 1591 1633 obe-

14 1643 22 1684 ss
60 1666 105 1703 20
122 1653 337 1697 dientiam
375 1653 589 1698 uidentur
628 1654 792 1707 artari3
835 1658 881 1699 et
915 1670 1072 1699 reuera
1106 1660 1325 1708 artantur,
1355 1658 1461 1715 quia
1495 1658 1592 1703 Deo

120 1723 301 1768 mentiri
330 1737 420 1767 non
449 1723 565 1768 licet.

177 1791 295 1836 Sane
326 1795 407 1836 aut
441 1792 542 1850 plus
572 1796 640 1836 est
669 1796 749 1836 aut
777 1808 867 1837 non
896 1794 1044 1838 minus
1074 1795 1192 1852 quod
1222 1796 1388 1840 milites
1418 1796 1593 1842 faciunt

119 1861 196 1920 qui
228 1876 318 1906 non
348 1862 549 1906 cedulam
579 1862 656 1906 sed
685 1863 885 1920 gladium
914 1864 1108 1907 offerunt
1137 1868 1183 1908 et
1212 1866 1338 1923 quasi
1369 1867 1591 1924 primitias

0 1933 14 1981 ss
119 1930 250 1976 officii
285 1931 511 1975 redimunt
544 1932 602 1975 ab
641 1932 798 1986 altari;
838 1933 956 1976 unde
993 1933 1211 1978 Ecclesiae
1245 1935 1293 1978 in
1325 1942 1589 1994 perpetuum
1607 1943 1636 1982 b

0 1937 15 2073 ἶί
59 2019 104 2056 ⁸³
124 2000 423 2054 famulantum
462 2016 578 2053 nam,
619 2002 735 2046 sicut
774 2002 837 2045 eis
879 2017 962 2061 pro
1002 2003 1197 2048 Ecclesia
1235 2005 1489 2062 plurimum,
1527 2006 1594 2050 ita

0 2074 16 2140 ξ]Ι
120 2073 276 2115 contra
306 2070 546 2115 Ecclesiam
575 2070 679 2114 licet
708 2071 856 2115 nichil.
918 2072 1075 2116 Refert
1106 2073 1248 2117 Lucas
1279 2075 1398 2131 quod
1428 2076 1593 2120 milites

18 2151 19 2154 ’
119 2142 172 2184 ut
202 2139 538 2198 baptizarentur
568 2145 846 2184 accesserunt
874 2141 932 2184 ad
962 2142 1208 2186 Iohannem
1239 2144 1592 2203 interrogantes:

0 2217 16 2271 3³,
119 2207 344 2268 Magister,
364 2209 472 2267 quid
507 2208 721 2253 faciemus
755 2213 801 2254 et
835 2212 948 2255 nos?
1010 2212 1068 2255 Et
1103 2212 1169 2255 ait
1201 2212 1315 2256 illis:
1355 2214 1591 2258 Neminem

0 2266 16 2337 J
119 2278 383 2322 concutiatis
412 2293 554 2335 neque
583 2279 883 2337 calumpniam
908 2279 1108 2334 faciatis;
1144 2286 1190 2326 et
1219 2284 1417 2327 contenti
1449 2288 1590 2328 estote

60 2368 105 2412 ³0
119 2346 351 2405 stipendiis
369 2347 544 2392 uestris.

119 2477 144 2513 4
166 2467 369 2514 sollempni
386 2468 500 2504 GBS:
527 2466 689 2504 sollenni
708 2468 740 2504 A
908 2478 928 2514 7
956 2470 1182 2507 sollennitas
1199 2472 1232 2507 A
1249 2483 1257 2508 :
1285 2472 1549 2520 sollempnitas
1568 2473 1592 2510 S

119 2524 144 2562 9
166 2514 349 2552 sollennis
365 2515 419 2551 A:
446 2515 669 2561 sollempnis
688 2515 712 2552 S
894 2527 932 2554 11
962 2518 1190 2556 sollenniter
1205 2521 1260 2555 A:
1287 2520 1418 2557 sollem
1450 2522 1551 2558 niter
1569 2522 1594 2558 S

123 2571 164 2610 15
190 2562 387 2609 legittima
404 2562 470 2599 SM
569 2565 624 2606 18,
636 2573 678 2609 19
704 2562 873 2611 episcopi
892 2564 950 2611 et]
965 2569 1004 2602 et
1020 2565 1096 2613 ipsi
1114 2566 1144 2602 P
1238 2578 1283 2614 23
1308 2569 1395 2606 seed
1518 2569 1593 2605 AM

167 2681 192 2718 9
220 2673 320 2709 Vnde
335 2674 411 2709 iam
427 2674 525 2709 etc.:
551 2685 584 2708 v.
602 2672 706 2709 Petri
730 2673 918 2711 Blesensis
942 2674 1014 2712 loc.
1039 2676 1104 2714 cit.
1129 2689 1242 2724 supra
1262 2690 1295 2715 c.
1313 2680 1334 2716 8
1355 2679 1440 2725 (600
1450 2680 1518 2724 D);
1544 2679 1591 2716 cf.

120 2717 291 2757 Catalan.
309 2722 442 2766 Pontis.
460 2722 611 2757 Roman.
630 2724 897 2759 commentariis
912 2724 1044 2761 illustr.
1061 2724 1086 2761 i.
1103 2735 1184 2769 421.
1365 2737 1422 2772 20,
1441 2737 1482 2763 21
1512 2729 1592 2763 Dea

120 2768 268 2803 mim·
282 2779 355 2804 non
373 2769 475 2804 licet:
499 2780 535 2803 v.
553 2768 624 2804 Ios.
641 2768 739 2804 xxiv.
756 2778 817 2813 27.
933 2781 952 2806 2
957 2781 978 2817 3
1003 2774 1166 2807 cedulam
1182 2786 1191 2808 :
1216 2772 1240 2809 i.
1253 2784 1284 2810 e.
1301 2775 1531 2819 schedulam3
1557 2786 1589 2810 v.

123 2811 184 2850 Du
201 2813 327 2862 Gange
344 2827 371 2852 s.
382 2827 416 2854 v.
434 2816 602 2851 schedula
618 2818 898 2853 testamentalia:
935 2820 943 2835 ‘
956 2818 1091 2855 charta
1109 2831 1183 2864 qua
1200 2820 1355 2858 donatio
1371 2824 1440 2858 aut
1462 2821 1592 2868 pactio

94 2902 95 2909 ἵ
121 2861 325 2899 asseritur:
465 2863 510 2899 26
534 2864 659 2908 Refert
673 2865 794 2900 Lucas
810 2866 907 2901 etc.:
932 2877 965 2901 v.
984 2865 1070 2903 Luc.
1088 2866 1142 2904 iii.
1165 2877 1218 2914 14.

189 2933 306 2955 wmu
838 2942 865 2971 B

1437 2949 1478 2984 ²5
