1988 3250
261 181 338 220 612
358 180 387 220 b
734 178 998 223 IOANNIS
1036 178 1554 223 SARESBERIENSIS
1698 178 1811 240 [ΜΒ.
1824 191 1876 224 vt

407 298 573 342 milites
603 299 660 342 ad
684 299 835 343 uirilia
863 299 1052 351 incitari,
1073 299 1146 342 uel
1173 302 1339 343 matres
1369 302 1415 343 et
1441 313 1603 343 uxores
1626 299 1877 344 cedentium

408 383 482 412 eos
501 372 692 427 urgeant
711 370 768 412 ad
787 370 1015 414 uirtutem.
1625 427 1628 430 Δ

365 448 391 477 c
466 438 584 481 Nam
623 439 794 496 aliquid
833 439 923 482 tale
956 439 1005 481 in
1043 438 1200 496 priscis
1229 437 1428 481 historiis
1461 438 1702 483 inuenitur.
1761 438 1876 483 Cum

405 508 524 550 enim
554 508 828 552 irruentibus
857 509 999 551 Medis
1028 508 1144 551 acies
1175 508 1407 550 Persarum
1436 508 1614 565 pulsata
1642 508 1690 551 in
1721 508 1877 566 fugam

405 580 614 635 ageretur
634 582 679 622 et
698 579 879 622 omnino
898 578 1104 621 deficiens
1119 592 1200 621 nec
1220 577 1434 620 uictorem
1451 578 1666 635 respicere
1681 578 1876 629 auderet,
1896 591 1915 626 5

404 649 571 690 matres
591 650 636 690 et
656 662 817 690 uxores
837 662 989 690 eorum
1009 647 1174 704 passim
1194 646 1372 689 obuiam
1393 646 1671 704 fugientibus
1691 649 1878 690 currunt

406 718 453 759 et
486 716 723 759 mulierum
755 717 940 759 densata
969 716 1062 758 acie
1092 719 1224 758 orant
1252 715 1301 757 in
1330 716 1549 772 praelium
1579 718 1877 759 reuertantur.

406 785 674 829 Nolentibus
709 786 886 829 sublata
919 788 1044 828 ueste
1079 785 1267 827 obscena
1298 785 1493 842 corporis
1524 785 1777 836 ostendunt,
1809 798 1878 827 ro-

404 857 563 912 gantes
583 869 691 897 num
707 854 754 896 in
774 858 925 897 uteros
954 856 1150 896 matrum
1170 853 1243 896 uel
1269 867 1461 896 uxorum
1487 853 1631 896 uelint
1660 853 1878 911 refugere.

407 924 506 967 Hac
545 924 733 981 repressi
774 923 1066 981 castigatione
1105 923 1153 965 in
1191 922 1411 980 praelium
1451 922 1640 966 redeunt
1679 925 1725 966 et
1756 922 1878 966 facta
1898 937 1940 961 ιο

406 993 693 1051 impressione
724 1008 833 1050 quos
859 992 1095 1050 fugiebant
1127 992 1283 1050 fugere
1313 992 1633 1049 compulerunt.
1694 992 1879 1036 Vtinam

406 1061 470 1106 sic
499 1062 669 1106 faciant
698 1077 859 1105 uxores
889 1065 935 1105 et
962 1064 1128 1104 matres
1151 1064 1405 1104 nostrorum
1431 1061 1752 1112 Marchionum,
1772 1060 1881 1103 dum

406 1146 682 1189 quacumque
712 1131 937 1175 occasione
963 1131 1157 1188 patriam
1178 1134 1358 1174 seruent
1384 1131 1649 1174 incolumem
1669 1133 1715 1174 et
1734 1130 1880 1174 labem

406 1201 590 1259 pudoris
609 1204 857 1244 amoueant.

407 1304 516 1363 Cap.
543 1316 607 1360 17.
667 1304 805 1348 Nobis
833 1319 864 1348 a
894 1302 1170 1347 'nostratibus
1204 1318 1287 1347 esse
1321 1303 1522 1360 eoeempla
1555 1302 1809 1355 uirtutum,
1839 1306 1879 1346 et
1898 1317 1940 1353 15

522 1389 637 1432 qnae
656 1374 865 1418 ciuitates
883 1373 940 1416 in
960 1373 993 1415 Ι
991 1372 1108 1417 talia
1127 1372 1378 1417 condiderit
1394 1372 1609 1416 Brennus
1627 1373 1880 1417 secundum

523 1443 743 1500 antiquas
762 1442 988 1486 historias.

361 1522 391 1562 d
464 1523 631 1567 Verum
659 1523 778 1580 quod
797 1538 825 1566 a
844 1523 1009 1566 nostris
1035 1537 1153 1566 nunc
1178 1522 1442 1579 quaerimus,
1463 1522 1726 1580 iampridem
1753 1535 1880 1579 prae-

406 1593 543 1644 teriit,
564 1596 609 1636 et
638 1607 690 1636 eo
719 1607 858 1650 usque
883 1592 1101 1635 maiorum
1131 1595 1385 1635 nostrorum
1415 1592 1562 1635 uirtus
1589 1592 1792 1635 manauit
1821 1590 1879 1634 ad

405 1662 517 1705 alios
536 1665 589 1705 ut
611 1661 843 1719 plenitudo
862 1661 1018 1703 diuitis
1045 1675 1186 1704 uenae
1205 1675 1233 1703 a
1253 1660 1378 1704 fonte
1404 1661 1648 1704 uideatur
1635 1676 1683 1703 ιιι
1710 1659 1879 1703 riuulos
1898 1674 1943 1700 20

406 1730 631 1775 defecisse.
692 1730 850 1788 Neque
874 1730 992 1773 enim
1013 1745 1040 1772 a
1060 1730 1272 1773 Romanis
1298 1733 1345 1773 et
1364 1730 1516 1774 Grecis
1546 1733 1724 1775 tantum
1751 1730 1881 1774 nobis

407 1803 514 1844 sunt
562 1799 766 1857 exempla
809 1799 1008 1852 uirtutis,
1046 1814 1151 1842 nam
1200 1802 1247 1842 et
1296 1799 1549 1843 domesticis
1588 1799 1880 1843 abundamus.

406 1869 611 1912 Tradunt
630 1868 842 1912 historiae
863 1869 1091 1912 Brennum
1111 1868 1267 1911 ducem
1285 1867 1523 1919 Senonum,
1535 1868 1613 1925 qui
1634 1868 1880 1912 exercitum

407 1939 709 1982 Romanorum
729 1938 849 1995 apud
868 1938 1035 1981 flumen
1055 1937 1222 1980 Alliam
1253 1938 1454 1989 confecit,
1474 1937 1704 1995 ipsamque
1723 1938 1880 1982 urbem

407 2008 594 2051 Romam
619 2007 795 2064 irrupit,
815 2007 944 2063 cepit,
964 2010 1010 2050 et
1043 2006 1181 2050 caesis
1215 2006 1419 2063 patribus
1455 2009 1500 2049 et
1529 2006 1714 2049 subacta
1743 2006 1881 2050 Italia
1900 2023 1942 2059 ²5

408 2077 576 2120 inuasit
591 2076 806 2128 Greciam,
819 2079 1002 2119 uastans
1022 2076 1172 2119 omnia
1187 2075 1494 2132 uniuersisque
1515 2075 1727 2119 terribilis
1741 2091 1882 2134 usque

408 2146 466 2189 ad
491 2146 695 2203 Delphici
725 2145 946 2202 Apollinis
977 2145 1204 2202 templum,
1235 2145 1353 2202 quod
1384 2145 1521 2188 situm
1551 2148 1619 2188 est
1653 2145 1701 2188 in
1731 2149 1882 2190 monte

409 2249 454 2275 22
479 2238 743 2275 habundamus
760 2236 875 2273 A¹SM
1018 2247 1063 2283 23
1088 2236 1279 2284 hystoriae
1296 2236 1335 2273 M
1478 2245 1523 2280 27
1549 2236 1738 2284 apollonis
1755 2236 1801 2273 B¹

456 2327 480 2362 4
504 2319 598 2353 acies
613 2318 808 2353 Persarum
824 2318 919 2352 etc.:
947 2327 980 2351 v.
999 2314 1136 2352 lustin.
1154 2314 1179 2352 i.
1198 2317 1222 2353 6
1240 2314 1282 2363 ἕξ
1304 2325 1433 2361 13,14.
1590 2325 1624 2360 4
1645 2324 1663 2362 5
1690 2317 1731 2351 v'n
1746 2318 1883 2363 fugam

408 2370 593 2411 aqeretur:
619 2377 699 2401 cum
711 2365 896 2410 paulatim
912 2365 1045 2399 cederet
1063 2362 1195 2399 lustin.
1347 2372 1364 2409 5
1391 2368 1428 2417 et·
1439 2364 1587 2399 omnino
1604 2364 1677 2400 etc.
1698 2374 1814 2410 usque
1832 2364 1883 2402 ad

408 2414 578 2448 auderet.
605 2411 742 2448 desunt
758 2422 820 2457 ap.
838 2410 1027 2447 Iustinum
1040 2413 1078 2447 et
1089 2422 1151 2464 ap.
1165 2409 1350 2453 Orosium,
1366 2410 1430 2457 qui
1441 2412 1536 2447 Hm.
1549 2412 1626 2447 adv.
1641 2412 1779 2456 Payan.
1797 2411 1821 2447 i.
1840 2422 1883 2458 19

411 2460 429 2507 ξ
461 2470 485 2505 9
513 2470 559 2495 ex
585 2459 708 2505 Trogo
736 2457 917 2504 Pompeio
946 2458 1044 2494 hanc
1070 2457 1266 2494 historiam
1294 2457 1402 2494 citat.
1597 2459 1619 2494 8
1644 2459 1880 2497 Nolentv'bus:

413 2507 677 2543 Cunctantibus
695 2506 826 2542 lustin.
1001 2516 1040 2542 12
1067 2506 1343 2541 Marchiortum:
1370 2504 1425 2542 De
1447 2504 1518 2542 hoc
1544 2504 1659 2542 titulo
1684 2517 1715 2542 v.
1743 2505 1882 2544 Selden

414 2555 526 2591 Tmen
541 2555 750 2599 ofHonour
764 2553 822 2590 ed.
845 2554 944 2635 1B672‚
964 2564 1028 2599 pp.
1045 2554 1125 2597 627,
1145 2554 1227 2589 628.
1359 2562 1406 2588 2ο
1430 2554 1559 2589 diuitis
1574 2564 1708 2589 uenae:
1736 2565 1769 2590 v.
1789 2554 1882 2640 Ho2r6.

411 2604 457 2638 A.
475 2602 516 2639 P.
536 2610 617 2646 409.
777 2610 821 2682 εἰῇ
848 2601 1036 2636 Brennum
1053 2602 1144 2636 etc.:
1171 2611 1202 2635 v.
1221 2599 1325 2636 Oros.
1343 2599 1381 2636 ii.
1406 2599 1507 2683 ι9ὃξ
1529 2609 1666 2654 5seqq.

411 2650 548 2684 inuenit
568 2649 754 2684 (ir-eciam:
824 2647 883 2683 ale
903 2647 1051 2693 putavit
1067 2647 1227 2683 loannes
1244 2647 1438 2683 Brennum
1492 2646 1636 2685 rasciae
1654 2603 1882 2686 vastatorem

410 2696 575 2733 eundem
590 2695 704 2731 sui-sc
750 2694 788 2730 ui
807 2694 936 2730 urbem
957 2694 1113 2731 Romam
1132 2694 1192 2730 cxi
1211 2697 1300 2731 ante
1315 2693 1424 2731 annis
1438 2694 1611 2741 cepisset.
1660 2695 1761 2732 Sed
1752 2708 1791 2732 ιιι
1809 2696 1881 2734 h'oo

440 2742 622 2780 meiverat
651 2707 841 2778 Gala-idus
869 2742 1166 2779 Monumetensin
1197 2741 1237 2777 in
1271 2741 1341 2778 loc.
1374 2741 1478 2779 infra
1504 2742 1650 2779 citato·
1643 2770 1651 2786 ,
1688 2742 1736 2780 cf.
1765 2743 1881 2781 etiam

455 2790 550 2827 atth.
571 2789 684 2826 Paris.
706 2788 1248 2833 Chron.Maiot.(ed.Luu.1-d
1238 2801 1263 2826 ι.
1281 2801 1316 2836 p.
1338 2790 1411 2836 58).
1562 2791 1619 2834 26,
1639 2799 1683 2836 27
1710 2792 1882 2838 usquead

411 2839 582 2884 Delphici
599 2840 693 2875 etc..
722 2849 753 2874 v.
773 2836 905 2874 lustin.
925 2836 1022 2873 xxiv.
1040 2838 1063 2874 6
1082 2835 1124 2884 §§
1144 2838 1216 2882 4—6

521 2904 564 2935 4⁴
