1988 3250
238 200 316 249 819
339 184 365 238 e
704 196 965 243 IoANNIs
1004 195 1518 241 SARESBERIENSIS
1617 178 1843 258 [mamni

335 333 361 362 c
378 317 491 361 Boni
515 320 666 361 tamen
690 320 736 361 et
761 318 868 361 mali
893 318 1035 362 sciens
1061 317 1208 361 faetus
1236 320 1304 362 est
1332 332 1412 375 per
1439 315 1772 375 experientiam,
1797 318 1844 359 et

376 386 615 444 multiplici
634 387 837 431 miseriae
856 387 1000 431 locum
1014 387 1122 431 feeit
1135 387 1183 429 in
1199 401 1256 430 se.
1308 387 1427 445 Ergo
1446 402 1474 430 a
1492 387 1615 445 ligno
1633 385 1843 430 scientiae

377 456 485 499 dum
516 456 768 514 prohibitus
802 456 914 500 illud
953 456 1219 507 ascenderet,
1253 471 1282 499 a
1311 456 1503 500 ueritate
1541 456 1712 499 uirtute
1745 454 1844 497 uita

378 525 537 570 cecidit
563 529 609 569 et
638 525 839 569 deuiauit
867 527 1012 577 homo,
1041 540 1121 570 nee
1153 528 1404 569 reuertetur
1427 525 1485 568 ad
1504 525 1658 576 uitam,
1678 524 1766 568 nisi
1786 523 1844 566 ad

378 595 580 639 arborem
609 595 818 638 scientiae
847 595 1011 646 redeat,
1035 598 1081 638 et
1109 595 1212 638 inde
1240 595 1476 638 ueritatem
1505 595 1553 638 in
1582 595 1844 653 cognitione,
1864 607 1883 642 5

377 665 594 708 uirtutem
614 665 662 707 in
677 679 819 722 opere,
830 665 973 708 uitam
988 665 1035 707 in
1051 664 1323 708 iocunditate
1342 666 1584 708 mutuetur.
1642 663 1846 707 Rationis

378 735 531 791 itaque
549 749 732 778 acumen
755 738 957 778 exerceat
975 737 1028 777 ut
1047 733 1268 777 discernat
1292 734 1411 777 inter
1429 733 1594 777 bonum
1614 736 1661 777 et
1679 732 1846 776 malum

379 807 426 847 et
445 804 492 847 in
512 803 620 860 ipsis
640 804 767 847 bonis
786 806 867 846 aut
885 803 1014 846 malis
1037 803 1146 859 quid
1171 802 1242 846 cui
1266 803 1589 860 praeponderet
1614 804 1847 860 agnoscat3

379 874 475 931 iugi
495 873 653 916 deinde
672 876 797 917 curet
815 873 1112 916 sollicitudine
1131 887 1187 915 ne
1217 875 1390 929 partem
1419 887 1544 915 suam
1569 871 1707 915 faciat
1725 871 1846 914 dete-

379 945 542 986 riorem
573 943 650 986 sed
681 946 778 986 toto
811 946 973 986 conatu
1016 942 1179 985 mentis
1214 944 1260 985 et
1297 941 1492 999 corporis
1527 940 1848 999 praeeligendis
1866 957 1908 984 10

380 1012 607 1055 inseruiat.
668 1011 770 1069 Ipse
794 1026 967 1068 quoque
993 1011 1120 1055 labor
1145 1011 1367 1055 dulcescat
1392 1010 1478 1054 sibi
1501 1013 1547 1054 et
1566 1013 1708 1054 totam
1728 1024 1848 1053 ama·

380 1081 623 1125 ritudinem
643 1096 791 1124 rerum
811 1081 1111 1138 praesentium
1132 1082 1202 1138 (ut
1227 1081 1294 1124 ait
1318 1081 1475 1124 beatus
1496 1078 1752 1139 Gregorius)
1771 1094 1850 1138 spe

335 1154 365 1194 d
381 1154 598 1208 temperet
617 1150 883 1193 futurorum.
942 1150 1061 1193 Nam
1093 1153 1138 1194 et
1166 1151 1384 1208 propheta
1413 1150 1485 1194 die
1515 1153 1736 1207 noctuque
1766 1149 1850 1194 sub

381 1221 688 1278 expectatione
718 1219 803 1262 Dei
836 1219 905 1262 sui
941 1220 1116 1263 cibatur
1146 1219 1366 1272 lacrimis;
1409 1223 1455 1263 et
1493 1220 1555 1264 sie
1593 1219 1850 1277 lugentibus

380 1290 559 1333 Veritas
590 1290 698 1346 ipsa,
734 1304 846 1346 quae
881 1303 961 1332 nec
992 1289 1112 1332 fallit
1140 1303 1220 1333 nec
1250 1288 1436 1340 fallitur,
1475 1304 1628 1333 ueram
1661 1289 1850 1332 beatitu-
1870 1301 1910 1336 15

381 1359 531 1402 dinem
555 1359 818 1416 repromisit.
877 1358 971 1402 Nec
990 1361 1199 1402 uereatur
1220 1359 1318 1416 quis
1337 1359 1395 1402 ad
1421 1358 1622 1402 arborem
1642 1358 1852 1403 scientiae

382 1428 487 1472 boni
508 1431 554 1472 et
568 1428 674 1471 mali
686 1443 868 1471 manum
884 1428 1121 1472 extendere
1133 1428 1302 1485 primae
1314 1428 1626 1486 prohibitionis
1638 1427 1852 1486 exemplo,

383 1498 488 1555 quia
507 1497 682 1541 exulem
709 1500 756 1541 et
775 1512 1005 1541 erroneum
1033 1497 1090 1540 ad
1119 1498 1244 1540 illam
1270 1497 1486 1541 inuitauit
1514 1497 1590 1540 ille
1619 1497 1696 1555 qui
1723 1497 1852 1541 docet

381 1568 605 1612 hominem
644 1567 873 1611 scientiam
913 1571 959 1611 et
997 1567 1127 1611 iuxta
1164 1567 1499 1625 promissionem
1546 1566 1850 1624 propheticam

381 1638 537 1696 ignaro
568 1637 737 1680 indicat
768 1636 876 1694 quid
905 1637 965 1680 sit
994 1637 1169 1680 bonum.
1229 1636 1285 1680 In
1316 1636 1471 1680 arbore
1502 1650 1607 1693 ergo
1641 1635 1850 1679 scientiae
1867 1655 1910 1680 ιο

382 1707 509 1764 quasi
530 1707 709 1764 quidam
731 1706 916 1749 uirtutis
936 1721 1085 1750 ramus
1104 1706 1312 1757 nascitur,
1332 1721 1389 1749 ex
1408 1719 1496 1763 quo
1515 1708 1612 1749 tota
1630 1705 1728 1748 uita
1750 1719 1850 1763 pro-

382 1776 573 1820 ficientis
604 1776 796 1819 hominis
826 1779 1119 1820 consecratur.
1180 1775 1336 1832 Neque
1366 1775 1483 1818 enim
1515 1774 1573 1818 ad
1606 1774 1853 1832 genitorem

382 1846 517 1896 uitae,
546 1845 691 1888 Deum
725 1844 902 1895 scilieet,
933 1845 1047 1888 alter
1078 1845 1205 1895 redit,
1235 1845 1322 1887 nisi
1352 1845 1430 1901 qui
1466 1844 1650 1888 uirtutis
1678 1859 1852 1888 ramum

384 1915 580 1959 excisum
601 1914 655 1957 de
682 1914 804 1972 ligno
823 1914 1032 1958 scient-iae
1053 1914 1317 1971 praetendit.
1368 1913 1457 1957 Sed
1473 1914 1572 1971 quis
1587 1914 1675 1957 cito
1690 1913 1854 1957 auellet

385 1999 571 2036 ramum,
590 1999 691 2028 cum
711 1984 782 2027 uel
803 1984 945 2041 ipsam
965 1984 1180 2038 arborem,
1210 1984 1256 2027 id
1284 1987 1352 2027 est
1384 1983 1492 2041 quid
1521 1984 1616 2027 ficri
1637 1986 1854 2042 oporteat,
1872 2004 1912 2039 ²⁵

384 2054 593 2112 perpauci
613 2054 854 2098 nouerint?
913 2053 1144 2111 Numquid
1175 2069 1324 2097 ramus
1351 2053 1480 2097 facile
1500 2054 1757 2105 innotescet,
1776 2053 1854 2097 ubi

243 2132 326 2170 820
339 2140 369 2170 a
385 2138 492 2182 prae
512 2123 799 2167 multitudine
820 2122 1132 2181 desipientium
1153 2126 1198 2166 et
1218 2123 1332 2167 male
1353 2123 1580 2181 agentium
1607 2123 1705 2181 ipsa
1723 2122 1856 2167 arbor

386 2193 632 2237 occulitur?
692 2193 788 2236 Hoc
810 2193 954 2251 ipsum
976 2192 1090 2236 forte
1111 2193 1249 2237 sensit
1269 2196 1315 2236 et
1339 2194 1477 2246 Maro,
1506 2193 1594 2250 qui,
1614 2192 1718 2236 lieet
1739 2192 1854 2236 ueri-

387 2264 495 2307 tatis
525 2266 640 2307 esset
680 2263 862 2321 ignarus
897 2265 942 2306 et
972 2263 1020 2305 in
1052 2263 1247 2306 tenebris
1277 2262 1479 2320 gentium
1509 2262 1769 2314 ambularet,
1798 2261 1856 2306 ad

388 2334 556 2376 Eliseos
571 2347 747 2390 campos
763 2332 957 2376 felicium
978 2335 1024 2375 et
1043 2332 1133 2376 cari
1153 2332 1367 2389 genitoris
1387 2334 1668 2390 conspectum
1690 2331 1856 2375 Eneam
1875 2348 1918 2382 30

389 2456 435 2538 218ι
459 2454 626 2538 οριὸὶἰωι·
643 2453 682 2489 Μ
810 2463 856 2500 30
879 2452 1015 2499 eliayos
1030 2451 1084 2489 A:
1108 2451 1232 2489 elisios
1248 2451 1315 2489 SM
1407 2456 1489 2500 poet
1505 2462 1656 2499 campos
1673 2453 1757 2489 aad.
1774 2453 1814 2490 et
1830 2451 1859 2490 C

388 2514 408 2539 c
438 2513 492 2538 an

440 2617 482 2644 12
507 2612 547 2642 ut
564 2608 616 2642 αἰι
633 2607 754 2642 beatus
772 2606 982 2659 Greqom'us:
1008 2603 1047 2639 in
1068 2604 1159 2640 Mor.
1177 2603 1252 2658 viii.
1271 2604 1292 2640 8
1311 2602 1328 2651 §
1353 2613 1396 2649 14
1412 2605 1453 2639 in
1470 2603 1532 2639 Iob
1548 2604 1607 2639 vii.
1623 2613 1656 2649 2,
1671 2601 1858 2687 3.(Μίφο

389 2656 430 2691 P.
450 2656 492 2691 L.
511 2654 607 2691 lxxv.
629 2655 727 2699 810),
752 2654 796 2690 ut
821 2653 976 2689 videtur.
1034 2650 1281 2695 Sententiam,
1308 2663 1383 2688 non
1409 2650 1520 2687 verba
1545 2649 1716 2698 Gregorii
1741 2661 1780 2687 re
1800 2652 1860 2688 ert

390 2702 551 2739 Ioanne·
567 2704 704 2738 noster.
862 2709 904 2745 13
995 2700 1103 2745 pheta
1121 2701 1215 2735 ete:
1242 2710 1275 2734 v.
1295 2698 1352 2735 Pe.
1371 2697 1436 2735 xli.
1453 2709 1487 2743 4.
1646 2708 1659 2735 1
1668 2706 1686 2745 5
1718 2699 1861 2735 Veritas

388 2752 494 2796 ipsa:
531 2761 581 2786 sc.
610 2747 802 2790 Christum
836 2759 871 2784 v.
943 2748 1011 2784 att.
1041 2758 1074 2783 v.
1100 2755 1131 2794 5.
1294 2747 1346 2790 18,
1379 2755 1420 2792 19
1459 2746 1524 2800 qui
1553 2747 1650 2782 docet
1681 2746 1858 2783 hominem

388 2798 594 2833 ›eci-entiam:
622 2795 677 2832 Pa.
696 2794 796 2831 xciii.
821 2804 873 2831 10.
1027 2804 1074 2831 20
1097 2795 1234 2830 indicat
1252 2794 1347 2831 otc.:
1373 2805 1404 2830 v.
1424 2792 1538 2831 Mioh.
1557 2792 1604 2829 vi.
1624 2794 1656 2831 8.
1813 2794 1858 2831 28

390 2846 517 2881 Maro:
543 2856 575 2881 v.
594 2843 704 2891 Verg.
722 2845 813 2879 Aen.
833 2842 879 2879 vi.

499 2924 567 2960 4²0
