1988 3250
207 203 300 251 690
320 211 346 241 0

320 528 349 568 (1

223 1363 305 1411 691
323 1372 354 1401 a

331 2359 361 2398 b

692 199 955 244 IOANNIS
995 198 1511 244 SARESBERIENSIS
1632 196 1742 259 [mn.
1758 209 1831 240 vn

363 320 595 377 apparebo.
655 319 806 378 Igitur
836 320 970 364 Micol
1008 319 1126 363 filiae
1161 319 1270 363 Saul
1309 334 1399 363 non
1438 321 1506 363 est
1543 321 1678 362 natus
1711 317 1831 361 filius

363 404 503 446 usque
523 389 582 432 ad
605 389 722 432 diem
746 389 903 432 mortis
927 403 1043 432 suae.
1103 389 1253 432 Dauid
1272 404 1379 432 uero
1399 389 1514 432 sedit
1534 404 1614 432 rex
1634 389 1681 430 in
1701 388 1832 430 domo

365 473 447 501 sua
485 462 532 501 et
569 458 694 502 dedit
727 459 768 501 ei
802 458 1021 502 Dominus
1055 459 1251 515 requiem
1286 459 1482 515 undique
1517 459 1574 501 ab
1612 456 1833 500 uniuersis

368 527 556 571 inimicis
571 528 674 571 suis.
723 528 915 571 Videsne
931 543 1063 584 quam
1079 528 1317 586 diligenter
1330 528 1480 585 puniri
1500 527 1627 571 docet
1646 525 1834 569 historia

366 597 470 640 hinc
500 600 803 654 contemptum
833 597 1071 654 religionis,
1097 612 1197 640 cum
1227 597 1484 655 arrogantia
1512 596 1700 639 tumoris
1729 595 1832 637 inde
1851 605 1871 639 5

364 666 645 710 deuotionem
674 666 777 709 fidei
806 669 852 709 et
876 667 1146 709 humilitatis
1172 667 1342 709 cultum
1373 666 1656 709 remunerat?
1714 663 1834 707 Nam

365 739 412 779 et
450 736 599 779 Dauid
639 736 832 793 quietem
877 736 1003 792 regni
1043 736 1295 792 assequitur
1329 738 1375 778 et
1406 735 1539 777 Micol
1570 748 1735 791 prauae
1767 733 1833 775 in-

365 805 631 862 crepationis
658 805 817 848 merito
845 805 1009 848 sterilis
1036 805 1132 848 obit
1157 808 1205 847 et
1227 804 1400 847 nullum
1429 804 1571 847 incliti
1592 803 1766 861 generis
1790 805 1836 845 et

367 875 509 918 felicis
538 875 811 918 matrimonii
842 874 1056 931 relinquit
1085 874 1292 917 fructum.
1354 874 1488 916 Recte
1519 873 1710 930 quidem,
1737 886 1835 915 cum

367 948 413 988 et
428 945 560 988 Micol
580 951 590 967 ‘
603 945 746 987 omnis
766 959 883 1000 aqua
899 944 908 960 '
928 944 1000 987 uel
1021 950 1030 967 ‘
1049 958 1105 986 ex
1125 944 1330 986 omnibus
1343 944 1352 959 '
1373 943 1703 999 interpretetur.
1764 940 1835 984 Si·
1856 959 1898 983 10

367 1013 546 1070 quidem
574 1013 878 1056 multitudinis
904 1013 1136 1069 imperitae
1160 1012 1392 1056 consilium
1420 1014 1466 1055 et
1493 1026 1606 1068 quae
1625 1010 1837 1068 populare

368 1083 581 1126 iudicium
630 1083 843 1139 sequitur,
887 1081 1060 1126 fructus
1109 1082 1214 1125 boni
1262 1097 1342 1125 nec
1392 1081 1711 1125 iocunditatem
1758 1094 1838 1124 nec

367 1152 625 1195 memoriam
674 1152 820 1195 habet.
879 1152 1210 1204 Verumtamen,
1261 1166 1361 1195 cum
1411 1151 1520 1194 istos
1568 1149 1839 1194 consiliarios

369 1224 681 1279 magnatorum
711 1221 916 1272 audieris,
948 1236 1229 1278 nequaquam
1258 1220 1550 1278 suspicaberis
1580 1219 1712 1262 Micol
1743 1219 1838 1262 sine

370 1291 517 1334 sobole
541 1291 786 1334 decessisse.
847 1291 1012 1334 Omnes
1032 1292 1149 1334 enim
1176 1291 1292 1334 filios
1322 1290 1454 1333 Micol
1484 1304 1577 1333 esse
1606 1288 1838 1332 miraberis
1858 1304 1899 1339 15

371 1363 428 1411 et,
458 1361 496 1403 si
520 1375 610 1403 non
637 1375 825 1411 carnem,
855 1360 1062 1417 spiritum
1093 1376 1148 1404 ex
1177 1360 1360 1404 traduce
1387 1360 1507 1402 illius
1530 1359 1710 1416 putabis
1739 1373 1839 1416 pro-

370 1429 559 1473 cessisse.
620 1429 680 1471 Et
718 1429 836 1486 quod
875 1429 997 1472 istud
1037 1429 1213 1473 facilius
1251 1429 1336 1472 tibi
1375 1429 1652 1486 persuadeas,
1683 1428 1732 1471 hi
1763 1427 1841 1485 qui

370 1499 571 1542 diuinam
599 1513 814 1542 euacuare
834 1499 1044 1542 nituntur
1063 1503 1116 1542 ut
1136 1514 1261 1542 suam
1289 1501 1493 1542 statuant
1517 1498 1842 1548 auctoritatem,

371 1568 466 1611 51110
506 1567 657 1611 liberis
696 1568 950 1611 moriuntur
989 1572 1068 1611 aut
1108 1583 1181 1612 eos
1221 1567 1480 1625 relinquunt
1519 1567 1756 1625 degeneres
1796 1569 1842 1610 ct

372 1639 570 1696 ignauos.
651 1637 944 1681 Proculdubio
993 1638 1193 1695 quisquis
1242 1637 1579 1682 ecclesiasticam
1630 1635 1841 1694 deprimit
1861 1649 1903 1674 ²0

372 1708 624 1751 libertatem
646 1710 726 1749 aut
744 1707 931 1763 punitur
951 1706 998 1749 in
1019 1721 1064 1750 55
1089 1711 1170 1750 aut
1190 1707 1376 1764 punitur
1403 1707 1450 1749 in
1478 1706 1636 1749 sobole.
1696 1706 1841 1749 Amit-

373 1781 479 1821 tunt
510 1791 615 1834 ergo
647 1776 726 1819 filii
758 1776 893 1819 etiam
923 1777 1103 1833 propria
1133 1791 1232 1820 cum
1263 1776 1333 1820 his
1363 1791 1476 1833 quae
1506 1776 1660 1819 fauore
1690 1790 1843 1819 eorum

372 1850 560 1905 paterna
590 1845 796 1903 impietas
824 1846 1068 1903 occupauit.

478 1983 586 2041 Cap.
609 1996 675 2026 21.
706 1982 769 2026 De
797 1981 1013 2039 ypocritis
1041 1981 1126 2038 qui
1155 1981 1422 2026 ambitionis
1451 1981 1595 2025 labem
1613 1981 1744 2038 falsa

613 2051 851 2108 reliyio‘nis
879 2051 1086 2108 imayine
1115 2051 1343 2094 ‘nituntur
1372 2052 1601 2095 occultare.
1868 2072 1906 2107 ²5

435 2150 558 2194 Licet
597 2152 744 2192 autem
786 2149 937 2206 populi
978 2149 1207 2192 temeritas
1242 2152 1322 2192 aut
1361 2149 1542 2192 licentia
1571 2151 1846 2206 potestatum

377 2219 623 2278 praeceptis
655 2219 887 2277 legittimis
917 2222 963 2262 et
992 2219 1146 2262 diuina
1177 2219 1458 2263 institutione
1488 2219 1669 2277 reprimi
1697 2219 1848 2277 possit,

379 2288 563 2333 ambitio
590 2291 739 2331 tamen
767 2288 935 2331 domari
964 2303 1053 2331 11011
1083 2291 1240 2345 potest.
1302 2287 1352 2331 Si
1383 2289 1500 2331 enim
1532 2291 1580 2332 in
1611 2289 1850 2333 manifesto

379 2373 468 2402 non
498 2357 645 2409 audet,
665 2357 863 2401 clanculo
893 2358 1032 2415 serpit
1061 2362 1107 2400 et
1138 2357 1446 2401 fraudulenter
1475 2358 1735 2416 ingreditur.
1797 2358 1848 2403 Si

379 2427 497 2471 fores
517 2426 721 2470 ecclesiae
746 2427 1002 2470 muneribus
1030 2441 1118 2470 non
1144 2427 1326 2484 aperiat,
1347 2427 1383 2470 si
1404 2442 1484 2471 nec
1504 2442 1584 2471 sua
1604 2442 1683 2472 nec
1703 2427 1848 2472 aliena
1865 2444 1910 2478 30

379 2557 405 2632 ἓ
428 2545 586 2604 reliquit
602 2546 630 2582 C
766 2555 819 2600 '1'2
845 2545 1088 2604 iocundatem
1108 2545 1162 2582 CS
1306 2557 1350 2592 24
1376 2546 1586 2594 ypochritis
1600 2547 1651 2585 B:
1679 2546 1850 2594 ipocritis

424 2607 463 2630 m
482 2596 619 2630 induce:
646 2595 827 2639 ypotntis
845 2593 869 2629 S
887 2606 927 2629 m
945 2595 1043 2630 rubr.
1060 2606 1137 2639 cap.
1152 2595 1271 2640 praef.
1416 2604 1459 2642 25
1485 2606 1665 2642 ymagine
1683 2595 1722 2631 M

430 2710 451 2736 2
477 2701 604 2736 Dauid
627 2702 719 2737 etc.:
746 2712 777 2736 v.
805 2710 824 2736 2
850 2699 940 2746 ch.
960 2699 1021 2736 vii.
1044 2710 1073 2737 1.
1220 2709 1265 2737 10
1288 2702 1399 2737 Micol
1423 2701 1580 2738 ‘omnis'
1645 2714 1694 2738 ua
1710 2703 1768 2738 uel
1786 2705 1853 2738 ‘ex

383 2749 571 2785 omnibus·
594 2749 870 2795 interpretetur:
899 2760 929 2783 v.
959 2747 1111 2784 Hieron.
1138 2748 1215 2783 Lib.
1243 2750 1286 2782 de
1310 2750 1414 2785 Nom.
1442 2750 1548 2786 Hebr.
1577 2750 1588 2794 (
1634 2761 1646 2785 1
1675 2760 1722 2786 ne
1749 2751 1789 2785 P.
1808 2750 1851 2785 L.

384 2794 489 2832 xxiii.
507 2796 603 2840 814).
756 2796 796 2831 16
821 2807 866 2831 οι·
881 2797 1049 2832 traduce:
1074 2794 1131 2830 Ad
1150 2795 1411 2840 quaestionem
1429 2796 1475 2833 de
1491 2796 1643 2834 animae
1691 2807 1851 2835 umanae

383 2842 532 2890 origine
549 2842 649 2890 apud
667 2842 866 2890 theologo·
882 2842 1117 2880 notissimam
1137 2842 1301 2889 respicit.

502 2923 565 2959 ¹90
