1988 3250
274 205 347 246 801
364 205 395 247 b
729 203 990 249 IOANNIS
1030 202 1541 250 SARESBERIENSIS
1651 202 1764 265 [Lm.
1777 213 1869 248 vm

411 323 655 368 Christiani
674 325 988 377 coherceretur,
1005 339 1062 369 ne
1082 325 1122 369 ei
1142 324 1321 369 dilatari
1337 325 1489 370 liceret
1507 324 1659 369 circuli
1679 323 1870 368 termino

410 408 504 437 esse
522 397 790 452 conseptum.
851 394 965 440 Cum
984 398 1135 439 autem
1157 395 1301 439 adhuc
1326 395 1452 457 pueri
1480 394 1634 438 Gallus
1660 397 1706 438 et
1731 393 1868 437 Iulia-

409 477 495 507 nus
520 463 577 506 ad
602 465 876 522 sepulturam
902 464 1120 508 Mammas
1149 464 1345 508 martiris
1363 471 1494 522 opere
1513 464 1630 507 inter
1653 478 1698 508 se
1725 463 1869 507 diuiso

409 533 612 577 certatim
627 534 853 578 basilicam
869 533 1150 585 fabricarent,
1165 549 1235 578 res
1247 534 1370 578 dictu
1383 533 1599 576 mirabilis
1614 535 1660 576 et
1678 532 1868 576 forsitan

367 614 393 644 c
410 602 678 646 incredibilis
705 603 912 647 accidisse
950 607 1170 648 narratur.
1229 603 1347 646 Galli
1379 617 1569 659 namque
1599 617 1703 660 pars
1734 615 1867 659 auge·
1885 614 1907 651 5

408 670 542 714 batur
560 671 816 729 utiliterque
836 672 1078 725 crescebat3
1107 672 1270 716 Iuliani
1290 683 1396 715 uero
1407 670 1578 714 labores
1598 670 1675 714 alii
1690 670 1868 727 quidem

407 738 702 792 fodiebantur,
715 741 792 784 alii
812 745 932 785 terra
950 741 1047 798 ipsa
1066 743 1296 784 euomente
1311 738 1543 782 ruderibus
1557 739 1869 796 implebantur,

406 808 670 865 aliquotiens
696 813 841 853 terrae
868 809 1068 867 deposita
1094 808 1386 852 fundamenta
1411 808 1608 865 copulari
1627 823 1717 852 non
1742 811 1868 865 pote-

407 882 521 930 rant,
552 893 603 922 ac
636 879 674 922 si
706 879 922 936 quaedam
953 878 1150 922 uiolenta
1179 878 1325 921 uirtus
1358 877 1415 920 ab
1448 877 1657 920 inferiore
1690 877 1785 921 loco
1815 891 1869 920 ea

406 947 738 1004 repercutiendo
764 948 1012 1005 depelleret.
1070 947 1157 990 Res
1179 946 1433 1005 prodigiosa
1459 946 1559 990 uisa
1577 949 1645 990 est
1663 946 1868 991 omnibus
1886 958 1929 987 ¹0

406 1017 764 1060 existimantibus
777 1017 883 1074 quia
901 1032 990 1060 non
1005 1020 1119 1061 esset
1137 1016 1209 1060 uir
1227 1016 1301 1060 ille
1321 1017 1369 1059 in
1381 1015 1637 1061 Christiana
1655 1016 1868 1074 religione

406 1086 605 1130 salubris.
679 1087 773 1130 Nec
807 1086 943 1139 fals03
984 1086 1102 1144 quod
1133 1086 1281 1144 patuit
1315 1101 1372 1130 ex
1406 1089 1507 1144 post
1545 1085 1675 1130 facto.
1747 1085 1868 1130 Nam

406 1155 608 1200 ecclesias
633 1159 679 1199 et
703 1156 929 1200 ministros
955 1156 1300 1214 possessionibus
1321 1159 1367 1200 et
1393 1155 1639 1214 priuilegiis
1659 1155 1869 1213 spoliauit

407 1228 464 1275 et,
483 1225 600 1282 quod
620 1225 752 1268 nimis
778 1240 914 1284 graue
941 1229 987 1269 et
1009 1225 1139 1283 plane
1158 1225 1421 1268 iniuriosum
1442 1227 1520 1277 est,
1540 1224 1719 1269 clericos
1737 1225 1868 1268 iussit

406 1294 623 1338 militibus
642 1296 874 1353 aggregari
895 1295 995 1339 duci
1021 1295 1274 1353 prouinciae
1294 1295 1548 1346 seruituros,
1567 1294 1867 1352 plurimosque
1886 1308 1928 1344 15

406 1378 556 1408 eorum
587 1365 734 1408 curiae
766 1365 963 1408 tradidit.
1035 1365 1252 1422 Populum
1286 1379 1392 1408 uero
1426 1363 1732 1408 Christianum
1765 1378 1867 1408 cum

406 1433 619 1477 uxoribus
650 1437 696 1477 et
725 1434 829 1477 filiis
863 1434 1042 1478 inscribi
1074 1435 1298 1492 praecepit
1331 1436 1377 1478 et
1405 1437 1633 1491 tamquam
1662 1433 1868 1478 uicaneos

360 1506 389 1546 d
405 1502 576 1546 tributa
594 1503 864 1560 persoluere3
894 1508 939 1547 et
959 1503 1151 1548 Galileos
1177 1519 1327 1548 omnes
1354 1504 1526 1548 censuit
1548 1502 1716 1546 infelici
1736 1502 1866 1546 dimi-

405 1571 579 1615 nutioni
622 1572 780 1629 capitis
819 1573 1053 1617 subiacere.
1132 1573 1187 1616 In
1226 1573 1356 1617 initio
1395 1576 1558 1625 autem,
1599 1572 1866 1617 Christianis

404 1654 600 1698 parcens,
620 1642 771 1685 mitior
791 1642 913 1686 uisus
938 1645 1014 1698 est,
1041 1643 1181 1687 sciens
1210 1643 1378 1700 priores
1402 1644 1701 1699 persecutores
1726 1641 1864 1686 nichil
1884 1653 1927 1680 πο

404 1711 636 1768 profecisse
659 1711 707 1754 in
730 1726 846 1769 pena
866 1712 1230 1763 Christianorum,
1251 1712 1327 1769 qui
1347 1712 1489 1769 magis
1509 1711 1611 1755 inde
1630 1712 1866 1755 creuerunt

405 1783 452 1823 et
471 1779 579 1824 facti
598 1784 704 1824 sunt
724 1781 901 1839 gloriosi
922 1796 1002 1839 pro
1016 1797 1123 1826 uero
1142 1782 1348 1839 dogmate
1367 1782 1613 1825 morientes.
1653 1780 1866 1824 Inuidens

406 1864 510 1907 ergo
544 1864 695 1893 eorum
730 1851 907 1908 gloriae,
942 1852 1160 1895 abstinuit
1194 1867 1222 1894 a
1255 1851 1499 1902 tormentis,
1533 1850 1733 1894 iudicans
1771 1865 1866 1894 esse

405 1919 697 1962 necessarium
717 1923 771 1963 ut
790 1934 987 1963 sermone
1007 1921 1156 1978 potius
1175 1924 1220 1964 et
1239 1920 1538 1964 admonitione
1558 1920 1614 1963 ad
1634 1920 1865 1978 paganita-

406 1991 495 2031 tem
528 1988 754 2031 colendam
789 1990 999 2047 populum
1039 1990 1255 2041 suaderet,
1289 2004 1470 2047 sperans
1502 1990 1636 2033 etiam
1676 1989 1779 2034 hinc
1818 2004 1865 2034 se
1884 2008 1928 2045 η

405 2061 651 2101 monstrare
670 2058 940 2104 clementem.
998 2059 1175 2103 Dicitur
1196 2059 1313 2103 enim
1344 2059 1459 2116 quia,
1479 2059 1585 2102 dum
1611 2058 1864 2103 Constanti·

405 2127 554 2184 nopoli
584 2127 702 2184 apud
734 2127 974 2171 Fortunam
1004 2128 1270 2171 sacrificaret
1298 2128 1433 2180 urbis,
1461 2128 1642 2172 accessit
1672 2128 1730 2172 ad
1763 2142 1866 2172 eum

407 2195 543 2239 Maris
592 2196 820 2254 episcopus
860 2197 1129 2241 Calcedonae
1169 2200 1214 2241 et
1255 2198 1428 2255 publice
1466 2198 1652 2256 impium
1690 2201 1736 2242 et
1769 2199 1866 2242 sine

406 2264 502 2309 Deo
540 2268 789 2322 apostatam
828 2267 1054 2311 uocitauit.
1113 2268 1175 2311 At
1209 2267 1283 2311 ille
1318 2267 1455 2311 solam
1487 2267 1527 2310 ei
1562 2267 1864 2326 improperans

405 2334 645 2385 cecitatem,
679 2349 730 2378 eo
764 2335 880 2392 quod
912 2350 1046 2379 senex
1085 2351 1209 2380 cecus
1240 2351 1374 2379 manu
1413 2335 1596 2380 alterius
1637 2337 1864 2394 agebatur,
1881 2350 1924 2385 30

255 2403 339 2443 802
358 2413 388 2443 a
406 2403 591 2447 adiecit:
626 2403 781 2461 Neque
809 2404 1003 2448 Galileus
1030 2405 1150 2448 Deus
1177 2408 1282 2449 tuus
1305 2420 1459 2449 curare
1479 2408 1524 2449 te
1550 2408 1706 2463 potest.
1779 2405 1864 2449 Re-

404 2472 584 2530 spondit
604 2472 763 2517 Maris:
793 2472 971 2518 Gratias
990 2489 1074 2532 ago
1093 2474 1199 2525 Deo,
1215 2475 1293 2532 qui
1313 2475 1394 2519 hoc
1415 2474 1508 2532 egit
1526 2489 1582 2518 ne
1602 2477 1647 2518 te
1667 2474 1865 2519 uiderem

407 2602 424 2632 1
452 2596 687 2631 coerceretur
702 2593 762 2630 CB
918 2604 938 2641 3
965 2593 1235 2648 matrissoreqn
1253 2593 1319 2631 A‘:
1345 2593 1522 2642 martyris
1539 2594 1586 2631 A·
1613 2641 1621 2650 .
1646 2641 1654 2650 ·
1738 2600 1864 2679 7Mpont

404 2644 607 2678 euomente
625 2642 709 2677 add.
726 2643 766 2678 et
782 2640 814 2677 A
959 2650 998 2688 15
1025 2653 1201 2689 agregan
1219 2641 1244 2677 S
1386 2652 1432 2688 ²⁴
1456 2643 1728 2680 ammonitione

451 2760 473 2787 2
502 2750 592 2787 Cum
608 2756 727 2787 autem
742 2752 839 2789 etc:
863 2762 894 2787 v.
914 2749 1075 2790 Cassiod.
1098 2753 1193 2788 Ηίει.
1215 2752 1315 2799 Τνίρ.
1335 2750 1381 2788 vi.
1399 2761 1432 2797 3.
1624 2761 1679 2797 η,
1699 2760 1741 2800 ¹³
1766 2753 1861 2790 Nam

403 2799 564 2835 coeletia:
579 2801 672 2835 etex
698 2810 730 2835 v.
748 2798 836 2836 ibid.
855 2796 902 2835 vi.
919 2808 954 2844 4.
1075 2808 1117 2847 19
1141 2801 1187 2836 In
1205 2800 1310 2837 initio
1328 2800 1399 2837 etc.
1415 2811 1423 2836 :
1448 2810 1482 2836 v.
1498 2797 1590 2837 ibid.
1605 2797 1652 2837 vi.
1673 2808 1706 2847 5.
1815 2800 1863 2839 26

403 2847 551 2884 Dicitur
565 2847 658 2883 eta:
684 2857 716 2884 v.
732 2844 825 2885 ibid.
839 2845 889 2884 vi.
907 2847 943 2884 6.

511 2915 580 2962 3⁸6
