1988 3250
257 233 334 282 671
352 231 383 271 b

729 230 933 284 IOANN
933 230 993 275 IS
1032 230 1550 275 SARESBERIENSIS
1669 229 1782 292 [ms.
1797 242 1870 275 vn

400 349 461 394 Et
494 351 673 408 quidem
707 351 765 395 ad
795 366 1018 396 summum
1050 351 1243 395 tendunt
1276 366 1428 395 omnes
1458 351 1536 396 sed
1569 352 1646 395 uia
1680 351 1871 409 dispari;

399 434 530 464 nemo
568 424 732 472 tamen,
770 424 823 465 ut
861 422 1030 479 opinor,
1067 421 1173 464 illuc
1212 421 1307 464 sine
1346 421 1495 464 labore
1534 421 1752 479 pertingit
1790 424 1871 464 aut

399 490 558 535 tendit.
617 490 732 535 Cum
762 491 879 534 enim
904 491 996 534 sint
1025 494 1116 534 tres
1142 491 1552 548 philosophantium
1580 494 1736 542 sectae,
1756 505 1870 547 quae

399 562 446 602 et
479 559 601 616 ipsae
631 560 897 604 scinduntur
930 560 977 603 in
1012 560 1192 603 semitas
1226 560 1402 611 multas,
1431 575 1583 603 omnes
1622 560 1705 603 etsi
1741 559 1870 603 dissi-

396 629 565 672 militer
584 629 788 673 laborant
808 632 959 673 tamen
979 630 1026 672 in
1053 630 1325 686 assequendo
1345 630 1478 672 finem
1499 644 1630 686 quem
1650 632 1870 673 statuunt.
1889 643 1910 678 5

397 697 628 756 Siquidem
669 699 887 756 Epicurus
925 702 971 742 et
1008 701 1132 742 totus
1170 714 1282 756 grex
1319 699 1537 742 sodalium
1586 699 1681 742 eius
1726 699 1870 742 uitam

397 768 575 812 beatam
608 770 767 812 asserit
798 784 910 826 quae
945 783 1118 826 semper
1152 771 1280 811 tanta
1311 768 1584 811 iocunditate
1616 769 1785 812 letatur
1818 771 1871 812 ut

356 849 382 878 c
398 838 610 882 tristitiae
659 842 705 882 et
752 838 1101 895 perturbationis
1149 853 1239 880 non
1287 837 1560 880 interueniat
1604 837 1677 880 uel
1721 838 1871 881 tenuis

396 910 558 952 motus.
618 908 735 951 Vera
754 908 933 964 quidem
954 907 1161 950 diffinitio
1181 910 1249 950 est
1269 910 1314 949 et
1334 921 1422 963 qua
1441 906 1579 949 nichil
1603 909 1750 963 potest
1777 921 1870 950 esse

396 977 646 1022 rotundius.
709 977 782 1020 Ab
817 992 869 1020 ea
901 980 1051 1020 tamen
1083 976 1219 1032 plebs,
1254 990 1368 1032 quae
1403 990 1504 1018 eum
1543 976 1759 1032 sequitur,
1793 976 1868 1020 de·
1889 990 1931 1015 10

396 1046 532 1092 fluxit
565 1046 614 1088 in
647 1046 914 1103 uoluptates,
944 1048 1156 1102 reputans
1185 1059 1231 1088 se
1267 1060 1419 1088 earum
1453 1059 1539 1088 usu
1567 1045 1870 1088 beatissimam

396 1129 490 1158 esse
511 1115 725 1160 futuram.
783 1115 919 1158 Michi
940 1118 1090 1158 tamen
1111 1114 1367 1171 persuaderi
1391 1114 1548 1171 nequit
1574 1114 1657 1158 hoc
1676 1114 1870 1171 aliquem

394 1185 595 1228 hausisse
634 1185 689 1228 de
728 1184 853 1228 fonte
894 1184 1131 1236 Socratico,
1167 1183 1244 1240 qui
1284 1186 1458 1226 tantam
1501 1199 1676 1227 morum
1719 1184 1871 1228 docuit

395 1254 639 1311 puritatem
670 1257 723 1298 ut
752 1269 780 1297 a
808 1254 997 1311 posteris
1026 1253 1220 1296 creditus
1250 1253 1310 1296 sit
1338 1268 1429 1296 non
1460 1253 1707 1296 humanum
1737 1253 1869 1297 modo

395 1323 473 1367 sed
499 1323 703 1366 diuinum
732 1323 939 1380 spiritum
970 1323 1187 1365 habuisse.
1247 1322 1347 1372 Sed,
1368 1322 1474 1379 quia
1503 1322 1634 1366 facile
1663 1325 1732 1366 est
1760 1338 1868 1367 aure
1887 1341 1928 1378 1⁵

393 1393 468 1436 uel
488 1407 563 1436 ore
582 1393 872 1450 insipientum
892 1392 1012 1435 dicta
1031 1392 1200 1449 optima
1219 1392 1466 1449 deprauari,
1482 1392 1539 1435 ad
1559 1393 1868 1450 compendium

393 1463 704 1506 immunditiae
734 1465 878 1506 tracta
907 1466 1012 1505 sunt
1045 1476 1158 1518 quae
1188 1461 1373 1504 uirtutis
1402 1476 1495 1504 esse
1525 1462 1771 1505 debuerant
1800 1462 1867 1505 in-

393 1535 704 1575 strumentum.
765 1531 880 1576 Caro
910 1531 1127 1588 siquidem
1154 1531 1337 1588 opinata
1363 1534 1431 1574 est
1455 1532 1575 1587 (nam
1602 1532 1684 1575 hoc
1711 1531 1868 1589 utique

393 1602 602 1645 cordatus
641 1602 773 1644 homo
812 1616 901 1644 non
940 1601 1095 1654 sentit)
1134 1600 1252 1657 quod
1287 1615 1436 1643 amore
1470 1601 1663 1658 iocisque
1698 1601 1759 1643 ni]
1798 1606 1867 1645 est

394 1671 638 1724 iocundius,
653 1671 717 1714 nil
737 1671 919 1714 suauius
937 1670 1176 1727 parasitica
1195 1670 1292 1713 uita
1312 1673 1392 1713 aut
1412 1685 1563 1713 eorum
1585 1671 1661 1727 qui
1682 1671 1864 1728 epulan-
1885 1691 1929 1716 20

349 1747 380 1788 d
396 1744 472 1785 tur
501 1741 661 1785 cotidie
691 1740 930 1798 splendide,
951 1740 1027 1796 qui
1055 1740 1161 1783 uino
1189 1742 1379 1790 esmant,
1405 1739 1648 1796 splendidis
1674 1743 1868 1784 utuntur

395 1810 619 1861 uestibus;
653 1809 843 1866 denique
867 1808 1028 1859 omnia,
1048 1823 1160 1865 quae
1181 1823 1305 1851 mens
1326 1808 1481 1865 lingua
1501 1824 1659 1852 manus
1679 1809 1866 1867 appetit,

392 1879 588 1937 cogitare
628 1878 748 1935 loqui
789 1880 835 1921 et
875 1877 1030 1927 facere,
1066 1880 1111 1920 et
1151 1877 1198 1919 in
1238 1877 1361 1920 nullo
1400 1878 1621 1921 contraire
1660 1878 1745 1922 sibi
1785 1882 1866 1923 aut

392 1953 563 1991 motum
592 1948 830 2005 reprimere
861 1947 1065 2003 propriae
1095 1946 1353 1997 uoluntatis,
1375 1947 1516 1990 uitam
1548 1962 1640 1990 esse
1671 1948 1864 1992 hominis

391 2032 500 2062 uera
534 2021 580 2060 et
619 2031 792 2060 summa
832 2016 1046 2059 felicitate
1081 2016 1327 2073 gaudentis.
1393 2016 1481 2059 Sed
1521 2017 1737 2074 numquid
1776 2018 1863 2062 huc
1883 2036 1925 2072 ²⁵

391 2087 487 2130 sine
517 2086 666 2130 labore
690 2086 899 2128 uenitur?
960 2085 1080 2138 Quot
1109 2085 1265 2135 obices
1285 2100 1340 2128 ne
1367 2085 1430 2129 sic
1453 2085 1648 2139 uiuatur‚
1668 2087 1864 2131 uarietas

391 2156 614 2199 humanae
645 2155 778 2199 sortis
813 2154 1066 2198 interiacit'l
1131 2154 1192 2197 Vt
1229 2154 1359 2197 rebus
1395 2169 1586 2212 namque
1625 2156 1767 2199 utaris
1805 2156 1864 2200 ad

392 2225 583 2275 libitum,
622 2224 851 2282 opulentia
897 2224 1142 2267 necessaria
1188 2227 1281 2274 est;
1326 2223 1396 2266 his
1435 2223 1552 2266 enim
1594 2239 1760 2282 egenus
1798 2225 1865 2269 ita

393 2309 481 2337 non
512 2294 658 2337 utitur
687 2293 792 2350 quia
821 2293 993 2342 desunt,
1013 2297 1093 2338 aut
1128 2293 1271 2349 parcit
1303 2308 1431 2349 saepe
1464 2308 1519 2335 ne
1554 2293 1714 2337 desint.
1775 2294 1864 2339 Sed

391 2367 617 2422 ponantur
665 2362 841 2414 adesse;
901 2362 1019 2405 inter
1067 2362 1231 2405 multos
1282 2362 1591 2419 competitores
1641 2366 1686 2407 et
1735 2367 1864 2408 tanta
1883 2384 1926 2418 30

389 2436 618 2478 currentes
647 2432 863 2474 auiditate
893 2446 967 2475 eas
999 2431 1157 2475 fortior
1183 2432 1442 2488 asportabit.
1506 2432 1687 2476 Viribus
1711 2433 1864 2491 itaque

389 2507 799 2611 iiphyl-onopbantium
821 2523 856 2559 M
1023 2533 1043 2569 7
1070 2525 1178 2578 tanta
1196 2535 1344 2578 semper
1362 2524 1401 2559 M
1564 2534 1618 2569 10,
1643 2535 1680 2562 11
1709 2525 1864 2564 deflexit

594 2583 635 2617 14
661 2571 828 2609 creditur
848 2571 883 2607 M
1035 2573 1078 2608 16
1103 2572 1369 2618 nnsipxentnum
1387 2570 1475 2608 A¹M
1619 2575 1665 2611 26
1690 2573 1797 2619 Quod
1821 2573 1862 2611 M

390 2623 447 2664 28.
468 2630 513 2667 ²9
538 2632 614 2657 non
634 2619 755 2656 utitur
772 2620 826 2655 ita
843 2617 933 2655 c¹A¹
1077 2629 1117 2664 3¹
1149 2630 1210 2656 eos
1228 2619 1310 2656 c·M

435 2698 459 2732 6
487 2697 668 2742 Epicurus
696 2697 791 2731 etc.:
823 2694 927 2730 Hanc
957 2694 1184 2731 sententiam
1218 2694 1382 2741 Epicuri,
1410 2694 1512 2731 haud
1543 2698 1673 2733 tamen
1698 2696 1861 2735 totidem

386 2742 520 2785 verbis,
535 2754 645 2789 saepo
657 2742 827 2779 referunt
841 2741 915 2779 Cic.
933 2743 971 2778 ct
989 2741 1073 2779 Son.
1167 2754 1280 2788 μήτε
1308 2743 1356 2779 of.
1374 2743 1462 2779 Hor.
1479 2744 1547 2789 E'p.
1563 2742 1587 2780 i.
1602 2754 1634 2789 4.
1652 2745 1694 2780 16
1707 2745 1744 2780 Ε
1770 2746 1865 2781 {curi

386 2793 430 2828 de
445 2802 546 2837 orem
562 2802 722 2837 porcum.
879 2800 921 2836 19
947 2802 1066 2825 amore
1084 2791 1237 2835 iocieque
1255 2792 1325 2826 etc.
1342 2801 1350 2826 :
1379 2802 1409 2826 v.
1432 2789 1522 2828 Hor.
1540 2792 1612 2838 Ep.
1630 2790 1655 2827 i.
1673 2791 1708 2828 6.
1749 2800 1781 2839 5,
1798 2793 1858 2830 66.

387 2849 443 2880 ιο.
464 2847 504 2874 21
533 2838 731 2921 epulolneur
747 2839 875 2874 cotidie
885 2838 1072 2885 epiondido
1090 2841 1186 2875 etc.:
1214 2849 1246 2875 v.
1263 2836 1351 2875 Luo.
1364 2837 1435 2874 xvi.
1456 2848 1509 2885 ¹9·
1702 2849 1744 2877 21
1771 2841 1860 2878 uino

387 2891 551 2924 acuant:
581 2897 612 2922 v.
651 2898 680 2923 ι.
698 2897 729 2922 v.
751 2894 807 2923 ιι.

503 2949 566 2983 ¹5⁴
