1988 3250
173 199 272 233 οΑΡ.
289 186 359 248 VI]
686 183 1124 230 POLICRATICVS
1653 193 1732 236 727
1750 183 1781 224 d

174 307 244 358 Et,
263 321 364 350 cum
383 306 431 349 in
451 304 731 349 amenissimo
751 318 860 361 agro
879 304 926 346 in
948 318 1144 347 morsum
1165 303 1532 360 uoluptuosorum
1553 303 1636 347 ho-

171 377 341 420 minum
362 390 408 420 se
427 389 623 419 crassum
642 374 940 432 pinguemque
959 372 1241 425 describeret,
1251 373 1359 415 lusit
1377 373 1447 415 his
1463 373 1635 416 uerbis:

286 451 358 494 Me
387 450 464 517 pin
528 465 597 493 em
627 451 673 492 et
701 448 895 491 nitidum
925 447 1036 490 bene
1065 450 1221 491 curata
1249 449 1350 490 cute
1379 447 1510 499 uises,
1651 450 1731 500 728
1751 461 1782 490 a

286 523 386 552 cum
416 508 454 551 ri
487 522 558 551 ere
587 507 709 550 uoles
740 505 918 563 Epicuri
948 505 1003 548 de
1031 519 1166 562 grege
1194 519 1390 562 porcum.

131 597 150 632 5
173 583 261 628 Sed
281 586 327 627 et
346 598 402 626 ex
421 582 648 626 uilissimis
667 581 776 624 cibis
796 579 982 623 uitanda
1001 580 1185 623 satietas
1205 582 1283 622 est.
1345 579 1496 621 Nichil
1517 579 1635 621 enim

171 653 237 696 ita
264 652 414 695 obruit
443 651 640 694 animum
670 652 723 693 ut
751 649 909 707 plenus
939 650 1096 691 uenter
1125 651 1171 691 et
1203 651 1440 691 exestuans
1473 651 1519 691 et
1549 649 1636 692 huc

171 721 361 778 illucque
386 735 432 764 se
458 722 638 763 uertens
663 721 709 762 et
739 718 787 761 in
817 720 969 761 ructus
997 717 1069 760 uel
1099 717 1146 759 in
1177 716 1372 774 crepitus
1398 719 1636 758 uentorum

171 790 390 834 efflatione
420 789 655 847 respirans.
712 787 853 842 Quale
884 787 995 829 illud
1026 786 1241 829 ieiunium
1271 789 1352 828 aut
1383 785 1528 842 qualis
1560 785 1639 828 illa

171 859 354 903 refectio
373 861 473 916 post
492 858 719 910 ieiunium,
739 871 839 901 cum
866 856 1082 914 pridianis
1108 855 1251 913 epulis
1275 854 1573 898 distendimur
1593 857 1639 896 et

114 946 155 972 ιο
172 931 332 988 guttur
343 931 544 972 nostrum
557 927 865 972 mediatorium
882 925 1070 970 efficitur
1084 924 1379 968 latrinarum?
1429 923 1637 980 Dumque

173 998 378 1042 uolumus
397 997 648 1055 prolixioris
673 996 843 1040 inediae
871 995 1035 1038 famem
1065 1008 1288 1052 quaerere,
1308 996 1487 1036 tantum
1508 1007 1637 1036 uora-

172 1082 272 1111 mus
301 1070 518 1124 quantum
547 1067 627 1109 uix
655 1066 840 1109 alterius
868 1065 957 1108 diei
983 1079 1074 1108 nox
1105 1064 1290 1121 digerat.
1356 1063 1518 1119 Itaque
1548 1076 1638 1105 non

171 1141 266 1181 tam
289 1137 502 1180 ieiunium
528 1135 839 1194 appellandum
870 1137 938 1178 est
967 1149 1100 1191 quam
1127 1133 1310 1190 crapula
1338 1147 1390 1176 ac
1421 1132 1566 1175 fetens
1593 1135 1639 1175 et

172 1207 358 1250 molesta
371 1206 570 1264 digestio.
629 1205 752 1248 Haec
767 1205 945 1262 quidem
959 1203 1217 1246 Ieronimus.
1279 1202 1350 1253 Et,
1363 1201 1466 1244 licet
1482 1200 1637 1243 ieiunii
1655 1197 1685 1236 b

114 1291 155 1326 ¹5
173 1275 311 1320 faciat
329 1275 608 1328 mentionem,
628 1275 763 1318 etiam
790 1273 1002 1332 religione
1027 1272 1218 1316 deducta
1244 1270 1521 1328 frugalitatis
1546 1284 1638 1313 ma-

173 1345 316 1388 ximas
345 1348 391 1388 et
419 1345 729 1388 saluberrimas
760 1343 1039 1388 commendat
1070 1342 1301 1385 utilitates.
1363 1340 1459 1383 Hoc
1488 1344 1639 1382 autem

173 1414 397 1472 eleganter
415 1418 461 1458 et
483 1429 587 1458 uere
611 1415 677 1458 ait
697 1413 1007 1463 Portunianus,
1028 1412 1250 1455 neminem
1274 1410 1467 1453 ciuiliter
1489 1409 1641 1452 conui-

172 1483 271 1526 uari
291 1483 376 1526 nisi
397 1484 472 1541 qui
500 1484 584 1527 sibi
612 1485 659 1527 in
685 1484 783 1528 cibo
812 1486 859 1526 et
885 1486 994 1540 potu
1026 1480 1302 1537 frugalitatis
1328 1482 1374 1522 et
1399 1478 1640 1522 modestiae

173 1553 434 1610 praescribit
458 1553 657 1597 formam.
728 1552 1045 1596 Immoderatio
1072 1550 1158 1594 cibi
1183 1553 1228 1593 et
1258 1552 1390 1607 potus
1413 1548 1640 1605 dispensa-

113 1639 158 1667 ιο
173 1622 327 1666 tricem
358 1623 556 1666 omnium
591 1623 832 1666 officiorum
868 1621 1209 1679 temperantiam
1245 1619 1399 1675 abigit.
1461 1618 1527 1660 Ea
1558 1618 1640 1660 im·

173 1691 362 1750 pellente
382 1692 435 1735 fit
454 1692 585 1735 homo
605 1692 662 1735 ad
683 1691 951 1735 audiendum
968 1690 1135 1740 tardus,
1148 1688 1280 1732 uelox
1297 1688 1353 1730 ad
1370 1687 1640 1744 loquendum

173 1763 219 1804 et
246 1761 378 1804 uelox
408 1761 466 1804 ad
494 1762 631 1814 iram3
675 1762 729 1804 fit
759 1761 816 1804 ad
843 1760 1074 1804 libidinem
1102 1772 1268 1816 pronus
1296 1761 1342 1800 et
1371 1756 1428 1799 ad
1457 1756 1642 1813 quaeuis

173 1829 344 1888 flagitia
363 1845 582 1888 praeceps.
643 1831 730 1885 Qui
751 1830 1013 1874 modestiam
1034 1829 1209 1878 deserit,
1224 1827 1282 1870 ad
1302 1826 1518 1884 plebeiam
1539 1840 1641 1869 con·

175 1899 359 1942 uiuandi
379 1901 740 1944 consuetudinem
756 1899 966 1944 facillime
986 1898 1237 1956 prolabitur
1256 1911 1284 1939 a
1303 1895 1438 1940 ciuili.
1483 1895 1643 1938 Innuit

116 1983 158 2018 ²5
177 1967 259 2011 hoc
279 1968 416 2020 Maro,
430 1969 689 2013 Homericae
713 1969 998 2027 perfectionis
1024 1967 1307 2010 fidelissimus
1328 1966 1540 2014 imitator,
1553 1964 1642 2022 qui,

175 2036 281 2080 dum
320 2052 348 2080 a
391 2053 492 2096 rege
523 2038 742 2083 Pheacum
776 2039 954 2082 Vlixem
994 2039 1228 2094 exceptum
1268 2035 1434 2085 recolit,
1474 2034 1641 2077 Eneam

175 2105 442 2164 naufragum
462 2107 510 2150 in
529 2108 783 2151 conuiuium
804 2107 993 2151 Didonis
1013 2105 1269 2155 introducit,
1289 2107 1334 2147 et
1356 2104 1575 2146 Pheacum
1597 2107 1642 2147 et
1660 2112 1686 2142 c

175 2174 399 2218 Affrorum
420 2176 643 2219 luxuriam
663 2177 711 2219 in
730 2192 820 2220 uno
839 2176 1046 2220 conuiuio
1070 2175 1296 2232 eleganter
1315 2173 1558 2230 expressit:

236 2249 471 2306 Postquam
501 2251 645 2308 prima
675 2251 799 2308 quies
829 2251 971 2309 epulis
1000 2264 1264 2306 mensaeque
1294 2251 1500 2298 remotae,

119 2324 161 2358 30
235 2310 427 2350 crateras
454 2323 637 2366 magnos
666 2312 873 2353 statuunt
902 2313 948 2352 et
977 2309 1084 2352 uina
1113 2311 1339 2351 coronant.

177 2378 608 2442 ᾳ-ιιεὼ-ῐέἴιΐωᾟπ
730 2392 751 2427 8
776 2390 844 2427 ina
859 2402 926 2428 om.
946 2389 971 2427 s
1107 2398 1149 2435 13
1174 2387 1421 2435 apellandum
1439 2386 1464 2423 s
1599 2387 1644 2424 18

178 2445 219 2471 in
237 2434 322 2471 cibo
339 2434 411 2471 sibi
429 2435 467 2470 M
562 2437 757 2475 molestiae
776 2438 816 2475 M

226 2515 247 2542 2
272 2507 409 2543 uerbis.
434 2509 596 2545 uersibus
613 2508 765 2545 Hieron.
926 2518 947 2553 3
971 2509 1030 2543 Me
1042 2508 1217 2553 pinquem
1234 2508 1326 2542 etc.:
1351 2505 1442 2541 Hor.
1460 2506 1530 2550 Ep.
1556 2503 1580 2540 i.
1606 2514 1640 2548 4.

179 2553 372 2636 Εὲαέτὸἆδίο
400 2563 539 2637 deaut11¹7
555 2558 739 2646 tnemingm
763 2557 834 2593 etc.
852 2555 1026 2639 ta'Haec
1016 2566 1095 2591 non
1120 2553 1367 2636 dubitandem
1393 2554 1451 2589 est
1467 2551 1567 2635 tquin
1594 2562 1641 2587 ex

529 2614 554 2648 p
573 2614 596 2638 a
621 2615 679 2639 sm
736 2614 831 2649 quae
897 2614 985 2638 men
1015 2602 1057 2637 in
1091 2613 1225 2648 exemp
1241 2612 1299 2637 an
1326 2612 1369 2636 us
1397 2612 1465 2636 nos
1485 2611 1536 2635 ns
1562 2610 1640 2635 non

179 2648 340 2683 exstant.
529 2659 571 2686 21
598 2652 647 2686 ad
662 2652 884 2686 audiendum
901 2652 1030 2686 tardus
1043 2651 1140 2686 etc.:
1168 2661 1200 2684 v.
1220 2648 1294 2684 Iac.
1315 2647 1338 2684 i.
1361 2658 1414 2693 19.
1594 2655 1637 2692 25

178 2695 296 2736 Maro,
314 2695 522 2730 Homericae
532 2699 1011 2742 perfectionis-fidelissimus
1026 2699 1207 2732 imitator:
1232 2708 1264 2732 v.
1283 2695 1447 2731 Macrob.
1462 2696 1506 2730 de
1517 2695 1640 2730 Somn.

178 2742 272 2787 Scip.
286 2741 311 2777 i.
323 2750 343 2785 7
358 2740 374 2787 ξ
391 2750 411 2786 7
423 2743 630 2780 Homericae
641 2757 711 2790 per
725 2747 849 2781 omnia
861 2746 1092 2790 perfectionis
1109 2746 1272 2779 imitator
1282 2745 1398 2778 Maro.
1520 2751 1576 2787 27,
1595 2741 1641 2776 28

178 2789 358 2824 Pheacum
384 2796 415 2823 et
442 2790 653 2834 Affrorum·
692 2792 740 2827 cf.
768 2791 933 2828 Macrob.
959 2793 1034 2827 Sat.
1060 2803 1091 2827 v.
1116 2801 1137 2826 2
1162 2790 1204 2837 ἕξ
1233 2801 1286 2833 ιο,
1305 2800 1370 2831 11;
1404 2788 1468 2826 vii.
1497 2798 1513 2825 1
1541 2788 1560 2835 ξ
1587 2798 1642 2831 14.

179 2837 580 2926 29wi'55t'q1uamprima
596 2840 692 2875 etc.:
715 2838 826 2885 Verg.
846 2840 940 2926 {erla
957 2837 982 2875 i.
1002 2847 1093 2884 723-
1098 2847 1180 2883 741,
1198 2846 1376 2884 743-749.
1466 2896 1532 2933 ²⁵⁷
