1988 3250
168 214 266 248 car.
281 201 405 264 xxn]
682 201 1117 246 POLICRATICVS
1639 200 1721 250 807
1738 210 1765 239 ο

168 323 370 367 miseriae
381 323 585 380 potenter
597 320 758 365 ferant.
809 319 858 363 Si
873 319 990 364 enim
1002 334 1153 377 regere
1164 322 1341 364 tantum
1356 322 1627 378 appeterent,

170 406 261 436 non
302 390 531 444 dominari,
568 403 680 433 onus
717 388 847 432 officii
894 388 1139 439 metientes,
1178 403 1456 445 nequaquam
1498 392 1627 432 tanta

167 462 398 506 currerent
427 459 656 504 auiditate.
714 458 932 501 Voluntas
961 457 1079 500 enim
1109 458 1304 514 regentis
1334 458 1388 500 de
1417 458 1512 514 lege
1542 458 1626 501 Dei

167 529 332 588 pendet
361 531 408 572 et
437 543 527 572 non
557 526 830 585 praeiudicat
860 526 1068 569 libertati.
1126 526 1190 569 At
1220 526 1387 569 tiranni
1419 527 1628 570 uoluntas

133 613 153 648 s
169 598 544 656 concupiscentiae
578 597 717 640 seruit
749 599 795 639 et
832 595 920 654 legi
955 595 1190 646 reluctans,
1226 610 1339 652 quae
1377 596 1629 638 libertatem

169 668 306 721 fouet,
325 667 548 711 conseruis
566 667 720 724 iugum
741 665 972 710 seruitutis
990 668 1178 709 conatur
1195 665 1433 722 imponere.
1491 665 1631 708 Docet

169 737 277 782 haec
309 736 551 794 Scriptura,
581 735 653 779 cui
685 735 903 779 contraire
933 749 1022 778 non
1054 734 1168 777 licet.
1227 733 1452 776 Dixerunt
1481 748 1631 777 omnes

169 806 258 850 uiri
278 805 454 849 Israelis
474 805 531 849 ad
554 804 756 848 Gedeon:
785 803 1024 846 Dominare
1053 802 1193 846 nostri
1223 805 1275 845 tu
1305 805 1350 845 et
1378 802 1495 844 filius
1525 805 1630 845 tuus

169 879 216 920 et
235 875 354 919 filius
372 875 454 918 filii
473 875 553 926 tui,
575 874 680 931 quia
698 873 896 916 liberasti
910 887 991 916 nos
1002 872 1057 915 de
1071 887 1206 916 manu
1219 871 1413 915 Madian.
1458 871 1631 924 Quibus

113 960 156 989 xo
171 945 246 989 ille
265 945 354 988 ait:
384 944 487 988 Non
507 943 765 987 dominabor
778 942 928 994 uestri,
946 956 1025 986 nec
1039 941 1342 986 dominabitur
1356 942 1404 984 in
1418 956 1498 984 uos
1512 941 1631 983 filius

171 1029 310 1068 meus,
331 1014 407 1058 sed
427 1013 727 1058 dominabitur
752 1012 980 1056 Dominus.
1038 1011 1253 1068 Dixitque
1280 1011 1337 1054 ad
1361 1026 1457 1055 eos:
1486 1011 1631 1052 Vnam
1648 1007 1678 1047 d

172 1084 431 1142 petitionem
461 1083 635 1140 postulo
665 1097 692 1126 a
720 1082 859 1134 uobis,
879 1081 983 1125 date
1012 1082 1146 1125 michi
1176 1081 1353 1124 inaures
1382 1095 1439 1124 ex
1468 1080 1633 1138 praeda

172 1156 333 1197 uestra.
391 1152 556 1196 Videor
574 1152 707 1195 michi
727 1152 774 1194 in
802 1151 934 1194 huius
963 1151 1138 1194 litterae
1159 1150 1271 1194 facie
1292 1150 1409 1207 quod
1433 1150 1634 1192 dixeram

173 1222 350 1266 intueri.
408 1221 525 1264 Nam
546 1220 735 1272 Gedeon,
755 1220 832 1277 qui
859 1220 1178 1278 interpretatur
1196 1220 1456 1263 circumiens
1476 1219 1634 1262 inutile

114 1307 157 1343 ¹5
174 1292 247 1336 uel
277 1290 511 1348 temptatio
537 1289 787 1347 iniquitatis
814 1304 977 1342 eorum,
1004 1289 1180 1332 nomine
1210 1292 1256 1332 et
1281 1289 1429 1332 uerbis
1456 1288 1635 1331 uidetur

175 1360 387 1419 principis
436 1359 626 1403 officium
675 1358 881 1402 indicare.
966 1358 1074 1401 Eius
1124 1358 1241 1401 enim
1291 1361 1358 1401 est
1405 1357 1635 1401 circumire

174 1430 353 1474 inutilia
381 1432 426 1474 et
457 1444 508 1473 ea
539 1429 612 1472 uel
641 1429 784 1472 delere
814 1428 885 1471 uel
916 1442 1121 1471 reuocare
1150 1428 1206 1471 ad
1238 1427 1412 1486 frugem
1443 1431 1488 1471 et
1518 1427 1636 1484 quod

174 1499 376 1557 iniquum
425 1498 714 1556 deprehendit
756 1497 987 1541 excludere
1036 1512 1064 1540 a
1102 1497 1266 1540 finibus
1311 1497 1415 1549 suis,
1455 1500 1508 1539 ut
1551 1496 1636 1539 sibi

174 1569 384 1612 aduersus
404 1568 553 1611 hostes
572 1567 780 1625 procedat
799 1567 1000 1613 uictoria.
1058 1566 1272 1610 Defertur
1292 1567 1433 1610 honor
1452 1566 1637 1609 dominii

115 1656 160 1682 no
175 1641 222 1682 et
260 1640 460 1690 recusat3
508 1637 596 1694 legi
635 1640 786 1680 tamen
826 1637 987 1680 subicit
1027 1651 1136 1694 quos
1186 1651 1213 1679 a
1256 1637 1361 1693 iugo
1407 1636 1638 1679 seruitutis

175 1707 379 1754 absoluit.
437 1707 560 1750 Patri
581 1706 773 1750 filiorum
794 1706 1064 1750 successiuus
1082 1705 1284 1749 defertur
1303 1706 1466 1758 honor3
1496 1709 1544 1748 at
1563 1704 1638 1748 ille

176 1777 320 1821 Deum
348 1777 508 1820 maluit
537 1776 757 1821 honorari.
816 1776 927 1828 Quis
963 1791 1114 1819 eorum
1146 1779 1262 1819 recte
1291 1776 1394 1819 huic
1424 1775 1637 1819 assimila-

174 1847 298 1891 bitur
317 1847 394 1904 qui
413 1846 483 1889 fas
497 1846 711 1903 nefasque
728 1845 1020 1896 confundunt,
1035 1849 1081 1888 et
1101 1849 1336 1889 uei-santur
1351 1846 1398 1888 in
1413 1845 1638 1888 laboribus

178 1919 223 1960 et
243 1915 480 1975 erumpnis,
497 1918 550 1958 ut
568 1915 682 1958 filios
702 1915 873 1972 possint
892 1930 981 1958 non
996 1918 1088 1958 tam
1105 1915 1283 1958 honoris
1303 1930 1436 1972 quam
1457 1915 1637 1971 rapinae
1655 1910 1738 1950 808
1758 1926 1788 1954 a

117 1998 160 2034 ²5
179 1987 225 2029 et
258 1985 508 2042 iniquitatis
538 1985 699 2028 habere
731 1984 946 2028 heredes?
1003 1985 1113 2038 Quis
1146 1988 1212 2028 est
1242 1985 1359 2028 enim
1390 1984 1466 2042 qui
1496 1984 1638 2041 legem

180 2054 264 2098 Dei
293 2056 339 2098 et
367 2054 583 2097 iustitiam
613 2054 720 2106 eius,
750 2069 861 2112 quae
886 2055 933 2096 in
962 2055 1056 2098 sola
1084 2055 1269 2098 caritate
1292 2054 1506 2105 consistit,
1534 2054 1639 2096 filiis

179 2124 448 2180 anteponat?
499 2123 586 2177 Qui
606 2127 738 2175 amat,
758 2124 916 2182 inquit,
936 2127 1107 2182 patrem
1124 2127 1203 2167 aut
1222 2127 1410 2167 matrem
1426 2126 1504 2167 aut
1524 2124 1639 2166 filios

180 2220 201 2247 2
226 2209 453 2248 mentientes
469 2210 643 2247 OBASM¹
776 2221 798 2256 4
822 2210 978 2258 tyranni
994 2210 1026 2246 A
1160 2219 1181 2255 7
1205 2210 1315 2258 haec]
1332 2210 1405 2247 hoc
1424 2209 1480 2245 AS
1617 2210 1638 2246 8

179 2257 354 2295 israhelis
371 2257 403 2293 A
546 2268 589 2304 14
613 2257 800 2295 circuiens
816 2258 876 2294 AS
1022 2259 1065 2295 16
1090 2257 1249 2295 circuire
1267 2258 1292 2294 S
1449 2259 1503 2302 16,
1525 2266 1565 2302 17
1583 2256 1639 2293 in-

180 2304 293 2342 utilia
309 2304 466 2342 circuire
482 2304 527 2342 A¹
667 2317 714 2351 24
738 2305 904 2343 erumnis
920 2305 949 2343 Ο

230 2393 250 2430 7
276 2385 460 2420 Dim-unt
471 2386 565 2421 etc.:
591 2384 706 2422 Iudic.
720 2384 798 2421 viii.
814 2395 942 2430 22-24.
1042 2394 1085 2430 14
1109 2386 1388 2430 interpretatur:
1416 2384 1464 2420 ab
1483 2383 1638 2420 Hieron.

180 2430 223 2468 in
239 2432 317 2467 Lib.
333 2432 376 2466 de
392 2435 526 2468 nomin.
541 2433 648 2469 Hebr.
665 2432 810 2487 (Migne
826 2434 867 2470 P.
892 2434 935 2469 L.
960 2431 1064 2469 xxiii.
1092 2433 1200 2477 810);
1226 2434 1356 2467 inutile
1379 2433 1510 2468 tamen
1535 2431 1641 2467 deest

182 2489 243 2525 ap.
262 2477 544 2524 Hieronymum.
591 2479 642 2516 Le
685 2491 766 2515 mus
781 2482 909 2516 tamen
923 2479 963 2515 in
976 2481 1277 2526 Interpretatione
1293 2481 1480 2516 nominum
1492 2480 1642 2514 Hebraie

183 2537 307 2609 gmqn
333 2536 429 2610 qu6ae
446 2524 561 2608 ¹'inter
583 2491 709 2564 Beffale
732 2538 847 2574 opera
869 2529 886 2563 t
940 2526 972 2563 is
1000 2526 1190 2564 committi
1221 2527 1312 2563 olim
1338 2527 1451 2564 solita
1479 2528 1535 2563 est
1565 2526 1639 2572 (ed.

183 2573 1286 2675 nssssiigiff,{utissizdsskqifii’‹Jt‘¹;11{³⁰0?1¹3311{2⁶,¹;²v.⁶‘m³1'23n¹3
1303 2574 1640 2667 13²}3'12‘3d9ssu‘i‘3

184 2679 270 2705 mss.
295 2666 485 2703 codicibus
505 2668 661 2713 optime
683 2668 918 2712 attribuitur,
943 2670 1095 2715 Gedeon,
1118 2671 1331 2705 circumiens
1354 2671 1394 2704 in
1418 2674 1518 2704 utero
1543 2670 1640 2710 etc.;

183 2715 234 2752 cf.
250 2713 495 2761 pseudo-Ded.
515 2716 653 2759 Quaest.
671 2727 778 2762 super
793 2717 852 2753 lib.
872 2718 1039 2752 Indicum
1055 2728 1088 2752 c.
1108 2726 1126 2764 5
1147 2715 1292 2763 (Migne
1308 2718 1349 2753 P.
1361 2718 1405 2752 L.
1423 2715 1525 2752 xciii.
1543 2726 1589 2760 42
1595 2715 1641 2762 5).

184 2772 230 2808 23
247 2764 315 2808 fas
329 2762 496 2808 nafis-sque
513 2763 760 2807 confimdunt:
785 2774 819 2799 v.
834 2762 902 2799 Ov.
918 2765 1000 2799 Met.
1017 2762 1064 2800 vi.
1106 2765 1162 2810 85,
1181 2765 1260 2809 586.
1417 2764 1463 2800 26
1487 2775 1576 2810 quae
1601 2765 1641 2798 in

182 2811 259 2846 sola
275 2810 423 2845 varitate
439 2809 619 2846 consistit:
646 2821 680 2846 v.
696 2808 807 2846 Matt.
824 2809 914 2847 xxii.
933 2819 1061 2856 37-40,
1135 2822 1188 2846 m.
1204 2809 1284 2846 xiii.
1298 2811 1331 2848 8.
1498 2819 1541 2854 27
1571 2811 1643 2855 Qui

185 2861 284 2894 amat
299 2857 395 2893 etc.:
420 2854 530 2892 Matt.
547 2867 583 2891 x.
602 2865 659 2903 37.

1469 2910 1531 2947 ³97
