1988 3250
241 184 317 233 613
335 185 366 224 b
499 227 502 230 ,
714 182 979 226 IOANNIS
1020 181 1538 226 SARESBER-IENSIS
1683 160 1794 240 [Lm
1809 188 1861 225 vl

385 300 636 345 uicinorum
675 301 1015 345 similitudinem
1056 300 1375 344 exterminasse
1415 300 1653 344 sufficiunt.
1702 293 1862 362 {Greci

386 385 579 428 namque
598 371 667 414 lac
686 371 813 429 galae
827 371 995 423 dicunt,
1009 371 1128 414 unde
1144 374 1189 414 et
1203 370 1405 428 galaxias
1417 370 1584 414 lacteus
1601 368 1871 427 appellatur]

387 444 434 483 et
467 440 585 483 Galli
625 440 753 497 quasi
787 440 932 484 colore
969 440 1100 483 lactei
1141 442 1187 483 et
1221 439 1440 483 Galathae
1479 439 1557 496 qui
1598 438 1863 496 quandoque

385 508 495 552 dicti
535 515 643 552 sunt
683 509 944 567 Gallogreci,
974 509 1022 551 in
1061 509 1226 552 finibus
1260 509 1443 552 Greciae
1482 523 1592 566 quos
1632 508 1863 551 Gallorum

385 578 550 621 militia
568 579 812 636 occupauit.
857 579 1026 621 Mansit
1045 581 1196 622 autem
1217 579 1439 622 exercitus
1459 578 1534 621 ille
1554 578 1732 620 Brenno
1752 577 1862 620 duce
1882 593 1902 627 5

386 647 689 705 triumphator
716 651 762 691 et
785 663 959 705 semper
985 647 1192 698 inuictus,
1214 648 1352 691 donec
1379 647 1610 705 insurgere
1633 661 1768 690 ausus
1795 649 1864 690 est

385 716 434 759 in
450 717 566 768 deos,
581 717 727 774 ipsum
741 717 962 775 Apollinis
979 717 1245 774 Delphicum
1261 717 1478 760 inuadens
1494 716 1722 774 templum.
1763 716 1863 767 Vbi,

384 801 486 830 cum
525 786 694 829 incolae
734 786 806 829 dei
846 801 974 843 opem
1015 786 1275 843 suppliciter
1313 786 1615 842 implorarent,
1654 786 1864 828 iuuenem

385 869 520 912 supra
540 855 786 898 humanum
813 855 996 897 modum
1023 854 1212 911 insignis
1242 854 1590 911 pulchritudinis
1616 853 1664 896 in
1689 853 1863 897 delubri

385 924 578 968 culmine
602 927 940 982 conspexerunt.
1000 924 1196 967 Auditus
1221 927 1289 966 est
1316 924 1452 966 etiam
1477 924 1643 967 stridor
1668 938 1796 967 arcus
1817 926 1864 967 et
1882 944 1924 970 10

345 1008 370 1037 c
386 994 601 1051 strepitus
621 1009 857 1037 armorum.
918 993 1080 1036 Subito
1101 993 1236 1036 etiam
1257 996 1403 1036 terrae
1422 995 1549 1036 motu
1569 1007 1672 1050 pars
1697 994 1863 1037 montis

386 1063 580 1120 abrupta
621 1062 851 1106 Gallorum
900 1062 1065 1105 strauit
1106 1062 1362 1106 exercitum.
1443 1063 1653 1106 Insecuta
1703 1062 1863 1106 deinde

386 1134 628 1188 tempestas
658 1135 726 1174 est
750 1146 864 1188 quae
887 1131 1105 1188 grandine
1133 1133 1180 1174 et
1203 1130 1371 1189 frigore
1401 1131 1573 1174 saucios
1602 1131 1864 1189 absumpsit.

387 1201 495 1244 Dux
515 1201 609 1258 ipse
627 1201 842 1251 Brennus,
864 1215 964 1244 cum
985 1200 1180 1243 dolorem
1201 1201 1439 1244 uulnerum
1460 1200 1578 1244 ferre
1593 1216 1683 1244 non
1702 1204 1864 1259 posset,

385 1269 580 1327 pugione
605 1270 747 1312 uitam
768 1270 930 1313 finiuit.
992 1270 1087 1313 Nec
1114 1273 1292 1313 moueat
1313 1285 1581 1327 quemquam
1603 1270 1673 1328 (ut
1692 1270 1863 1314 dictum
1883 1291 1924 1326 15

387 1341 472 1395 est)
512 1339 560 1381 in
599 1339 767 1396 templo
809 1340 957 1382 uisum
1003 1354 1096 1382 esse
1138 1340 1393 1397 Apollinem
1433 1340 1492 1382 ad
1539 1340 1664 1384 ducis
1703 1340 1863 1384 inuicti

386 1409 617 1452 audaciam
654 1409 969 1452 cohercendam
1000 1409 1326 1466 delendumque
1360 1410 1605 1454 exercitum
1640 1410 1729 1467 qui,
1763 1424 1862 1467 per-

384 1478 594 1521 mittente
614 1478 720 1529 Deo,
734 1478 1018 1536 exigentibus
1038 1479 1180 1535 culpis
1201 1479 1443 1530 hominum,
1455 1479 1620 1522 multas
1636 1479 1863 1523 deleuerat

384 1547 600 1600 nationes,
636 1563 735 1591 cum
768 1551 939 1592 certum
967 1549 1028 1592 sit
1064 1549 1207 1592 aerias
1238 1551 1482 1606 potestates
1512 1550 1755 1607 plurimum
1785 1564 1861 1593 ne-

385 1617 553 1674 quitiae
574 1632 679 1660 suae
710 1633 913 1661 exercere
941 1618 989 1674 in
1009 1619 1109 1661 illos
1137 1619 1214 1676 qui
1241 1633 1375 1662 sanae
1398 1619 1502 1662 fidei
1530 1622 1734 1677 expertes
1754 1622 1861 1663 sunt
1881 1636 1924 1661 σο

385 1690 431 1730 et
450 1702 582 1730 uerae
613 1688 840 1746 religionis
868 1689 1025 1746 ignari.
1087 1688 1163 1731 Eis
1183 1703 1375 1746 namque
1402 1689 1550 1747 gratia
1577 1689 1862 1733 subtrahitur
1887 1696 1890 1699 ’

384 1756 605 1813 daturque
644 1749 854 1814 malignis
893 1757 1126 1814 spiritibus
1173 1757 1355 1801 licentia
1394 1758 1592 1810 nocendi,
1632 1773 1733 1802 cum
1773 1757 1862 1802 nisi

338 1823 367 1864 d
385 1825 577 1870 Domino
615 1827 902 1883 permittente
943 1827 1124 1870 omnino
1164 1842 1320 1871 nocere
1363 1842 1453 1871 non
1492 1828 1664 1885 possint
1703 1843 1782 1872 nec
1823 1828 1862 1872 si

385 1895 539 1946 uelint,
570 1898 626 1946 et,
657 1895 773 1939 sicut
803 1897 1059 1953 euangelico
1090 1897 1274 1940 docetur
1302 1897 1568 1949 testimonio,
1598 1912 1688 1941 non
1723 1897 1860 1954 impe-

384 1967 507 2007 trata
536 1964 717 2008 licentia
746 1980 836 2009 non
866 1966 1062 2009 audeant
1091 1969 1172 2009 aut
1201 1970 1368 2023 queant
1398 1967 1567 2011 irruere
1602 1967 1650 2010 in
1679 1981 1861 2025 gregem
1881 1989 1922 2024 ²5

384 2047 630 2090 porcorum.

387 2165 408 2191 2
435 2155 581 2192 lactens
610 2154 672 2192 CB
863 2165 883 2201 3
909 2154 1100 2210 galate-S:
1188 2155 1288 2193 latae
1318 2156 1358 2192 M
1493 2202 1502 2211 ο
1548 2164 1569 2201 7
1595 2155 1803 2240 αέΡοΠίιιὶε
1831 2155 1861 2192 Β

385 2202 561 2239 delficum
581 2202 605 2239 S
757 2212 780 2248 9
805 2202 1073 2249 pulcntudxms
1090 2204 1121 2238 A
1331 2214 1374 2251 19
1398 2214 1595 2241 nasciones
1816 2214 1861 2250 23

386 2253 544 2296 possunt
562 2250 592 2285 B
754 2260 800 2295 ²4
825 2251 1078 2298 euuangelico
1095 2251 1129 2286 A

435 2376 456 2402 2
479 2367 653 2411 qulam-ias
669 2368 763 2403 etc.:
789 2379 821 2402 v.
841 2366 1008 2404 Macrob.
1026 2369 1069 2404 de
1090 2368 1213 2404 Somn.
1238 2368 1333 2414 Βοὴ).
1361 2366 1387 2403 i.
1412 2377 1435 2412 4
1462 2365 1480 2414 ξ
1509 2375 1542 2413 5.
1733 2368 1754 2404 8
1781 2379 1863 2403 cum

387 2414 524 2449 incolae
541 2415 612 2450 etc.
630 2426 637 2449 :
665 2426 695 2449 v.
716 2413 847 2450 lustin.
866 2414 966 2450 xxiv.
985 2417 1006 2451 8
1026 2414 1068 2461 βξ
1112 2425 1191 2451 —11.
1368 2425 1410 2460 19
1434 2417 1555 2451 aerias
1568 2419 1781 2461 potestates:
1807 2414 1861 2451 sic

387 2472 500 2507 saepe
519 2472 645 2496 nuncu
677 2464 788 2497 antur
805 2462 1006 2499 daemones
1025 2474 1086 2498 ma.
1104 2461 1138 2505 i;
1163 2473 1193 2499 e.
1209 2474 1246 2509 g.
1263 2461 1311 2498 ab
1327 2461 1541 2508 Augustino
1559 2464 1602 2498 de
1631 2463 1732 2499 Tm‘n.
1758 2461 1815 2498 iii.
1839 2471 1860 2507 7

386 2508 410 2592 ξ
430 2519 469 2544 12
490 2507 634 2554 (Migne
674 2512 692 2544 ¹.
710 2510 750 2544 L.
770 2509 850 2545 xlii.
871 2510 955 2555 875)
972 2522 979 2550 ;
1005 2511 1211 2556 praeeunte
1231 2509 1266 2546 S.
1279 2509 1407 2554 Paulo,
1426 2508 1491 2556 qui
1509 2508 1556 2545 ad
1575 2508 1669 2556 Eph.
1687 2508 1728 2545 ii.
1747 2519 1767 2545 2
1786 2509 1862 2546 dia-

413 2555 515 2592 olum
546 2558 654 2592 vocat
676 2558 883 2602 principem
905 2559 1093 2602 potestatis
1120 2559 1217 2592 aeris
1245 2558 1364 2593 huius.
1523 2568 1578 2600 22,
1609 2567 1652 2603 23
1679 2569 1760 2593 cum
1787 2558 1863 2593 nisi

387 2604 656 2657 Domino-etc&
683 2604 730 2639 cf.
757 2604 855 2650 Aug.
883 2610 1007 2640 contra
1033 2606 1230 2661 Acin-Lm.
1257 2610 1289 2640 et
1314 2605 1447 2661 Pmplf.
1472 2603 1576 2662 ii.·12
1602 2604 1620 2652 §
1646 2615 1692 2688 ᾖ
1711 2604 1860 2659 (Migne

387 2651 426 2687 P.
447 2652 487 2687 L.
508 2650 588 2688 xln.
608 2651 709 2696 663).
731 2697 738 2705 ¹
900 2662 945 2696 ²4
970 2653 1173 2698 euanyelwo
1190 2654 1335 2689 docetur
1349 2657 1572 2689 testemomo:
1599 2665 1631 2689 v.
1693 2654 1762 2689 att.
1780 2663 1859 2689 vm.

386 2700 431 2736 28
449 2709 550 2745 seqq.
566 2711 574 2741 ;
601 2698 689 2735 Luc.
706 2697 784 2736 mii.
803 2707 846 2744 27
861 2710 962 2746 seqq.

496 2884 541 2928 46
