1988 3250
157 159 260 238 alr.
278 190 351 253 ιν]
683 193 1120 238 POLIORATIOVS
1645 195 1728 245 642
1747 194 1777 236 d

159 314 400 358 auctoritas
420 314 509 357 iam
529 314 702 371 lapsum
722 313 779 356 ad
799 312 975 369 frugem
995 312 1190 356 melioris
1210 313 1331 356 uitae
1351 314 1629 358 reuocauerit

158 383 384 441 populum.
447 383 679 426 Laudabat
709 396 813 438 ergo
842 381 1058 424 uirtutem
1079 382 1251 432 cotidie,
1279 382 1393 424 uitia
1423 383 1627 427 luxuriae

158 451 423 503 denudabat,
463 455 509 495 et
547 466 698 495 casum
738 450 916 493 urbium
956 450 1232 506 perditarum
1273 452 1539 495 enuntiabat
1582 456 1628 496 et

149 535 321 565 causas.
362 521 555 564 Tantum
571 534 744 577 quoque
760 519 898 562 studii
919 519 975 562 ad
997 519 1303 578 frugalitatem
1324 520 1628 565 multitudinis

122 606 141 640 5
157 590 427 648 prouocabat
467 593 520 632 ut
553 589 724 646 aliquos
759 603 815 631 ex
855 588 925 631 his
958 588 1209 631 luxuriatos
1244 604 1337 632 esse
1372 589 1629 634 incredibile

158 659 398 703 uideretur.
458 659 764 701 Matronarum
791 672 898 700 uero
925 661 1175 714 separatam
1200 673 1228 701 a
1251 658 1362 701 uiris
1381 658 1628 702 doctrinam

158 732 204 772 et
222 743 459 786 puerorum
474 743 502 771 a
521 728 781 786 parentibus
797 727 1056 784 frequenter
1075 728 1244 771 habuit.
1292 728 1491 772 Docebat
1510 743 1628 773 nunc

155 798 238 841 has
266 797 527 855 pudicitiam
557 800 602 840 et
632 796 843 854 obsequia
866 797 913 839 in
941 797 1073 847 uiros,
1094 812 1212 841 nunc
1240 797 1340 840 illos
1364 798 1627 840 modestiam
1645 803 1730 852 643
1749 813 1780 843 a

157 870 203 911 et
213 867 466 910 litterarum
478 866 690 910 studium.
731 866 858 909 Inter
874 867 981 910 haec
996 866 1122 910 uelut
1133 867 1394 924 genitricem
1405 867 1627 910 uirtutum

94 940 143 977 *ιο
157 935 464 994 frugalitatem
503 936 708 979 omnibus
747 935 979 993 ingerebat
991 950 1001 988 ;
1050 939 1398 993 consecutusque
1427 936 1627 993 disputa-

156 1005 327 1049 tionum
344 1005 604 1049 assiduitate
620 1008 716 1048 erat
730 1009 783 1048 ut
798 1008 1026 1048 matronae
1042 1008 1222 1048 auratas
1238 1009 1384 1048 uestes
1397 1009 1629 1062 ceteraque

100 1090 101 1093 ’
157 1075 391 1134 dignitatis
438 1090 544 1119 suae
592 1078 853 1118 ornamenta
902 1075 1028 1132 quasi
1078 1075 1282 1118 luxuriae
1331 1075 1630 1118 instrumenta

156 1144 426 1202 deponerent
450 1159 587 1201 eaque
615 1144 764 1187 omnia
791 1144 940 1187 delata
967 1144 1014 1187 in
1045 1144 1230 1187 Iunonis
1251 1144 1375 1187 edem
1406 1144 1492 1201 ipsi
1522 1145 1629 1188 deae

131 1209 133 1213 Α
157 1217 470 1266 consecrarent,
490 1229 596 1272 prae
620 1229 666 1257 se
694 1214 887 1274 ferentes
907 1229 1014 1257 uera
1041 1218 1303 1257 ornamenta
1323 1217 1628 1258 matronarum

94 1285 140 1332 δε
157 1283 417 1342 pudicitiam
437 1298 526 1327 non
546 1287 692 1327 uestes
712 1299 815 1327 esse.
877 1284 931 1327 In
953 1284 1187 1326 iuuentute
1207 1298 1382 1340 quoque
1409 1287 1627 1340 quantum

157 1353 440 1411 profligatum
480 1354 540 1397 sit
568 1354 678 1396 uicti
710 1353 977 1396 feminarum
1007 1356 1287 1396 contumaces
1317 1354 1455 1396 animi
1485 1355 1626 1397 mani-

157 1421 334 1466 festant.
408 1422 496 1466 Sed
535 1423 722 1466 trecenti
761 1438 818 1466 ex
857 1423 1105 1472 iuuenibus,
1140 1437 1240 1466 cum
1279 1424 1476 1466 sodalitii
1516 1424 1627 1467 iuris

155 1494 428 1535 sacramento
466 1495 715 1549 separatam
755 1507 783 1535 a
821 1492 978 1535 ceteris
1016 1492 1189 1536 ciuibus
1238 1492 1380 1535 uitam
1430 1498 1626 1550 agerent,

157 1561 283 1617 quasi
312 1564 458 1604 cetum
489 1561 787 1605 clandestinae
819 1562 1136 1605 coniurationis
1168 1562 1382 1605 habentes
1414 1562 1628 1606 aduersus

101 1645 144 1671 πο
159 1629 452 1688 Pithagoram,
473 1631 702 1674 ciuitatem
732 1632 779 1674 in
810 1647 855 1675 se
886 1635 1226 1683 conuerterunt;
1267 1647 1379 1689 quae
1410 1647 1495 1682 eos,
1524 1647 1625 1676 cum

156 1698 205 1742 in
252 1714 386 1742 unam
435 1701 614 1743 domum
663 1701 983 1752 conuenissent,
1022 1716 1216 1744 cremare
1255 1701 1411 1752 uoluit,
1451 1702 1498 1744 in
1539 1716 1626 1759 quo

157 1769 354 1812 tumultu
373 1770 606 1827 sexaginta
626 1770 766 1814 ferme
793 1770 974 1828 periere,
994 1771 1127 1814 ceteri
1149 1771 1196 1813 in
1224 1771 1408 1814 exilium
1436 1771 1624 1828 profecti
1643 1772 1674 1811 b

156 1841 274 1882 sunt.
352 1839 424 1882 Ab
472 1840 554 1883 hoc
603 1840 754 1897 itaque
793 1840 1155 1898 philosophorum
1194 1856 1335 1898 genus
1385 1841 1625 1884 Ithalicum

157 1922 402 1966 nomenque
421 1909 723 1967 philosophiae
744 1914 949 1954 exortum
970 1914 1047 1954 est.
1107 1911 1277 1953 Tantus
1298 1914 1447 1954 autem
1473 1912 1628 1955 extitit

102 1990 142 2026 ²⁵
159 1976 207 2020 in
245 1977 322 2021 illa
363 1982 490 2036 parte
527 1980 843 2037 philosophiae,
878 1991 990 2037 quae
1027 1980 1302 2038 speculatiua
1341 1985 1539 2031 uocatur,
1574 1985 1627 2024 ut

159 2046 199 2089 ei
242 2047 474 2105 'quisquam
524 2049 933 2107 philosophantium
984 2050 1064 2093 uix
1114 2050 1312 2107 potuerit
1361 2050 1625 2107 adaequari3

157 2118 310 2160 tantus
334 2117 381 2160 in
400 2117 653 2162 innocentia
672 2122 724 2162 ut
745 2120 802 2162 ab
822 2120 1019 2162 omnium
1040 2120 1336 2162 animantium
1357 2123 1626 2176 temperasse

158 2186 361 2230 credatur
381 2187 549 2240 eduli03
583 2191 738 2232 tantus
767 2189 814 2231 in
842 2189 966 2232 cultu
994 2189 1192 2232 iustitiae
1216 2194 1269 2232 ut
1295 2190 1481 2246 populos
1505 2190 1626 2234 illius

158 2255 297 2312 partis
331 2256 533 2308 Ithaliae,
568 2272 679 2314 quae
712 2259 963 2316 antiquitus
999 2259 1164 2316 Magna
1200 2259 1358 2302 Greeia
1392 2259 1512 2302 dicta
1547 2266 1626 2312 est,

161 2367 182 2394 2
203 2364 283 2405 post
297 2358 436 2396 cotidie
452 2363 536 2398 add.
554 2363 593 2398 et
610 2359 678 2397 0¹8
814 2370 854 2406 17
880 2361 1062 2398 trescenti
1078 2361 1111 2397 A
1255 2372 1302 2398 20
1326 2361 1539 2408 pitagoram
1558 2362 1625 2399 SM

159 2415 204 2442 22
229 2405 424 2452 perierunt
439 2407 473 2442 A
601 2418 646 2455 23
672 2407 993 2455 phylosophorum
1011 2409 1051 2445 M
1187 2410 1245 2455 28,
1264 2420 1310 2455 ²9
1336 2409 1456 2456 partis
1473 2409 1576 2446 illius
1592 2411 1626 2447 A

206 2513 251 2550 23
275 2505 332 2540 Ab
347 2506 410 2542 hoc
425 2507 544 2552 itaque
560 2508 632 2543 etc.
650 2519 658 2543 :
685 2520 720 2542 v.
738 2507 834 2554 Aug.
851 2509 894 2543 de
913 2509 950 2544 C.
967 2509 1014 2544 D.
1034 2507 1111 2544 viii.
1130 2519 1163 2544 2.
1275 2519 1322 2554 24
1350 2510 1489 2546 Tantus
1505 2516 1626 2546 autem

160 2552 234 2588 etc.
248 2563 256 2588 :
282 2551 361 2595 Quo
377 2554 531 2590 auctore
547 2554 640 2591 haec
656 2554 761 2591 dicat
778 2554 947 2598 Ioannes,
967 2556 1090 2592 adhuc
1106 2555 1244 2593 nescio.
1420 2567 1463 2603 25
1490 2559 1531 2592 in
1556 2560 1625 2594 illa

153 2600 1130 2696 ἔῖαᾶἷᾷῗοὲρέἰῗίὶῗῗῗἕῗὲἰ-Ῐζΐιιωὲἕῖἐξ·
1152 2603 1287 2687 ξδῖίἲ·
1304 2606 1624 2689 ιῖῗαῗᾝῖιὲξῖέ

159 2690 234 2729 sive
266 2674 576 2740 contemplativa·
591 2675 818 2733 excellentia
839 2661 1012 2744 efiagug.
1044 2700 1087 2734 de
1113 2663 1152 2734 Cl'³
1179 2700 1225 2734 D.
1253 2663 1332 2735 vili.
1357 2710 1380 2743 4
1403 2664 1627 2736 {temeratur

159 2740 381 2784 Pythayom
396 2767 406 2777 .
424 2766 433 2776 .
451 2767 460 2778 .
477 2744 592 2788 maqt's
606 2745 904 2790 contemplatiuae
919 2747 1049 2792 quibus
1060 2748 1181 2791 potuit
1202 2748 1464 2791 intellegentiae
1480 2749 1626 2783 uiribus

161 2787 339 2823 institisse.
487 2791 543 2834 28,
562 2800 608 2837 29
633 2792 735 2827 illius
758 2793 880 2837 partis
908 2793 980 2829 etc.
1009 2804 1126 2839 usque
1155 2793 1203 2829 ad
1231 2795 1329 2830 dicta
1355 2799 1426 2830 est:
1463 2806 1496 2831 v.
1525 2795 1623 2842 Aug.

161 2834 204 2869 de
224 2835 262 2870 C'.
281 2835 330 2871 D.
347 2845 424 2872 vm.
443 2845 478 2872 2.

1453 2922 1517 2955 ¹03
