1988 3250
234 146 306 194 814
325 143 355 184 d
699 140 962 185 IOANNIS
1000 139 1516 185 SARESBERIENSIS
1620 139 1732 200 [Lm.
1745 150 1839 184 vul

372 313 481 372 Cap.
503 326 572 367 24.
601 313 847 371 Epicureos
867 326 1129 370 numquam
1148 313 1326 369 assequi
1334 311 1482 369 finem
1499 327 1654 358 mum.

431 404 534 448 Nisi
547 403 796 448 dissimulet
814 404 1115 448 contentiosus
1134 418 1248 461 quae
1266 407 1417 447 tamen
1437 403 1706 447 dissimulari
1725 401 1842 445 ratio

237 475 309 524 815
326 484 357 514 a
373 490 463 519 non
482 474 716 532 permittit,
736 489 792 517 ex
811 474 1112 531 superioribus
1137 473 1234 516 luce
1262 473 1425 517 clarius
1443 473 1586 530 liquet
1605 473 1844 530 Epicureos

373 559 617 601 numquam
636 543 810 601 assequi
830 544 964 586 finem
983 557 1127 586 suum.
1187 541 1300 586 Cum
1328 542 1446 586 enim
1471 543 1529 585 ad
1555 541 1845 599 tranquillam

375 614 575 671 aspirent
600 613 742 656 uitam
770 615 816 656 et
842 612 899 655 ad
925 611 1156 654 libidinem
1180 611 1444 668 explendam
1463 612 1843 669 philosophentur,
1864 628 1884 664 ⁵

375 683 513 726 immo
531 683 753 740 desipiant
771 681 916 737 (nemo
931 681 1049 723 enim
1070 679 1188 736 quod
1203 680 1318 723 male
1338 681 1448 723 libet
1459 683 1606 738 potest
1625 680 1848 738 sapienter

376 751 589 810 implere),
613 753 696 795 hoc
724 766 804 809 per
832 751 920 793 ista
949 749 1177 792 Babilonis
1209 750 1379 792 fluenta
1407 750 1558 793 nullus
1586 749 1848 807 assequitur.

382 821 490 865 Illos
519 836 694 879 quoque
724 821 1039 878 Epicureorum
1069 818 1248 861 nomine
1277 818 1516 861 censendos
1543 819 1738 862 arbitror
1771 817 1849 876 qui

378 905 505 934 suam
531 890 691 934 uolunt
720 890 767 932 in
797 889 1002 932 omnibus
1026 887 1210 944 implere
1238 886 1528 931 uoluntatem.
1587 887 1719 941 Nam,
1747 901 1848 931 cum

380 974 451 1002 res
485 959 660 1002 libidini
692 958 907 1008 seruiunt,
938 957 987 999 in
1025 956 1304 1014 uoluptatem
1342 956 1507 1000 transit
1544 957 1740 1000 affectus.
1798 955 1850 1000 Si
1870 973 1912 998 10

380 1029 565 1072 affectus
584 1028 761 1071 affectui
781 1042 871 1070 non
890 1028 1058 1084 pareat,
1078 1039 1165 1083 quo
1185 1027 1327 1083 magis
1350 1026 1432 1079 uis,
1458 1026 1678 1083 torqueris
1697 1026 1852 1083 magis,

380 1098 419 1141 si
446 1101 597 1141 tamen
624 1098 684 1141 sit
712 1096 852 1140 libido
877 1096 925 1138 in
954 1095 1198 1139 uoluntate.
1257 1095 1470 1153 Alioquin
1493 1095 1718 1139 interdum
1738 1095 1854 1139 uelle

382 1167 501 1225 quod
520 1182 609 1210 non
630 1169 765 1224 potes,
778 1165 1015 1209 iocundum
1030 1168 1098 1209 est
1109 1167 1155 1208 et
1170 1165 1447 1208 fructuosum
1461 1179 1471 1218 ;
1500 1166 1539 1209 si
1555 1164 1671 1209 forte
1686 1165 1855 1208 esurias

383 1240 429 1279 et
448 1236 574 1279 sitias
595 1236 827 1288 iustitiam,
846 1235 1114 1279 laboriosum
1133 1238 1296 1278 tamen.
1355 1235 1550 1278 Mundus
1578 1235 1730 1292 itaque
1750 1234 1854 1292 Epi-

384 1306 527 1349 cureis
556 1305 714 1362 plenus
739 1309 818 1356 est,
848 1319 900 1348 eo
929 1305 1047 1362 quod
1071 1305 1119 1347 in
1147 1307 1278 1348 tanta
1306 1305 1594 1348 multitudine
1625 1303 1855 1348 hominum
1875 1318 1914 1353 ¹5

338 1381 368 1419 b
386 1374 515 1432 pauci
535 1378 642 1418 sunt
662 1375 738 1432 qui
758 1389 847 1418 non
872 1374 1148 1418 famulentur
1165 1374 1353 1424 libidini,
1373 1374 1419 1417 id
1440 1377 1507 1417 est
1525 1377 1759 1431 corruptae
1778 1387 1856 1416 uo-

387 1444 564 1496 luntati,
584 1444 660 1487 sed
680 1444 924 1487 laboriosae
950 1443 1197 1487 uoluntatis
1222 1443 1412 1486 nexibus
1438 1458 1528 1487 non
1554 1443 1759 1500 impliciti
1778 1445 1860 1486 aut

387 1514 500 1556 nulli
529 1518 609 1557 aut
632 1514 860 1572 pauciores
890 1516 1007 1556 sunt.
1069 1513 1136 1556 De
1165 1513 1259 1557 loco
1285 1513 1531 1570 uoluptatis
1558 1512 1762 1555 exclusus
1791 1515 1860 1556 est

387 1584 531 1634 homo,
567 1598 622 1626 ex
657 1598 744 1640 quo
778 1582 916 1626 libido
949 1583 1213 1640 praeualuit‚
1243 1597 1293 1626 eo
1324 1583 1441 1639 quod
1470 1582 1567 1625 uita
1595 1582 1784 1626 iocunda
1814 1584 1860 1625 et

388 1654 631 1711 tranquilla
670 1654 761 1697 frui
801 1669 891 1697 non
930 1657 1078 1711 potest
1116 1653 1186 1696 cui
1226 1653 1418 1710 coeperit
1456 1652 1594 1696 libido
1627 1652 1859 1695 dominari.
1879 1670 1923 1695 πο

391 1724 552 1767 Maluit
573 1724 717 1768 facere
738 1723 856 1781 quod
875 1723 1009 1766 libuit
1029 1737 1162 1780 quam
1182 1722 1300 1779 quod
1321 1722 1466 1766 iussus
1486 1725 1554 1766 est
1573 1725 1619 1765 et
1638 1722 1861 1780 proiectus
1902 1756 1905 1759 .

391 1793 437 1837 in
468 1793 611 1837 locum
646 1793 848 1836 miseriae
883 1792 931 1835 in
963 1794 1128 1835 terram
1162 1791 1325 1835 laboris
1359 1792 1520 1835 missus
1553 1794 1633 1844 est,
1664 1794 1717 1834 ut
1747 1791 1788 1834 ei
1817 1792 1863 1833 et

391 1863 548 1906 semini
572 1877 653 1906 suo
682 1866 803 1906 terra
829 1862 980 1919 spinas
1009 1864 1055 1905 et
1085 1861 1274 1904 tribulos
1302 1861 1523 1918 germinet
1551 1863 1597 1904 et
1626 1861 1674 1903 in
1703 1860 1863 1903 sudore

392 1932 546 1976 uultus
565 1932 766 1976 comedat
792 1947 951 1990 panem
978 1945 1108 1974 suum
1138 1930 1214 1988 qui
1244 1930 1291 1973 in
1322 1930 1587 1974 rectitudine
1616 1929 1864 1974 uoluntatis

393 2002 601 2046 obediens
630 2001 725 2045 sine
756 2001 1015 2045 difficultate
1046 2004 1092 2044 et
1126 1999 1274 2043 labore
1298 2000 1474 2057 plenam
1495 2002 1672 2058 poterat
1700 1999 1864 2043 habere
1883 2016 1925 2051 ²5

394 2071 682 2129 uoluptatem.
755 2069 983 2128 Siquidem
1033 2069 1090 2113 ad
1139 2069 1444 2113 necessitatem
1495 2073 1540 2113 et
1587 2069 1865 2127 uoluptatem

395 2145 552 2199 parata
572 2142 805 2184 inuenerat
824 2139 982 2183 omnia.
1043 2139 1206 2182 Vultus
1226 2143 1388 2190 autem,
1400 2140 1515 2183 sicut
1535 2139 1605 2182 his
1624 2138 1770 2196 placet
1789 2135 1868 2195 qui

400 2282 415 2309 1
446 2273 478 2309 D
495 2278 579 2309 anto
595 2272 790 2320 epicureos
806 2273 910 2307 habet
927 2270 957 2307 B
1111 2281 1131 2307 2
1157 2270 1271 2317 quae]
1293 2283 1403 2317 quem
1423 2269 1463 2307 S¹
1617 2281 1638 2317 3
1663 2281 1869 2318 epycureos

400 2319 497 2357 CBA
667 2330 685 2367 5
709 2325 791 2366 post
808 2318 1126 2366 philosophentur
1142 2321 1226 2355 odd.
1244 2331 1283 2356 se
1302 2319 1502 2356 retrahant
1519 2320 1561 2354 in
1577 2319 1607 2354 S
1620 2331 1751 2354 manue
1768 2320 1871 2364 lonae

398 2369 574 2404 mentior
690 2371 710 2405 8
735 2377 1005 2414 epycureorum
1023 2365 1051 2402 C
1175 2377 1213 2403 11
1242 2366 1396 2404 affectui
1412 2366 1572 2403 affectus
1588 2366 1688 2403 C²Az
1715 2364 1871 2404 affectui

400 2415 557 2453 effectus
575 2414 600 2451 S
747 2424 800 2459 ¹⁴»
824 2424 862 2461 ¹5
889 2413 1084 2461 epycurein
1101 2414 1127 2450 C

449 2549 469 2586 7
498 2541 685 2577 Babilom'e
693 2542 837 2586 fluenta
853 2550 861 2576 :
889 2551 919 2575 v.
936 2538 993 2575 Pa.
1010 2536 1155 2575 cxxxvi.
1173 2548 1202 2575 1.
1237 2540 1413 2575 Flumu'na
1424 2539 1630 2586 Babylonis,
1643 2538 1700 2576 ait
1712 2537 1808 2586 Aug.
1822 2538 1872 2575 ad

403 2588 471 2625 loc.
487 2587 634 2634 (Mignc
648 2589 687 2623 P.
702 2589 742 2624 L.
758 2586 896 2624 xxxvii.
912 2588 1030 2631 1762),
1039 2592 1124 2622 eunt
1137 2589 1258 2622 omm'a
1272 2600 1361 2634 quae
1371 2588 1430 2624 hic
1443 2592 1617 2623 amantur
1627 2591 1658 2622 et
1669 2591 1871 2623 transeunt.

405 2646 460 2682 13.
496 2646 535 2680 14
563 2637 703 2671 esurias
731 2640 763 2670 et
790 2637 896 2670 sitias
924 2636 1126 2670 iuncinum:
1167 2646 1198 2670 v.
1234 2634 1345 2671 Matt.
1378 2646 1410 2671 ν.
1443 2635 1478 2671 6.
1638 2634 1678 2671 18
1715 2635 1770 2670 Do
1799 2635 1873 2671 loco

404 2684 488 2719 uolu
517 2685 623 2718 tatia:
661 2695 711 2719 sc.
740 2682 930 2726 Puradiso,
960 2681 1058 2717 unde
1088 2682 1265 2727 expulsus
1295 2683 1352 2719 est
1381 2681 1523 2723 Adam:
1559 2693 1592 2717 v.
1623 2680 1718 2718 Gen.
1745 2680 1784 2718 ii.
1818 2690 1872 2718 ιο.

404 2741 445 2767 21
477 2696 612 2766 §aluit
635 2732 730 2767 etc:
758 2741 789 2765 v.
811 2731 905 2766 Gen.
929 2728 981 2765 iii.
1007 2738 1046 2774 ¹7
1061 2740 1168 2783 seqq..
1353 2738 1397 2775 27
1429 2730 1558 2766 Vultus
1574 2734 1694 2765 autem
1717 2730 1811 2766 et0.:
1836 2741 1870 2765 v.

406 2777 493 2815 laid.
516 2779 613 2824 Om'y.
632 2777 681 2814 xi.
702 2788 747 2824 3⁴
767 2776 914 2824 (Migne
933 2778 972 2812 Ρ.
991 2778 1033 2814 L.
1052 2776 1183 2814 lxxxii.
1201 2776 1300 2824 401).

514 2858 578 2892 ⁴¹²
