1988 3250
203 183 285 232 767
304 183 334 222 b
678 179 942 225 IOANNIS
981 179 1495 224 SARESBERIENSIS
1596 177 1813 240 [mavul

350 300 416 343 ita
435 300 483 342 in
502 300 589 343 fide
617 302 663 343 et
686 300 898 358 religione
924 298 1112 357 profecit
1141 302 1194 342 ut
1217 299 1348 343 beato
1376 299 1589 357 Gregorio
1608 299 1814 344 credatur

351 369 399 412 in
431 369 646 427 regimine
681 368 1061 413 Gneocesariensis
1093 368 1297 412 ecclesiae
1331 369 1600 413 successisse.
1661 368 1721 412 Et
1749 369 1812 413 sic

351 438 529 496 quidem
559 438 771 482 sedulitas
801 438 989 496 hospitis
1018 438 1210 481 humane
1239 437 1375 495 prius,
1394 437 1552 481 deinde
1575 437 1813 481 salubriter

350 511 631 552 remunerata
670 511 747 551 est.
828 508 1065 559 Postremo,
1100 507 1183 551 etsi
1222 507 1491 550 urbanitatis
1530 507 1578 550 in
1617 507 1813 564 hospites

350 577 617 620 exercendae
648 577 768 634 apud
803 577 969 620 ethicos
999 577 1152 634 regula
1180 576 1304 619 nulla
1334 579 1459 628 esset,
1488 577 1643 620 beatus
1673 577 1811 620 Bene·
1831 593 1850 626 5

349 646 494 691 dictus
513 647 561 690 in
580 647 775 704 capitulo
795 647 851 690 de
869 646 1117 704 hospitibus
1139 645 1356 703 frugalem
1378 645 1701 689 humanitatem
1722 661 1811 689 non

348 715 479 759 modo
513 716 715 773 religiose
747 715 824 759 sed
856 716 990 758 etiam
1025 715 1208 758 comiter
1242 717 1287 758 et
1321 715 1488 758 urbane
1522 715 1702 758 uidetur
1734 730 1811 759 ex-

346 784 547 841 primere.
608 785 704 828 Hoc
725 789 875 828 tamen
896 784 1011 842 quod
1040 785 1087 826 in
1118 784 1231 826 libro
1257 783 1625 827 consuetudinum
1645 783 1811 828 Cister-

346 853 559 897 niensium
589 854 709 911 apud
735 854 965 911 plerosque
992 853 1157 911 legitur
1186 855 1231 896 et
1258 855 1445 903 tenetur,
1471 853 1588 910 quod
1617 853 1675 896 ad
1701 854 1812 898 duos

348 922 558 966 articulos
585 926 757 980 spectat
784 922 1103 979 hospitalitatis
1133 921 1445 972 instituendae,
1469 922 1527 966 ab
1556 922 1676 966 omni
1701 922 1810 966 ciui-
1832 942 1873 966 10

306 1004 332 1033 c
349 991 488 1043 litate,
508 1007 563 1035 ne
591 992 734 1035 dicam
764 991 1055 1041 humanitate,
1075 990 1268 1034 alienum
1297 995 1387 1044 est;
1416 991 1454 1034 si
1478 995 1629 1035 tamen
1655 1006 1812 1036 uerum

349 1064 417 1104 est
443 1061 525 1105 hoc
549 1061 596 1104 in
625 1064 776 1104 tantae
806 1060 1091 1118 perfectionis
1120 1060 1513 1104 consuetudinibus
1541 1061 1734 1105 inueniri
1759 1066 1812 1106 ut

348 1144 427 1174 nec
454 1145 607 1173 carnes
633 1133 915 1187 apponantur
939 1129 1188 1186 hospitibus
1217 1143 1297 1172 nec
1326 1133 1508 1186 propter
1538 1144 1612 1173 eos
1642 1130 1811 1188 aliquid

348 1202 545 1251 ematur3
576 1213 677 1243 cum
712 1201 758 1242 et
787 1199 884 1256 ipsa
918 1198 1084 1241 ieiunia
1121 1200 1304 1255 propter
1343 1199 1563 1256 hospitem
1593 1199 1807 1256 perfectio

347 1268 493 1312 soluat
538 1271 584 1311 et
624 1268 670 1311 in
710 1268 864 1311 multis
904 1268 958 1311 de
998 1268 1143 1326 rigore
1182 1282 1262 1311 suo
1301 1267 1542 1325 plurimum
1581 1269 1812 1327 indulgeat
1832 1287 1870 1323 15

347 1337 538 1380 caritati.
615 1337 830 1381 Ethnicus
869 1352 1043 1394 quoque
1082 1337 1130 1380 in
1169 1352 1220 1381 eo
1254 1337 1428 1382 fidelius
1462 1341 1507 1382 et
1546 1337 1812 1384 familiarius

347 1406 528 1449 uidetur
547 1406 751 1450 insistere
770 1407 944 1457 uirtuti,
963 1406 1081 1464 quod
1101 1408 1262 1451 statuit
1281 1410 1334 1451 ut
1353 1422 1406 1450 ea
1425 1422 1538 1465 quae
1557 1408 1680 1453 intus
1699 1412 1806 1454 sunt

347 1476 598 1533 hospitibus
618 1475 751 1519 hilari
771 1477 988 1521 modestia
1009 1480 1302 1534 apponantur,

465 1557 669 1614 quodque
699 1557 818 1601 domi
848 1571 938 1600 non
968 1560 1036 1601 est
1065 1560 1110 1600 et
1138 1557 1274 1601 habet
1303 1557 1487 1609 uicinus,
1517 1561 1702 1602 ematur.

348 1637 622 1682 Crediderim
642 1638 783 1681 satius
803 1653 895 1682 esse
916 1641 962 1682 et
987 1637 1227 1696 perfectius
1257 1641 1310 1682 ut
1336 1653 1382 1682 se
1411 1638 1552 1695 ipsam
1577 1639 1808 1696 paululum
1831 1661 1874 1684 ιο

348 1707 494 1750 uirtus
514 1707 659 1750 soluat
678 1707 960 1765 modesteque
981 1708 1194 1765 desipiat3
1223 1722 1327 1750 nam
1349 1710 1394 1751 et
1413 1708 1460 1750 in
1480 1708 1574 1751 loco
1600 1708 1809 1767 desipere,

347 1779 400 1819 ut
430 1776 496 1819 ait
526 1776 741 1828 ethnicus,
779 1777 1004 1820 interdum
1039 1777 1165 1821 dulce
1197 1781 1264 1821 est
1298 1781 1344 1821 et
1382 1781 1476 1820 tam
1516 1778 1677 1821 uirtuti
1708 1793 1810 1823 con-

345 1907 366 1934 2
394 1896 692 1934 Neocesariensis
709 1897 757 1933 S:
783 1895 1092 1935 Gneocesariensi
1110 1897 1149 1934 M
1290 1907 1331 1942 13
1356 1899 1574 1944 aponantur
1591 1896 1615 1934 S
1766 1900 1810 1937 16

345 1943 505 1981 karitati
522 1943 547 1980 S
710 1946 751 1981 18
777 1944 900 1991 hylari
919 1945 958 1981 M
1068 1947 1284 1992 aponantur
1301 1944 1326 1982 S
1485 1955 1525 1983 21
1554 1944 1765 1993 desiperere
1783 1946 1808 1984 S

393 2062 425 2101 5,
442 2055 466 2091 6
490 2054 611 2090 beatus
635 2055 850 2091 Benedictus
874 2055 971 2092 etc.:
1004 2066 1035 2091 v.
1060 2053 1095 2091 S.
1123 2053 1322 2091 Benedicti
1344 2054 1397 2091 Re
1429 2066 1487 2092 .c.
1509 2064 1551 2102 53
1722 2057 1743 2094 8
1768 2058 1810 2094 in

343 2102 435 2138 libro
450 2103 748 2138 consuetudinum
767 2103 1054 2138 Ce'stercievwium
1068 2114 1077 2139 :
1106 2102 1211 2139 Inter
1227 2101 1381 2138 Statuta
1430 2103 1483 2138 rd.
1495 2102 1650 2140 cisterc.
1667 2114 1704 2142 a.
1720 2114 1809 2152 ¹152

342 2148 446 2186 edita
465 2151 540 2196 (ap.
561 2149 732 2185 Holsten.
756 2150 839 2185 Cod.
859 2151 940 2196 Rea.
958 2151 1112 2186 Monast.
1128 2149 1167 2187 ii.
1186 2151 1270 2195 398)
1290 2149 1446 2196 legitur:
1473 2152 1674 2187 Statuimue
1689 2153 1809 2199 itaque

344 2202 384 2233 ut
401 2198 497 2233 nulli
513 2197 645 2233 Abbati
661 2198 712 2232 vel
724 2198 899 2233 Monac-ho
915 2199 967 2232 vel
986 2199 1157 2233 conver-³0
1174 2199 1316 2233 ordinis
1331 2200 1455 2241 nostri,
1473 2199 1526 2234 vel
1543 2200 1582 2234 in
1599 2199 1809 2245 Refictorio,

345 2246 399 2280 vel
427 2246 466 2280 in
494 2245 670 2290 Hospitio,
701 2246 752 2280 vel
780 2246 820 2279 in
849 2246 1028 2290 Granyia,
1054 2246 1105 2280 rel
1133 2246 1343 2291 ubicumque
1372 2258 1437 2282 nos
1461 2247 1561 2282 nobie
1585 2258 1681 2282 escas
1704 2248 1810 2284 mini-

342 2297 511 2336 stramus,
527 2293 687 2338 amplius
782 2304 816 2327 m
841 2294 914 2327 tria
933 2293 1183 2338 pulmentaria
1207 2294 1353 2337 demum
1377 2294 1439 2329 sed
1462 2305 1572 2340 neque
1597 2294 1810 2340 Hoepitibm

341 2340 430 2375 aliia
461 2341 533 2375 nisi
550 2342 652 2384 forte
675 2303 779 2375 agie:
796 2340 929 2385 aliquio
952 2341 1213 2386 Episcoporum
1242 2341 1293 2375 vel
1317 2341 1541 2387 Principum.
1592 2340 1808 2378 Districtiu·

343 2389 472 2423 tamen
506 2387 660 2423 statuta
691 2398 726 2423 a.
760 2389 895 2433 1256—7
926 2386 1030 2423 edita
1065 2387 1136 2430 (ed.
1168 2387 1324 2430 Fowler,
1360 2387 1475 2424 Lond.
1513 2389 1614 2435 1890,
1647 2400 1685 2435 p.
1718 2392 1804 2435 93):

344 2435 535 2480 Epiecopie
559 2435 609 2470 vel
634 2435 720 2470 aliis
740 2437 906 2479 personis
929 2446 1020 2481 quae
1044 2446 1115 2470 non
1140 2440 1224 2470 eunt
1241 2437 1284 2470 de
1300 2437 1426 2471 ordine
1443 2441 1564 2472 nostro
1590 2437 1684 2472 inter
1706 2440 1807 2483 septa

344 2481 518 2517 Abbatiae
544 2486 575 2517 ee
599 2483 638 2516 in
663 2482 826 2517 domibus
857 2483 1036 2527 contiquie
1068 2493 1194 2517 eamve
1227 2483 1437 2518 nullatenus
1469 2485 1722 2519 ministrentur
1749 2484 1809 2520 uel

342 2530 760 2612 cotziediaeegniugntzcr
779 2530 854 2610 ni'ei
874 2531 1040 2574 qrauiter
1057 2532 1301 2612 ι’ῃζίνηιῖηρανῑ
1448 2540 1489 2575 14
1515 2536 1547 2587 ct
1570 2532 1649 2577 ipsa
1667 2532 1809 2615 kim

342 2588 362 2612 e
404 2588 439 2612 ,ε
508 2604 515 2612 .
575 2587 770 2612 cneicus
822 2587 1015 2613 omnum
1051 2588 1134 2612 ci.:
1198 2589 1298 2612 emm
1487 2590 1581 2613 mre

338 2636 404 2707 a,
509 2624 691 2707 fflffi‘z‘z·
705 2625 903 2707 aasz„
950 2626 1561 2719 &¹⁴:21st
1591 2580 1807 2711 Q&

342 2717 508 2755 eiusdem
534 2717 635 2755 enim
662 2718 774 2755 verba
798 2730 894 2764 quae
914 2730 999 2754 mox
1017 2718 1112 2755 citat
1127 2719 1174 2755 ad
1200 2718 1502 2766 hospitalitatem
1520 2684 1598 2756 ng}
1615 2731 1632 2755 n
1661 2684 1803 2757 egunt}

346 2775 388 2811 ¹9
410 2767 570 2813 quodque
587 2767 682 2802 etm:
713 2765 878 2802 Iuv.S‹12.
898 2765 943 2802 vi.
968 2775 1042 2812 ¹5²·
1167 2776 1207 2804 21
1238 2769 1277 2802 in
1294 2768 1366 2804 loco
1384 2769 1477 2805 etc.:
1506 2766 1598 2805 Hor.
1672 2779 1738 2804 m.
1756 2766 1803 2805 iv.

345 2822 399 2850 ¹2.
418 2814 486 2855 28;
513 2825 543 2850 v.
561 2824 674 2859 supra
690 2813 737 2849 ad
757 2813 803 2849 vi.
826 2823 868 2859 19
886 2814 968 2861 (617
983 2820 1038 2859 n).

454 2885 518 2926 3¹⁶
