1988 3250
165 188 265 224 mr.
281 191 360 223 xm
367 177 426 239 11]
669 174 1109 221 POLIORATICVS
1648 175 1712 216 811
1727 185 1756 215 c.

165 313 296 356 quem
311 296 545 342 scismatici
558 296 808 353 reprobant,
821 294 898 352 qui
913 294 1022 337 fecit
1034 296 1223 351 utraque
1237 309 1389 345 unum,
1402 297 1448 339 et
1462 298 1632 339 uestem

164 380 290 411 suam
324 367 372 409 in
406 368 570 409 sortem
604 364 803 407 fidelium
841 363 1062 420 integram
1101 363 1254 406 cedere
1297 364 1458 407 maluit
1498 379 1633 421 quam

163 435 312 479 secari.
371 434 492 485 Oret,
512 433 706 490 inquam,
725 447 781 475 ne
797 431 974 475 deficiat
994 431 1103 474 fides
1123 434 1169 474 et
1188 435 1401 488 expetens
1421 433 1468 474 in
1488 433 1633 476 cribro

163 503 386 548 Sathanas
409 518 498 546 non
517 502 756 560 disperdat,
777 500 1002 544 conculcet
1013 503 1059 543 et
1074 501 1288 543 triticum.
1339 501 1449 544 Oret
1469 516 1632 558 pacem,

132 577 348 631 5quaerat
366 587 530 631 pacem,
551 574 597 615 et
616 575 908 629 persequatur
920 570 1055 613 etiam
1072 569 1332 627 fugientem.
1379 570 1634 614 Meminerit

161 643 256 686 eius
277 642 365 699 qui,
380 657 480 686 cum
500 644 648 699 posset
667 640 908 698 producere
927 639 1028 696 plus
1046 653 1178 696 quam
1195 638 1424 682 duodecim
1440 639 1633 695 legiones

162 711 432 769 angelorum,
452 711 677 754 exaltatus
704 710 751 752 in
770 724 898 753 cruce
918 708 1067 751 omnia
1086 708 1332 765 adquisiuit
1349 722 1358 760 ;
1388 708 1485 764 ipsa
1515 708 1632 750 enim

160 781 407 825 exinanitio
427 781 536 824 adeo
555 780 720 823 meruit
738 778 928 823 exaltari
949 780 1002 821 ut
1020 778 1078 821 ad
1104 778 1292 836 gloriam
1313 778 1408 821 eius
1427 778 1634 820 flectatur

160 864 290 894 omne
331 865 461 908 genu.
520 849 800 894 Scismaticos
839 851 1046 892 nocentes
1072 847 1296 905 accipiunt
1336 847 1412 890 sed
1452 862 1631 890 consen·
1650 850 1679 890 d

103 935 146 960 10
162 920 324 964 tientes
343 921 483 963 iustos
502 922 709 963 nocentes
722 918 895 962 faciunt
906 918 1021 961 bella
1033 917 1333 960 sacerdotalia.
1393 917 1634 970 Quiescant

162 1004 268 1047 ergo
286 993 456 1033 stantes
475 1004 503 1032 a
522 989 651 1046 longe
670 1003 770 1032 cum
787 988 917 1031 Petro
937 990 990 1030 ut
1010 986 1194 1030 uideant
1214 987 1359 1030 finem.
1419 986 1634 1031 Recolant

138 1064 141 1065 ⁷
159 1058 271 1105 illud
291 1059 541 1103 ethnicum:

623 1125 672 1169 Si
693 1124 881 1168 celicolis
903 1123 1030 1167 furor
1048 1138 1174 1166 arma
1193 1123 1401 1174 dedisset,

277 1185 358 1227 aut
377 1183 415 1227 si
435 1183 683 1241 terrigenae
703 1186 975 1240 temptarent
995 1186 1117 1225 astra
1136 1181 1181 1239 gi
1242 1185 1353 1248 ntes,

102 1261 143 1297 ¹⁵
275 1241 899 1357 33125332‘233323531335‘2‘2
919 1241 1116 1283 humana.
1135 1255 1190 1283 ¹¹³
1227 1255 1363 1283 “mm

162 1377 258 1422 Hoc
278 1377 455 1435 quidem
475 1378 655 1421 uidetur
673 1393 766 1422 esse
785 1378 1087 1422 seruandum
1075 1393 1122 1420 ιιι
1143 1377 1224 1430 his,
1244 1377 1322 1420 ubi

563 1458 663 1516 quis
681 1459 843 1502 iustius
863 1459 1011 1502 induit
1030 1473 1155 1502 arma

274 1516 384 1560 scire
404 1515 542 1560 nefas.

103 1614 146 1639 ιο
161 1595 280 1640 Nam
309 1597 348 1641 si
376 1597 595 1642 hereticus
624 1598 954 1642 scismaticusue
987 1597 1253 1642 catholicum
1283 1598 1530 1655 impugnat,
1561 1611 1631 1640 as-

159 1667 315 1711 sistere
343 1668 525 1711 ueritati
558 1667 681 1725 pium
707 1670 775 1711 est
804 1671 850 1711 et
882 1668 1081 1710 Romano
1112 1667 1311 1725 pontifici
1346 1667 1631 1710 deuotissime

159 1735 380 1781 famulari.
440 1737 537 1780 Hoc
558 1737 735 1794 quidem
755 1752 855 1781 cum
877 1738 1139 1790 innotuerit3
1169 1752 1272 1780 nam
1293 1737 1567 1780 scismaticus
1584 1751 1630 1779 se

156 1806 422 1850 catholicum
442 1822 535 1851 esse
550 1822 679 1864 saepe
699 1807 925 1850 mentitur.
986 1807 1097 1860 Quis
1110 1807 1225 1849 enim
1239 1810 1491 1864 praesumet
1511 1821 1629 1849 sum·
1648 1808 1720 1847 812
1739 1818 1769 1846 a

157 1888 280 1919 mum
300 1875 494 1920 iudicare
521 1877 785 1934 pontificem,
804 1877 930 1920 cuius
949 1891 1082 1920 causa
1102 1877 1186 1919 Dei
1213 1876 1349 1920 solius
1375 1879 1631 1919 reseruatur

102 1960 142 1995 ²5
160 1945 353 1989 examini
368 1947 386 1991 ’δ
446 1946 610 2003 Vtique
630 1946 830 2004 quisquis
846 1947 929 1989 hoc
948 1946 1300 2003 attemptauerit,
1315 1946 1516 1989 laborare
1532 1945 1629 2002 qui-

160 2015 260 2059 dem
275 2015 351 2058 sed
366 2015 572 2073 proficere
585 2030 864 2073 nequaquam
877 2019 1037 2073 potest.
1082 2015 1176 2059 Nec
1189 2015 1246 2058 ad
1259 2030 1454 2073 unguem
1467 2029 1628 2058 nomen

163 2129 193 2163 1,
213 2129 234 2156 2
259 2130 366 2155 suam
382 2121 526 2156 uestem
542 2119 632 2156 (ΡΑι
773 2120 797 2157 6
821 2118 875 2156 xii
891 2119 980 2157 GBS

210 2222 225 2249 1
253 2223 357 2259 quem
380 2214 572 2249 scismatici
597 2214 807 2267 reprobant
822 2214 915 2250 etc.:
952 2224 984 2249 v.
1012 2212 1068 2248 Ps.
1097 2211 1206 2249 cxvii.
1239 2222 1295 2255 22,
1324 2211 1436 2247 Matt.
1465 2210 1540 2246 xxi.
1568 2221 1628 2256 42.

207 2261 321 2305 ifecit
336 2264 486 2306 utraque
503 2270 638 2297 unum:
664 2258 763 2306 Eph.
781 2259 821 2296 ii.
844 2271 896 2305 ¹4·
1068 2270 1098 2304 1,
1117 2270 1138 2296 2
1156 2265 1188 2296 et
1203 2265 1335 2296 uestem
1350 2271 1455 2294 suam
1473 2261 1567 2295 etc.:
1593 2271 1627 2294 v.

181 2318 293 2343 o.ann
304 2307 379 2343 xix
391 2317 446 2352 23.
457 2317 514 2352 24.
612 2318 633 2353 3
649 2320 694 2344 ne
703 2309 846 2353 deficiat
858 2310 952 2344 etc.:
971 2319 1001 2343 v.
1014 2307 1101 2344 Luc.
1113 2307 1203 2343 xxii.
1220 2318 1276 2352 31,
1288 2317 1345 2353 32.
1443 2315 1460 2352 5
1479 2312 1629 2360 quaerut

161 2356 258 2391 etc.:
288 2365 321 2390 v.
343 2364 357 2390 1
378 2353 479 2392 Petr.
495 2353 550 2391 iii.
570 2364 624 2392 11.
765 2356 789 2392 6
815 2357 893 2391 eius
908 2357 981 2401 qui,
998 2367 1079 2391 cum
1121 2360 1209 2390 osset
1227 2356 1297 2408 etc:
1313 2367 1322 2390 :
1348 2366 1381 2390 v.
1402 2353 1512 2389 Matt.
1530 2352 1629 2390 xxvi.

163 2410 228 2448 533
254 2401 385 2438 Ioann.
403 2401 468 2437 xii.
511 2412 544 2438 2.
668 2410 688 2446 7
712 2403 795 2448 ipsa
811 2404 908 2438 enim
925 2405 1020 2439 etc.:
1047 2415 1080 2438 v.
1091 2366 1264 2448 {hilipp
1282 2400 1322 2437 ii.
1341 2411 1386 2446 7-
1393 2412 1448 2438 10.
1585 2411 1623 2437 ιι

160 2453 296 2484 stantes
311 2450 408 2485 etc-z
435 2461 466 2485 v.
526 2450 595 2486 att.
611 2448 712 2485 xxvi.
730 2451 784 2496 58.
975 2459 1016 2494 13
1041 2452 1084 2486 Si
1098 2451 1250 2486 celicolis
1266 2451 1360 2486 etc.:
1387 2448 1477 2485 Luc.
1496 2449 1628 2485 Phars.

160 2495 216 2532 iii.
233 2504 325 2542 315-
328 2497 408 2541 318.
542 2498 584 2532 18
608 2498 950 2543 maismacensem:
977 2496 1064 2533 Luc.
1083 2498 1212 2532 Phara
1231 2496 1256 2532 i.
1280 2498 1355 2538 126,
1377 2506 1454 2550 127.
1580 2506 1627 2531 22

159 2544 237 2580 Hoc
253 2545 396 2590 quidem
412 2545 509 2580 etc.:
534 2542 636 2580 Haec
652 2543 764 2581 verba
778 2556 896 2590 usque
915 2543 962 2580 ad
975 2546 1139 2580 examini
1151 2543 1269 2580 minio
1283 2543 1430 2580 notavit
1443 2542 1628 2579 parkerus

160 2589 203 2627 in
219 2590 299 2627 cod.
319 2589 357 2626 C.
502 2600 547 2636 23
574 2592 661 2635 Quis
676 2592 771 2627 em’m
788 2593 884 2628 etc.:
910 2603 942 2627 v.
961 2590 1106 2628 Ennod.
1124 2592 1232 2627 Liber
1245 2593 1381 2644 apoloy.
1396 2603 1467 2637 pro
1485 2591 1627 2635 Synodo

162 2637 364 2684 (MigneP.
378 2639 421 2674 L.
437 2636 532 2674 lxiii.
551 2648 644 2679 2οο;
667 2637 792 2674 Mansi
813 2639 916 2675 Cone.
935 2651 1013 2675 nov.
1029 2640 1106 2675 coll.
1122 2638 1201 2674 viii.
1217 2639 1301 2692 273)
1319 2637 1383 2674 cit.
1400 2640 1443 2674 ut
1460 2649 1507 2674 ex
1525 2636 1627 2682 Sym-

161 2685 295 2721 macho
311 2696 414 2731 papa
429 2696 490 2731 ap.
509 2684 611 2721 Ivon.
627 2684 777 2722 Carnot.
794 2687 931 2722 Decret.
947 2698 981 2721 v.
1005 2696 1058 2740 ιο,
1076 2687 1247 2722 Panorm.
1263 2685 1310 2721 iv.
1329 2686 1350 2721 8
1369 2685 1467 2731 (Mig
1468 2686 1570 2721 neP.
1583 2686 1629 2720 L.

163 2731 253 2770 clxi.
272 2734 351 2778 326,
375 2733 479 2778 ¹184)
502 2734 542 2769 et
567 2743 627 2778 ap.
653 2731 758 2768 Grat.
778 2733 916 2769 Decree.
940 2733 990 2769 11.
1012 2732 1062 2768 ix.
1089 2743 1108 2778 3
1131 2743 1237 2777 c.14
1264 2732 1336 2778 (ed.
1362 2697 1578 2777 Friedberg.
1599 2730 1625 2766 i.

160 2791 198 2825 p.
222 2781 309 2825 610)
335 2781 505 2816 Aliorum
529 2780 717 2815 hominum
740 2791 868 2815 causas
895 2781 995 2815 Deus
1014 2781 1132 2816 uoluit
1154 2781 1350 2815 ter-minare
1365 2791 1437 2825 per
1456 2780 1627 2822 homines,

159 2829 256 2866 sedis
272 2829 378 2864 istius
388 2828 592 2874 praesulem
606 2838 672 2863 suo
686 2828 763 2862 sine
777 2828 955 2874 questione
971 2829 1173 2863 reseruauit
1188 2828 1352 2863 arbitrio.

1452 2900 1519 2934 40⁵
