1988 3250
149 202 249 236 oar.
266 189 368 252 xm]
669 192 1112 240 POLICRATICVS
1632 197 1701 238 611
1718 196 1749 237 d

145 312 381 363 siluestria,
401 312 507 370 quia
535 312 590 356 de
615 313 796 370 propria
824 314 995 357 uirtute
1019 314 1194 366 diffidit,
1213 329 1343 359 nemo
1363 320 1615 360 nostrorum

145 381 438 439 persequitur.
499 381 681 424 Vtinam
712 383 967 427 memoriter
992 384 1242 426 tenuissent
1261 384 1379 441 quod
1400 385 1454 428 de
1475 385 1615 430 Cisal-

144 451 262 508 pinis
298 451 498 494 Romana
536 454 692 494 narrat
738 451 936 502 historia,
975 452 1102 495 cuius
1147 453 1286 496 uerba
1331 457 1439 497 sunt
1481 454 1615 498 haec:

144 518 472 576 Cisalpinorum
507 520 662 564 ineolis
696 521 835 567 animi
871 520 1081 572 ferarum,
1115 535 1300 578 corpora
1338 522 1440 579 plus
1479 538 1614 580 quam
1632 530 1707 569 612
1727 539 1758 568 a

107 604 127 640 5
143 587 340 631 humana
378 590 529 642 erant3
579 589 656 632 sed
696 589 1000 647 experimento
1040 590 1363 647 deprehensum
1403 594 1471 634 est
1510 593 1616 648 quia

142 657 289 701 uirtus
309 671 461 701 eorum
481 658 597 702 sicut
616 658 760 716 primo
787 659 959 719 impetu
986 659 1127 702 maior
1147 662 1214 702 est
1243 674 1378 716 quam
1404 660 1616 713 uirorum,

142 727 209 771 ita
245 741 432 784 sequens
471 728 618 771 minor
656 743 790 786 quam
830 728 1099 775 feminarum
1139 732 1220 773 est.
1293 729 1460 787 Alpina
1497 731 1615 773 enim

141 810 325 854 corpora
343 798 555 841 humente
575 797 667 842 celo
687 798 874 844 educata
894 798 1061 842 habent
1080 798 1250 855 aliquid
1270 799 1414 842 simile
1434 800 1615 843 niuibus

142 865 260 917 suis;
290 881 391 910 cum
420 881 525 909 mox
552 867 819 911 incaluerint
845 882 1007 927 pugna,
1028 868 1182 910 statim
1211 868 1257 910 in
1278 868 1484 911 sudorem
1506 873 1615 912 eunt

83 951 128 979 ιο
142 937 189 979 et
208 935 296 979 leui
317 939 442 980 motu
463 937 588 994 quasi
609 937 699 980 sole
727 937 949 982 laxantur.
1009 937 1131 980 Alibi
1152 952 1326 994 quoque
1347 938 1613 996 Alpinarum
1672 976 1676 980 .

140 1005 341 1063 gentium
378 1004 534 1048 feritas
574 1005 704 1050 facile
743 1006 815 1049 uel
855 1021 934 1065 per
965 1006 1172 1049 mulieres
1203 1007 1465 1058 ostenditur,
1501 1022 1614 1064 quae

140 1074 446 1119 deficientibus
461 1075 562 1119 telis
582 1076 779 1119 infantes
798 1091 901 1121 suos
913 1076 1098 1120 afflictos
1115 1076 1239 1119 humi
1261 1077 1308 1119 in
1328 1092 1406 1120 ora
1419 1077 1613 1120 militum

140 1144 328 1189 aduersa
347 1145 577 1209 miserunt.
635 1146 685 1189 Si
710 1149 857 1189 essent
883 1146 1015 1207 plane
1042 1146 1118 1203 qui
1147 1146 1463 1204 impugnarent
1483 1145 1613 1190 Niui-

141 1214 322 1259 collinos
375 1218 560 1265 nostros,
613 1215 903 1272 proculdubio
953 1215 1263 1266 uincerentur;
1312 1216 1400 1266 sed,
1444 1220 1498 1259 ut
1547 1216 1614 1259 ait

3 1291 35 1321 ’Ἣ
83 1300 125 1337 {s
142 1283 389 1335 Amentius‚
428 1299 518 1327 non
553 1287 621 1328 est
650 1285 727 1342 qui
757 1284 895 1331 faciat
930 1284 1146 1336 facienda,
1179 1301 1292 1344 quae
1327 1285 1421 1329 fere
1461 1286 1611 1343 perfici

140 1352 344 1397 ultronea
363 1351 547 1397 fortuna
565 1353 801 1411 compellit.
861 1353 1094 1400 Armatam
1125 1355 1401 1412 prouinciam
1430 1354 1612 1398 inermis

138 1421 415 1480 imbellisque
438 1422 665 1466 barbaries
694 1424 956 1480 aggreditur
985 1423 1282 1481 depopulatur
1311 1428 1357 1467 et
1387 1428 1549 1475 uastat,
1566 1428 1611 1468 et
1628 1430 1656 1469 b

139 1491 216 1550 qui
231 1491 350 1534 domi
366 1506 472 1534 suae
492 1492 643 1540 esurit.
651 1492 793 1536 milite
813 1497 965 1539 nostro
980 1492 1236 1542 cedente,de
1251 1496 1404 1537 nostro
1419 1495 1613 1537 satiatur

139 1563 186 1605 et
214 1561 262 1604 in
291 1563 444 1604 nostro
473 1559 584 1604 facit
612 1561 818 1605 luxuriae
848 1562 965 1608 diem
998 1561 1174 1606 festum.
1236 1562 1467 1620 Numquid
1492 1563 1611 1606 enim

81 1646 125 1673 ιο
140 1645 229 1675 non
267 1623 385 1674 cedit
423 1630 550 1674 miles
588 1630 666 1688 qui
705 1646 795 1674 non
835 1632 1011 1693 repellit
1060 1633 1232 1675 hostem
1281 1632 1525 1676 irruentem
1566 1637 1612 1677 et

138 1699 474 1744 imminentem?
515 1699 564 1743 Si
585 1714 692 1742 uero
711 1714 791 1744 nec
811 1715 936 1747 amor
955 1701 1127 1758 patriae
1147 1716 1227 1744 nec
1247 1715 1396 1744 rerum
1417 1702 1612 1760 dampna

137 1783 218 1813 nec
251 1768 409 1812 salutis
442 1768 716 1812 imminentis
755 1769 813 1812 ab
847 1769 974 1817 hoste
1003 1770 1297 1827 dispendium,
1323 1771 1396 1813 uel
1427 1771 1611 1828 pudoris

137 1838 345 1882 stimulus
374 1838 591 1882 uirtutem
621 1838 808 1882 militiae
844 1842 1022 1884 nostrae
1057 1839 1252 1883 excitare
1282 1839 1508 1892 debuerat,
1538 1842 1609 1884 cui

138 1906 228 1950 iam
254 1907 436 1951 inermis
466 1911 512 1951 et
538 1907 731 1952 insolens
758 1907 978 1954 Walensis
1004 1908 1205 1953 insultat.
1265 1909 1611 1954 Prouerbialiter

81 1989 124 2026 ²5
139 1976 226 2021 dici
264 1977 377 2020 solet
415 1977 520 2035 quia
560 1977 722 2020 misera
761 1981 882 2023 terra
921 1981 990 2022 est
1024 1993 1158 2036 quam
1194 1993 1329 2036 agaso
1363 1979 1435 2022 uel
1471 1981 1610 2024 mulio

84 2055 85 2058 ’
138 2045 444 2104 depopulatur.
479 2046 608 2101 Quod
623 2046 661 2090 si
675 2046 799 2090 nulla
811 2047 1121 2092 exhortatione
1133 2046 1255 2090 uirili
1268 2048 1409 2091 nostri
1422 2054 1610 2106 possunt

137 2172 160 2209 3
182 2161 353 2209 hystoria
369 2162 408 2198 Μ
556 2163 599 2200 16
624 2161 782 2209 eopellit
799 2160 823 2201 S

183 2282 208 2318 4
235 2273 504 2319 Cisalpinorum
529 2274 600 2310 etc.
615 2284 624 2308 ι
650 2272 747 2309 Flor.
769 2271 793 2309 i.
821 2282 867 2309 20
884 2271 945 2316 (iv.
972 2283 994 2317 4
1020 2271 1062 2319 ἐξ
1094 2282 1123 2318 1,
1150 2273 1188 2319 2)
1203 2286 1211 2315 ;
1240 2274 1513 2320 Cisalpinorum
1539 2288 1608 2322 pro

140 2320 259 2356 Gauio
283 2321 498 2357 Insubribus
522 2325 555 2356 et
579 2321 636 2356 his
660 2321 788 2357 accolis
811 2321 965 2366 Alpium
990 2321 1102 2366 (quae
1126 2323 1218 2357 sunt
1243 2322 1356 2359 verba
1381 2322 1498 2369 Flori)
1526 2325 1607 2360 sub-

136 2366 265 2405 stituit
282 2367 448 2404 Ioannes.
548 2378 592 2404 10
615 2369 843 2413 Alpinarum
859 2370 953 2404 etc.:
979 2367 1078 2404 Flor.
1098 2367 1139 2404 ii.
1162 2379 1207 2405 22
1226 2368 1288 2413 (iv.
1310 2380 1352 2406 12
1372 2369 1389 2416 §
1408 2379 1458 2415 4».
1563 2381 1604 2417 15

137 2416 344 2452 Amantius:
366 2414 456 2459 Quis
467 2414 584 2452 fuerit
595 2414 807 2458 Amentius,
821 2415 974 2451 omnino
989 2415 1126 2452 nescio.
1169 2415 1254 2453 Non
1264 2417 1438 2460 absurde,
1451 2421 1605 2456 auctore

136 2461 216 2501 v.d.
227 2461 270 2500 R.
284 2462 324 2498 L.
339 2461 464 2507 Poole,
482 2461 604 2500 conici
621 2465 748 2509 potest
763 2463 982 2500 Amarcium
1001 2463 1151 2500 Gallum
1171 2463 1446 2506 mosim-atum,
1463 2466 1606 2502 saeculi

137 2511 221 2564 post
230 2508 315 2546 chr.
327 2509 377 2546 xi.
390 2512 555 2557 poetam,
570 2522 658 2547 eum
675 2522 755 2548 esse
772 2511 820 2547 ad
833 2522 946 2556 quem
961 2510 1142 2565 respiciat
1160 2511 1320 2549 Ioannes
1337 2515 1474 2550 noster.
1508 2514 1606 2550 Sane

137 2567 179 2593 m
193 2556 304 2594 istius
319 2558 559 2602 Semonibus,
572 2557 722 2604 Lipsiae
739 2570 763 2594 a
780 2558 880 2595 Max.
895 2558 1057 2595 Manitio
1075 2570 1107 2595 a.
1123 2560 1211 2595 1888
1223 2559 1349 2604 editis,
1362 2560 1459 2596 nihil
1478 2561 1605 2597 huius·

137 2603 240 2641 modi
254 2604 445 2648 invenies:
468 2607 598 2641 tamen
621 2617 667 2642 ex
686 2605 853 2643 eiusdem
870 2608 1024 2652 pulchro
1045 2608 1241 2642 doctrinali
1262 2619 1369 2653 nouo,
1393 2609 1493 2654 quod
1518 2620 1603 2645 eum

133 2662 204 2697 pro
216 2653 342 2706 pueris
351 2653 543 2688 dic-lauisse
556 2652 673 2690 refert
683 2652 852 2691 chronici
866 2654 1063 2690 cuiusdam
1074 2652 1236 2700 scriptor
1251 2658 1300 2699 (v.
1316 2655 1469 2692 Manitii
1483 2658 1603 2702 praef.

138 2708 176 2744 p.
193 2697 284 2746 viii),
302 2699 500 2746 desumpta
520 2711 599 2737 esse
616 2702 775 2746 possunt
791 2712 889 2746 quae
907 2701 969 2738 hic
987 2701 1170 2738 citantur.
1282 2714 1356 2738 non
1373 2708 1423 2739 est
1438 2716 1445 2740 :
1473 2704 1521 2740 cf.
1541 2704 1601 2739 ΡΒ.

137 2744 217 2783 xiii.
237 2756 272 2789 2,
286 2745 341 2783 lii.
360 2757 381 2783 2
398 2759 471 2783 non
487 2752 536 2783 est
551 2749 614 2801 qui
628 2749 751 2794 saciat
769 2750 925 2791 bonum3
948 2760 1044 2795 quae
1060 2749 1173 2786 verba
1189 2748 1231 2784 in
1249 2760 1374 2786 versus
1390 2750 1604 2787 hexametri

138 2791 298 2829 formam
321 2793 506 2840 redegisse
531 2795 680 2832 videtur
695 2795 911 2832 Amentius.
1053 2805 1097 2843 25
1124 2799 1256 2833 misera
1281 2802 1379 2834 term
1397 2801 1492 2836 etc.:
1521 2799 1603 2836 Hoc

135 2840 375 2887 proverbium
390 2851 467 2878 non
481 2841 574 2879 alibi
591 2841 753 2889 repperi.

1450 2910 1491 2943 43
