1988 3250
266 221 330 260 711
350 211 380 250 b
707 207 967 253 IOANNIS
1007 207 1521 253 SARESBERIENSIS
1640 207 1860 269 [L13..VI=11

399 329 499 372 ideo
548 328 797 373 Gnatonem
845 329 1098 372 introduxit
1146 343 1324 372 seruum
1372 328 1528 372 militis
1581 329 1759 387 gloriosi
1809 332 1862 372 ut

399 398 626 455 eleganter
667 399 872 442 innueret
911 398 1118 455 quoniam
1160 401 1204 440 et
1243 398 1290 440 in
1330 398 1427 440 uita
1465 399 1692 442 hominum
1732 403 1778 442 et
1813 399 1861 441 in

400 468 640 511 assertione
670 483 842 511 morum
874 469 1026 511 subest
1058 468 1305 510 Gnatonica
1337 467 1645 511 Trasonianae.
1705 469 1862 512 Altera

388 541 550 580 tamen
584 538 747 595 pendet
776 553 832 581 ex
863 538 1005 580 altera
1039 537 1149 580 adeo
1179 536 1357 593 quidem
1387 540 1440 580 ut
1469 537 1658 581 inuicem
1688 539 1782 581 sine
1814 553 1860 581 se

400 621 492 649 esse
522 621 612 650 non
641 607 821 664 possint.
881 606 999 649 Nam
1030 609 1075 649 et
1105 606 1322 648 Gnatonis
1351 621 1484 663 opera
1513 607 1686 650 inutilis
1716 610 1794 658 est,
1821 608 1860 650 si
1878 623 1897 656 5

400 691 490 718 non
516 676 576 719 sit
604 677 730 719 miles
759 676 998 733 gloriosus;
1028 678 1073 718 et
1103 675 1219 718 forte
1249 676 1456 719 Trasonis
1481 677 1736 733 arrogantia
1759 691 1861 720 con-

401 746 605 801 quiescet,
636 746 673 788 si
702 761 792 788 non
824 760 920 789 eam
951 745 1127 787 fallacia
1157 744 1375 787 Gnatonis
1405 746 1635 802 exceperit.
1694 745 1862 790 Comici

401 815 518 858 forte
537 815 812 872 contempnis
836 815 1108 864 Eunuchum,
1133 814 1210 857 sed
1237 814 1283 856 in
1305 814 1519 858 Eunucho
1546 815 1638 858 fere
1664 815 1862 858 omnium

400 885 541 927 uitam
577 885 805 942 expressit.
866 884 923 927 Et
955 899 1006 927 eo
1041 883 1219 940 quidem
1254 883 1500 941 elegantius
1531 899 1682 928 omnes
1713 885 1863 942 arguit

400 969 487 1011 quo
525 955 699 998 cautius
738 954 896 997 fictitio
936 955 1198 1010 argumento
1236 953 1331 996 sine
1374 953 1536 996 lesione
1576 969 1862 1011 personarum
1883 973 1921 998 ιο

400 1023 514 1066 uitia
546 1023 802 1066 denudauit.
862 1023 911 1066 Si
950 1022 1209 1065 nobiliorem
1249 1023 1424 1079 quaeris
1463 1026 1697 1074 auctorem,
1731 1023 1862 1066 multi

359 1107 384 1136 e
401 1093 644 1150 procedunt
678 1092 944 1136 cenodoxiae
976 1106 1256 1148 repressores.
1315 1092 1396 1135 Est
1426 1095 1575 1135 autem
1609 1093 1862 1144 cenodoxia,

400 1165 452 1205 ut
486 1162 688 1219 patribus
722 1162 900 1218 placuit,
932 1161 1074 1218 gloria
1107 1161 1254 1203 inanis
1289 1176 1401 1218 quae
1433 1164 1626 1205 mentem
1658 1162 1786 1205 infiat
1817 1165 1863 1206 et

399 1246 529 1274 aures
567 1235 613 1274 et
658 1231 794 1274 nichil
839 1230 961 1273 aliud
1005 1230 1289 1273 emolumenti
1329 1230 1383 1273 de
1423 1231 1647 1274 soliditate
1678 1231 1863 1274 uirtutis

399 1301 660 1344 mortalibus
689 1301 828 1343 affert.
889 1300 1002 1344 Cum
1030 1303 1180 1342 autem
1210 1301 1417 1357 superbia
1445 1301 1505 1344 sit
1526 1302 1666 1344 totius
1694 1301 1862 1358 peccati
1885 1316 1922 1350 15

400 1370 592 1425 initium,
614 1370 726 1413 hanc
755 1370 808 1413 de
838 1385 884 1413 se
911 1370 1099 1427 primam
1125 1370 1317 1414 sobolem
1336 1370 1494 1428 gignit.
1552 1371 1624 1414 Ab
1643 1371 1725 1414 hac
1745 1371 1864 1414 enim

400 1439 625 1483 uirulenta
644 1439 789 1483 radice
805 1440 1034 1496 superbiae
1054 1443 1222 1496 septem
1242 1439 1503 1497 principalia
1522 1439 1636 1483 uitia
1659 1440 1866 1483 oriuntur

401 1524 513 1566 quae
543 1509 721 1566 quidem
751 1509 1013 1566 principalia
1038 1509 1249 1552 dicuntur
1275 1512 1475 1566 respectu
1503 1509 1725 1552 minorum
1752 1524 1864 1566 quae

401 1594 458 1622 ex
511 1578 582 1622 his
635 1578 760 1622 uelut
811 1578 949 1635 ydrae
999 1579 1218 1636 capitibus
1270 1579 1577 1635 multipliciter
1629 1579 1863 1636 pullulant.

402 1648 600 1701 Quorum
629 1651 682 1690 ut
709 1648 888 1690 nomina
918 1651 964 1691 et
993 1649 1162 1706 figurae
1191 1648 1365 1691 fidelius
1394 1650 1642 1699 teneantur,
1672 1648 1864 1705 qualiter
1884 1665 1926 1690 ao

401 1718 515 1761 hanc
544 1717 801 1774 pestiferam
830 1718 1031 1760 arborem
1061 1718 1341 1761 beatissimus
1371 1732 1486 1775 papa
1521 1717 1760 1776 Gregorius
1789 1718 1863 1762 de·

402 1787 549 1845 pingit
579 1788 627 1830 in
663 1787 917 1838 Morahbus,
946 1788 983 1830 si
1014 1791 1157 1838 uacat,
1186 1787 1412 1844 paulisper
1443 1787 1634 1831 attende.
1695 1787 1865 1832 Primos

355 1864 384 1904 d
402 1871 508 1914 ergo
527 1870 671 1899 ramos
692 1856 824 1899 huius
843 1857 1022 1914 plantae
1042 1857 1103 1900 sic
1123 1856 1362 1914 distinguit
1381 1859 1433 1900 ut
1452 1857 1512 1900 sit
1531 1857 1700 1914 primus
1720 1857 1866 1901 inanis

402 1926 554 1983 gloria,
604 1925 820 1969 secundus
869 1926 1050 1976 inuidia,
1098 1926 1259 1969 tertius
1307 1926 1385 1976 ira,
1434 1928 1620 1984 quartus
1668 1926 1865 1979 tristitia,

403 1995 596 2038 auaritia
626 1994 820 2052 quintus,
854 1998 1007 2038 sextus
1042 1996 1211 2038 uentris
1246 1995 1478 2053 ingluuies,
1513 1996 1692 2039 luxuria
1730 1997 1863 2054 septi·
1884 2011 1924 2046 ²⁵

403 2079 512 2108 mus.
571 2064 703 2108 Unde
733 2067 778 2107 et
804 2064 1024 2115 Saluator,
1045 2065 1150 2121 quia
1178 2079 1256 2107 nos
1287 2065 1356 2107 his
1381 2065 1611 2122 superbiae
1641 2066 1766 2109 uitiis
1793 2080 1864 2110 ca-

401 2134 549 2192 ptiuos
568 2134 724 2185 doluit,
736 2134 793 2177 ad
812 2134 1043 2191 spirituale
1064 2134 1339 2178 liberationis
1359 2135 1574 2192 praelium
1595 2135 1866 2193 septiformis

400 2204 571 2261 gratiae
593 2203 764 2261 Spiritu
785 2203 940 2261 plenus
971 2204 1106 2247 uenit.
1166 2204 1279 2248 Cum
1306 2219 1411 2247 uero
1435 2205 1649 2248 uitiorum
1671 2205 1866 2263 quinque

402 2273 653 2331 spiritualia
693 2273 797 2327 sint,
824 2272 913 2316 duo
946 2273 1152 2324 carnalia,
1184 2273 1527 2331 unumquodque
1557 2289 1708 2317 eorum
1738 2277 1867 2319 tanta

402 2342 487 2386 sibi
517 2342 777 2400 cognatione
809 2342 1011 2400 iungitur
1040 2346 1092 2386 ut
1127 2358 1214 2386 non
1245 2342 1331 2386 nisi
1366 2343 1421 2386 de
1450 2343 1591 2386 altero
1619 2347 1866 2401 generetur.
1885 2364 1928 2398 30

401 2464 424 2501 8
449 2474 637 2500 eunucum
664 2461 690 2499 S
793 2473 935 2499 eunuco
964 2460 989 2499 S
1113 2471 1153 2498 12
1179 2461 1437 2499 chenodoxiae
1467 2461 1529 2499 M:
1565 2462 1801 2501 chenodoxia
1826 2464 1867 2501 M

406 2521 448 2557 13
473 2509 599 2546 inani·
644 2508 740 2547 lox-ia.
756 2509 796 2546 M
931 2519 973 2555 19
996 2508 1110 2546 uelud
1128 2508 1216 2545 GBS
1313 2508 1393 2546 idre
1412 2509 1500 2546 GBS
1633 2521 1678 2556 24
1704 2510 1868 2549 tristicia

400 2560 556 2604 quartus
572 2557 603 2593 A
774 2565 816 2604 25
843 2556 998 2604 quintus
1015 2556 1179 2594 auaritia
1197 2556 1234 2592 Μ
1379 2559 1423 2594 26
1448 2556 1522 2593 hiis
1539 2557 1563 2594 S
1706 2560 1750 2596 28
1774 2571 1796 2595 v
1811 2559 1866 2596 OS

454 2677 496 2704 η
520 2668 755 2704 cenodoxiae:
781 2666 836 2704 De
853 2678 870 2703 ι
898 2665 988 2703 iritu
1007 2665 1244 2706 cenodoxiae.
1261 2678 1368 2712 quam
1387 2678 1452 2702 nos
1468 2678 1605 2703 uanam
1625 2668 1701 2703 ciue
1720 2670 1868 2705 inanem

398 2715 555 2761 flor-iam
571 2727 760 2760 pontumue
779 2726 871 2761 appe
886 2715 971 2756 lare.
993 2715 1135 2750 tractat
1153 2712 1350 2749 cassianus
1367 2713 1406 2749 in
1426 2713 1520 2750 libro
1545 2716 1587 2750 de
1614 2714 1868 2753 coenobiorum

403 2763 586 2798 Institutio
611 2761 813 2799 undecimo
844 2760 989 2808 (Migne
1018 2761 1060 2797 P.
1090 2762 1130 2796 L.
1164 2759 1256 2796 xlix.
1290 2770 1356 2806 397
1368 2763 1502 2807 seqq).
1649 2763 1691 2799 16
1715 2763 1772 2798 Ab
1799 2764 1867 2801 hac

402 2809 674 2894 {beluasque-ag
688 2811 866 2846 excitatur
889 2809 975 2857 (712
989 2809 1057 2855 ¹³)²
1082 2819 1114 2845 v.
1139 2806 1248 2855 (δι-ος.
1275 2809 1404 2846 Moml.
1431 2807 1557 2845 xxxix.
1585 2810 1700 2856 87-89
1718 2809 1866 2858 (Migne

435 2884 445 2894 .
494 2884 503 2893 .
537 2867 632 2893 xxvi.
677 2860 751 2903 τι).
