1988 3250
957 185 1272 232 APPENDIX
1312 184 1338 228 I

432 308 465 343 8.
492 306 588 350 Quid
596 305 782 350 siqnificat
793 303 979 346 abraham,
990 303 1080 350 quid
1087 303 1210 347 filius,
1223 302 1312 347 quid
1322 301 1430 343 serui,
1443 300 1533 347 quid
1544 300 1683 336 asinus.
1726 297 1879 335 Patrem

526 363 717 411 significat
742 361 978 408 habraham3
1013 372 1080 398 sua.
1104 359 1263 397 uictima
1290 357 1498 402 christum5
1536 373 1573 388 ---
1588 357 1655 394 Βο.
1686 357 1756 394 001.
1790 358 1878 403 1265

529 422 548 470 §
571 433 615 459 10
632 422 701 469 (2).

493 483 527 519 6.
554 480 627 516 Hic
652 482 784 517 tamen
810 480 869 516 est
895 478 1004 524 aries,
1032 489 1110 514 non
1134 475 1261 513 infans
1284 475 1537 519 sacrificatum
1566 491 1603 505 =
1618 474 1687 512 Bo.
1713 486 1744 511 v.
1771 485 1791 521 7
1819 473 1880 510 Sic

527 541 601 576 etc.

493 607 526 642 7.
552 596 614 634 Sic
633 596 767 634 christi
784 607 871 634 caro
887 607 967 632 non
984 594 1106 632 deitas
1122 595 1180 631 est
1197 592 1240 629 in
1256 603 1365 630 cruce
1381 603 1502 640 passa.
1550 607 1586 621 =
1602 591 1668 628 Bo.
1687 603 1719 628 v.
1738 593 1771 628 8.

493 657 526 693 8.
549 655 676 702 Ligna
692 666 788 702 puer
803 653 1039 700 christusque
1057 664 1207 689 crucem
1224 653 1394 698 portasse
1409 650 1594 687 feruntur.
1641 665 1679 679 ==
1698 649 1764 686 Bo.
1782 661 1816 685 v.
1832 650 1868 686 6.

432 725 465 762 9.
493 716 588 759 Quid
619 715 801 759 significat
831 714 968 758 duplex
997 713 1169 758 spelunca
1207 711 1272 748 ubi
1310 710 1486 745 abraham
1523 720 1668 744 sarram
1705 709 1882 754 sepeliuit.

528 772 718 819 Spelunca.
741 771 920 819 dupplice
946 782 1069 806 saram
1093 767 1272 816 sepelisse
1298 767 1360 804 uir
1384 767 1466 804 eius
1521 784 1557 797 =
1573 767 1639 804 Be.
1665 767 1752 804 coll.
1780 777 1881 813 1213,

532 830 659 878 1214§
679 841 742 868 12:
768 831 835 867 Bo.
853 829 924 866 001.
948 830 1035 874 1265
1057 827 1075 875 ξ
1098 839 1151 865 12.

492 901 526 936 3.
550 889 733 938 magister
748 891 822 926 cod.
842 901 941 924 meus
960 889 1097 934 (contra
1110 885 1299 933 yramm.):
1329 884 1557 933 magistrum
1573 885 1649 930 Be„
1666 885 1733 922 Βο.

491 950 527 986 6.
553 948 837 995 contemplator
864 949 904 984 et
932 945 1082 983 actiuus
1107 947 1183 983 cod.
1207 955 1329 981 meus:
1364 942 1714 990 contemplatorque
1738 942 1885 980 actiuus

530 1009 607 1051 Be.‚
627 1009 695 1044 Bo.

413 1076 468 1103 10.
497 1067 593 1111 Quid
618 1067 803 1112 significat
830 1066 924 1111 quod
950 1065 1120 1100 sodomite
1147 1074 1223 1100 non
1247 1066 1448 1109 potuerunt
1470 1062 1610 1098 intrare
1633 1063 1779 1098 domum
1800 1061 1883 1098 loth.

528 1124 624 1162 Vult
639 1124 782 1161 intrare
798 1123 933 1170 nequit
948 1122 1030 1160 fera
1045 1134 1139 1170 gens
1157 1121 1344 1159 sodomita.
1360 1121 1515 1158 domum
1538 1119 1641 1166 loth;
1689 1135 1719 1148 ==
1735 1119 1884 1158 Be.col.

533 1194 623 1229 1213
643 1182 661 1230 ξ
682 1185 726 1220 8:
752 1182 819 1219 Bo.
838 1181 909 1219 col.
930 1183 1017 1228 1265
1039 1180 1058 1229 ξ
1077 1182 1110 1218 8.

492 1252 525 1286 4.
551 1241 653 1278 actio
671 1242 804 1278 sancta
822 1242 896 1276 cod.
914 1251 1033 1276 meus:
1058 1238 1209 1286 hospite
1226 1240 1358 1276 sancto
1376 1239 1451 1283 Be„
1470 1240 1536 1276 Bo.

415 1311 470 1339 11.
499 1303 619 1346 Quare
635 1301 709 1336 loth
717 1301 871 1346 fuyiene
881 1301 1064 1335 sodomam
1077 1298 1150 1346 [in]
1164 1304 1299 1335 montes
1305 1299 1419 1344 fuyit.
1460 1297 1559 1334 Loth
1575 1295 1677 1344 fugit
1689 1296 1886 1334 ardentem

532 1359 727 1396 sodomam
753 1359 974 1404 montesque
1000 1356 1181 1404 requirit;
1227 1373 1264 1387 =
1281 1357 1345 1395 Be.
1373 1356 1444 1394 001.
1475 1366 1565 1403 1213
1597 1355 1614 1403 §
1641 1366 1688 1402 9:
1724 1355 1792 1392 Bo.
1817 1355 1887 1393 001.

535 1419 624 1463 1265
646 1417 664 1465 ξ
683 1427 717 1463 9.

416 1487 470 1515 12.
498 1478 593 1522 Quid
608 1477 792 1522 siymficat
805 1477 900 1523 quod
914 1487 1023 1521 ysaac
1039 1476 1136 1511 dixit
1152 1476 1201 1511 ad
1224 1475 1348 1511 iacob:
1371 1486 1445 1511 ecce
1464 1473 1581 1521 [odor]
1597 1475 1680 1518 filii
1702 1474 1774 1510 mei
1795 1475 1888 1510 sicut

531 1538 622 1573 odor
635 1537 718 1582 aym·
730 1537 834 1582 pleni
849 1540 882 1571 et
899 1540 1023 1572 cetera.
1072 1533 1213 1571 Plenus
1229 1544 1322 1581 ager
1338 1533 1484 1577 florum,
1503 1533 1660 1580 plenum
1676 1531 1886 1569 uirtutibus

533 1594 674 1640 orbem,
717 1610 753 1624 =
769 1593 834 1631 Be.
852 1593 924 1631 col.
946 1591 1072 1640 1214§
1095 1603 1158 1639 13:
1183 1592 1250 1629 Bo.
1268 1592 1338 1629 col.
1358 1593 1446 1640 1265
1467 1591 1486 1640 §
1509 1602 1563 1638 13.

499 1664 532 1690 2.
560 1652 701 1690 Pocula
717 1650 890 1690 doctrine
907 1652 975 1690 flos
990 1663 1078 1695 uue,
1093 1650 1178 1689 lilia
1194 1650 1320 1694 iustos,

500 1724 533 1759 3.
560 1711 778 1748 Martirium
803 1723 897 1757 rosa,
923 1711 991 1748 flos
1013 1710 1118 1748 uiola
1141 1722 1214 1757 que
1240 1709 1358 1757 serpit
1379 1709 1422 1746 in
1447 1709 1536 1755 imo,
1554 1711 1606 1746 sic
1634 1711 1744 1746 codex
1767 1721 1884 1746 meus:

535 1770 676 1808 Pocula.
692 1770 889 1808 doctrinae
907 1770 975 1807 flos
994 1769 1116 1806 violae
1133 1780 1229 1816 quae
1247 1769 1368 1816 serpit
1383 1768 1426 1805 in
1442 1768 1519 1806 imo
1536 1770 1612 1812 Be„
1631 1770 1697 1806 Bo.

502 1840 532 1877 5.
559 1829 672 1867 Iacob
689 1831 746 1867 est
762 1829 926 1877 populus
941 1827 1098 1877 gentilis
1110 1830 1185 1865 cod.
1202 1839 1323 1864 meus:
1349 1827 1469 1864 Filius
1483 1828 1541 1865 est
1553 1827 1715 1875 populus
1729 1826 1889 1874 gentilis

535 1890 611 1935 Be.‚
628 1889 695 1926 Bo.

499 1949 534 1985 6.
563 1947 643 1984 Iam
682 1946 865 1994 sperissus
902 1945 985 1994 (sie)
1023 1945 1155 1983 credat
1190 1947 1266 1983 cod.
1302 1956 1420 1982 meus:
1465 1943 1622 1991 Sparsus
1658 1943 1735 1982 iam
1767 1943 1890 1982 credit

537 2008 614 2049 Be„
635 2007 701 2043 Βο.

422 2076 478 2112 13.
505 2066 601 2110 Quid
623 2065 806 2110 siymjficat
830 2065 924 2111 quod
947 2064 1086 2100 rebecca
1109 2063 1259 2100 ueniens
1282 2064 1332 2099 ad
1355 2074 1462 2109 ysaac
1486 2074 1568 2099 cum
1591 2063 1702 2099 uidiit
1719 2061 1761 2109 (1.
1777 2061 1888 2110 uidit)

536 2136 616 2160 eum
633 2124 811 2159 descendit
827 2124 870 2159 de
887 2123 1018 2159 camelo
1034 2127 1067 2159 et
1077 2134 1148 2169 pro
1159 2123 1299 2168 pudore
1315 2123 1457 2168 operuit
1471 2123 1609 2168 faciem
1625 2133 1731 2158 suam
1748 2133 1888 2168 panno.

536 2182 636 2219 Dum
661 2193 840 2229 sponsum
867 2181 1024 2218 rebecca.
1049 2180 1196 2219 uideret
1220 2182 1333 2217 uecta
1357 2179 1513 2218 camelo.
1560 2196 1596 2211 ===
1615 2179 1681 2218 Be.
1707 2179 1777 2217 col.
1799 2190 1888 2227 1213

538 2241 642 2289 §112
669 2240 736 2278 Bo.
754 2239 823 2278 001.
848 2238 1051 2287 1265511·

505 2311 535 2337 1.
561 2299 659 2336 Dum
678 2301 752 2336 cod.
771 2310 888 2335 meus:
915 2297 1009 2335 Cum
1027 2300 1104 2346 Be„
1123 2299 1189 2336 Bo.

423 2370 477 2405 14.
505 2360 599 2404 Quid
615 2360 797 2405 siymsscat
812 2358 970 2403 hystoria
994 2359 1037 2394 de
1061 2358 1182 2404 ioseph
1206 2362 1237 2394 et
1253 2358 1450 2403 fratribus.
1500 2355 1572 2395 Per
1595 2355 1704 2394 iacob
1730 2357 1889 2404 patrem,

538 2429 607 2464 per
631 2416 763 2464 ioseph
793 2415 949 2463 concipe
976 2415 1170 2460 christum,
1217 2432 1252 2446 =
1271 2416 1337 2453 Be.
1368 2415 1437 2453 col.
1469 2425 1560 2460 1214
1587 2413 1607 2464 ξ
1637 2424 1700 2463 15:
1726 2415 1793 2454 Bo.
1818 2415 1892 2455 001.

542 2475 632 2513 1266
650 2474 669 2523 §
694 2485 746 2523 ¹5·

505 2544 537 2573 1.
563 2534 721 2581 concipe
737 2536 811 2572 cod.
828 2546 946 2572 meus:
972 2533 1114 2582 respice
1130 2535 1204 2578 Be„
1225 2535 1288 2572 Bo.

506 2602 537 2640 5,
556 2595 589 2630 6.
615 2593 752 2631 fratre·
768 2593 939 2631 occidere
956 2592 1114 2631 fratrem
1138 2591 1319 2637 Querunt,
1338 2591 1442 2631 iudei
1464 2591 1661 2630 christum.
1677 2594 1750 2630 cod.
1768 2603 1889 2630 meus:

540 2650 678 2689 fratres
695 2650 805 2688 fratri
824 2650 1092 2689 machinantur
1108 2651 1271 2688 Mortem
1286 2664 1295 2697 ;
1322 2650 1454 2688 Iudaei
1472 2650 1633 2688 Christo.
1653 2652 1727 2695 Bc„
1745 2652 1809 2689 Bo.

508 2720 563 2755 10,
587 2721 638 2748 11.
664 2710 821 2758 suscipit
844 2710 954 2747 illum
981 2709 1160 2758 Egiptus:
1187 2709 1371 2747 christum
1397 2709 1583 2747 credendo
1604 2708 1764 2757 suscipit
1789 2709 1890 2747 orbis

539 2772 613 2807 cod.
629 2782 748 2808 meus:
776 2769 910 2807 ductus
921 2770 1134 2818 Aegyptum
1150 2768 1217 2807 Est
1233 2769 1377 2817 Ioseph,
1390 2768 1605 2816 Christique
1620 2768 1711 2807 fidos
1725 2771 1783 2807 est
1799 2770 1890 2806 note.

542 2840 610 2876 per
627 2829 752 2867 orbem
773 2830 848 2877 Be„
866 2830 932 2866 Bo.

532 2901 597 2943 4²8
