1988 3250
267 197 346 238 '1⁷0
367 197 392 228 c
736 185 997 230 IOANNIS
1037 185 1550 230 SARESBERIENSIS
1652 183 1762 246 [mn.
1777 197 1870 231 VIII

368 320 393 349 c
410 304 591 348 minime
617 305 836 362 expedire,
856 319 1043 362 eumque
1069 305 1199 348 iussit
1227 304 1436 348 desistere
1465 305 1523 348 ab
1551 304 1739 362 incepto.
1797 304 1871 348 Sic

409 389 513 432 ergo
542 375 686 418 edicto
713 374 879 419 ciuium
907 375 1105 418 antelata
1133 377 1201 418 est
1230 374 1402 417 iustitia
1421 374 1707 431 prudentiae;
1736 374 1872 416 immo

409 447 456 487 et
475 459 564 487 non
584 459 677 488 esse
702 444 984 502 prudentiam
1012 444 1089 487 sed
1115 444 1263 501 potius
1286 444 1574 487 calliditatem
1601 444 1671 488 cui
1698 443 1872 486 iustitia

409 512 682 557 aduersatur.
741 513 963 564 Zaleucus,
982 513 1091 556 urbe
1122 513 1403 556 Locrensium
1437 527 1466 556 a
1496 527 1542 556 se
1571 511 1872 556 saluberrimis

409 584 544 639 atque
570 582 818 625 utilissimis
844 581 1016 639 legibus
1041 581 1227 633 munita,
1257 595 1357 624 cum
1381 581 1500 624 filius
1529 582 1636 633 eius,
1662 580 1871 624 adulterii
1889 599 1909 633 ⁵

408 651 591 694 crimine
615 651 893 709 dampnatus,
913 650 1151 694 secundum
1179 650 1250 692 ius
1274 650 1330 692 ab
1358 665 1408 693 eo
1432 651 1723 694 constitutum
1750 653 1871 694 utro-

410 734 495 777 que
534 720 661 764 oculo
700 720 869 778 priuari
909 719 1122 771 debuerit,
1154 733 1203 762 ac
1242 722 1339 762 tota
1377 718 1535 762 ciuitas
1575 719 1623 761 in
1661 720 1872 762 honorem

408 789 550 846 patris
569 790 874 833 necessitatem
889 804 1027 846 penae
1042 788 1366 831 adolescentulo
1381 788 1638 839 remitteret,
1658 789 1872 845 aliquam-

408 858 487 901 diu
507 858 785 916 repugnauit.
834 859 905 901 Ad
925 858 1132 901 ultimum
1153 857 1304 915 populi
1325 857 1527 914 precibus
1547 858 1729 909 euictus,
1748 858 1873 915 prius

409 942 490 971 suo
505 930 642 978 eruto,
663 927 821 970 deinde
842 927 921 970 filii
941 927 1078 978 oculo,
1098 941 1227 970 usum
1255 927 1435 969 uidendi
1459 927 1660 984 utrisque
1679 926 1871 984 reliquit.
1892 947 1934 972 ιο

411 995 486 1039 Ita
505 996 703 1040 debitum
723 996 927 1054 supplicii
954 997 1133 1039 modum
1156 996 1244 1053 legi
1265 996 1459 1039 reddidit
1481 996 1719 1053 aequitatis
1733 996 1874 1039 admi-

413 1065 544 1108 rabili
592 1068 940 1123 temperamento
983 1080 1029 1109 se
1075 1066 1193 1109 inter
1237 1065 1560 1109 misericordem
1606 1068 1779 1123 patrem
1828 1068 1874 1110 et

369 1136 398 1176 d
414 1134 581 1178 iustum
630 1134 925 1192 legislatorem
973 1135 1177 1191 partitus.
1249 1134 1408 1178 Nonne
1456 1134 1668 1178 memoria
1714 1135 1874 1179 talium

412 1204 586 1247 fidelius
617 1204 839 1247 mentibus
871 1204 1045 1247 inheret
1074 1204 1328 1247 auditorum
1360 1218 1492 1262 quam
1527 1204 1564 1247 si
1603 1204 1873 1248 nebulonum

409 1272 622 1317 aluissent
641 1273 883 1317 exercitum
909 1277 989 1316 aut
1015 1273 1257 1317 mutatoria
1282 1273 1474 1317 uestium
1501 1274 1732 1331 imperitae
1759 1274 1871 1318 mul·
1891 1294 1934 1331 15

410 1342 617 1386 titudinis
647 1342 895 1400 aspectibus
925 1342 1238 1401 ingessissent'l
1296 1344 1392 1401 Age
1424 1343 1531 1400 quid
1561 1343 1735 1386 Solonis
1768 1357 1874 1401 pru-

411 1412 564 1456 dentia
589 1412 782 1456 meruit?
841 1412 1097 1465 Felicitatis,
1122 1412 1281 1470 inquit,
1304 1413 1439 1457 index
1463 1413 1557 1457 dies
1583 1414 1768 1458 ultimus
1794 1418 1874 1466 est,

411 1486 458 1526 et
471 1481 780 1539 appellationis
794 1482 1003 1525 honorem
1018 1482 1208 1539 sapienti
1228 1483 1459 1526 confirmat
1474 1497 1630 1541 rogus;
1655 1483 1873 1541 siquidem

412 1566 559 1595 rerum
591 1551 721 1594 initia
754 1551 971 1594 debentur
1005 1551 1223 1602 fortunae,
1257 1552 1579 1610 philosophiam
1618 1553 1737 1597 solus
1771 1567 1872 1598 con-

411 1623 554 1664 secrat
592 1621 706 1664 finis.
764 1620 912 1663 Idem:
962 1619 1112 1663 Nichil
1151 1620 1318 1664 homini
1358 1622 1656 1674 metuendum,
1690 1622 1777 1666 nisi
1815 1637 1872 1666 ne
1893 1643 1936 1668 ao

412 1689 734 1747 philosophiam
750 1689 851 1732 finis
864 1688 1080 1732 excludat.
1130 1689 1269 1742 Vnde,
1288 1705 1387 1734 cum
1409 1706 1464 1734 ex
1479 1691 1632 1735 amicis
1652 1692 1872 1749 quendam

411 1758 610 1816 grauiter
633 1761 900 1801 moerentem
922 1758 1104 1809 uideret,
1124 1759 1334 1815 perduxit
1354 1760 1400 1802 in
1420 1775 1564 1804 arcem
1584 1761 1875 1819 hortatusque

412 1830 480 1871 est
518 1830 571 1871 ut
609 1842 688 1885 per
725 1842 875 1870 omnes
906 1827 1202 1871 subiectorum
1237 1828 1508 1872 edificiorum
1547 1833 1696 1887 partes
1727 1831 1875 1876 oculos

412 1896 727 1941 circumferret.
786 1896 979 1940 Deinde:
1024 1896 1184 1954 Cogita
1218 1912 1334 1942 nunc
1365 1902 1522 1950 tecum,
1551 1899 1710 1957 inquit,
1739 1915 1873 1957 quam

413 1966 544 2010 multi
584 1966 730 2010 luctus
775 1966 858 2010 sub
897 1966 966 2009 his
1016 1967 1145 2010 tectis
1184 1970 1229 2010 et
1274 1967 1379 2010 olim
1429 1967 1598 2011 fuerint
1652 1973 1698 2013 et
1743 1969 1873 2014 modo
1892 1987 1935 2022 ος

277 2046 348 2087 771
366 2046 396 2077 a
414 2039 646 2079 uersentur
680 2039 725 2079 et
758 2036 804 2078 in
839 2035 1124 2092 sequentibus
1158 2036 1314 2079 seculis
1348 2036 1440 2080 sint
1473 2036 1630 2091 futuri,
1664 2042 1710 2082 et
1744 2039 1874 2083 mitte

413 2105 667 2149 mortalium
698 2105 973 2148 incommoda
1015 2108 1226 2162 tanquam
1270 2107 1449 2164 propria
1490 2107 1659 2159 deflere,
1694 2108 1810 2167 quia,
1837 2110 1874 2154 si

414 2178 530 2218 recte
560 2174 776 2226 intendas,
805 2174 936 2217 urbes
966 2174 1101 2217 nichil
1131 2174 1253 2217 aliud
1282 2179 1388 2218 sunt
1418 2191 1550 2233 quam
1580 2177 1875 2222 humanarum

413 2243 603 2288 cladium
620 2243 869 2286 miseranda
888 2246 1106 2300 consepta.
1162 2243 1256 2287 Rex
1277 2245 1411 2287 etiam
1432 2245 1505 2288 ille
1526 2246 1704 2290 subtilis
1723 2246 1876 2292 iudicii

415 2327 544 2371 quem
568 2312 720 2356 ferunt
738 2313 931 2370 (auctore
953 2312 1146 2370 Valerio)
1169 2313 1383 2356 traditum
1405 2314 1488 2357 sibi
1509 2314 1713 2359 diadema
1732 2316 1875 2374 prius-
1892 2331 1935 2364 30
1985 2331 1988 2361 ;

415 2397 547 2440 quam
571 2382 705 2439 capiti
732 2381 987 2439 imponeret,
1008 2384 1224 2425 recentem
1252 2397 1449 2440 pannum
1476 2384 1553 2427 diu
1579 2385 1875 2431 considerasse

413 2486 436 2521 ⁴
461 2474 674 2512 lodan-ium
693 2454 842 2511 BASff
930 2475 951 2510 8
976 2472 1286 2511 adholescentulo
1303 2473 1370 2510 A‘:
1394 2475 1680 2514 adulescentulo
1698 2476 1722 2514 S
1832 2486 1877 2515 ιο

415 2522 562 2569 utrique
580 2521 608 2558 C
776 2531 825 2604 if)
842 2519 991 2557 inheret
1009 2521 1199 2557 mentibus
1216 2521 1240 2558 S
1387 2532 1426 2567 17
1452 2522 1567 2560 index
1587 2526 1719 2607 scr-igin·
1729 2538 1737 2561 :
1762 2524 1875 2563 iudex

415 2569 578 2607 cBASM
723 2578 767 2614 24
830 2568 957 2614 sindo]
978 2568 1134 2605 Demum
1154 2568 1198 2603 A¹
1342 2579 1386 2616 27
1407 2532 1612 2607 ⁷incomoda.
1628 2571 1655 2608 C

510 2653 686 2688 Zaleucus
702 2654 799 2688 eta:
828 2650 907 2686 Val.
928 2649 1027 2686 Max.
1045 2649 1091 2686 vi.
1112 2660 1140 2696 5.
1156 2652 1233 2687 ext.
1224 2650 1378 2782 {pe
1291 2661 1323 2697 3.
1483 2660 1509 2746 7
1533 2653 1714 2689 debueret.
1739 2655 1876 2691 debent

417 2699 500 2737 Va
521 2699 619 2735 Max.
742 2709 754 2735 ι
809 2700 1002 2734 mutatoria
1020 2699 1195 2733 uectium:
1222 2710 1240 2752 ⁰.
1639 2702 1681 2738 16
1698 2703 1773 2747 Λρο
1836 2703 1876 2739 id

416 2748 557 2785 Solonas
583 2748 676 2783 eta:
711 2758 746 2783 v.
802 2745 850 2781 al.
876 2745 973 2782 Max.
992 2744 1052 2782 vii.
1071 2756 1103 2780 2
1128 2747 1242 2793 οκι.9
1432 2708 1501 2783 v20
1522 2748 1644 2783 Nioba
1671 2750 1767 2785 eto.:

417 2794 561 2832 dictum
580 2805 655 2830 non
675 2794 790 2830 refert
808 2749 1370 2830 va1.Max.in100.cit.21
1399 2795 1507 2837 Vnde,
1525 2806 1606 2831 cum
1619 2796 1716 2850 οιο..
1741 2807 1773 2832 v.
1790 2795 1874 2833 Val.

419 2841 519 2880 Max.
538 2841 735 2888 loc.nup1a
753 2841 818 2878 cit.
939 2850 985 2886 29
1010 2841 1087 2876 Rex
1103 2842 1211 2877 etiam
1228 2842 1321 2878 οιο.;
1355 2840 1435 2879 Val.
1455 2841 1557 2879 Max.
1576 2841 1640 2879 vii.
1658 2853 1690 2880 2.
1707 2845 1782 2881 ext.
1800 2842 1819 2892 §
1841 2852 1872 2891 5.

528 2905 588 2939 33²
