1988 3250
255 169 334 220 788
355 179 380 210 c
724 168 985 214 IOANNIS
1025 169 1539 215 SARESBERIENSIS
1602 173 1607 180 ’
1644 169 1754 232 [mn.
1769 181 1863 214 vul

395 290 495 347 quis
529 290 789 348 diligentius
819 290 1034 334 recenseri
1068 290 1272 342 uoluerit,
1303 291 1424 348 legat
1457 305 1510 334 ea
1544 305 1657 348 quae
1691 291 1864 348 Trogus

396 360 642 417 Pompeius,
662 360 888 417 Iosephus,
910 360 1167 417 Egesippus,
1185 360 1436 411 Suetonius,
1450 360 1645 413 Quintus
1665 359 1863 410 Curtius,

396 429 628 473 Cornelius
667 429 858 479 Tacitus,
889 429 1017 472 Titus
1057 429 1224 482 Liuius,
1264 430 1455 473 Serenus
1495 433 1541 473 et
1579 429 1864 486 Tranquillus

347 500 377 540 d
394 502 442 542 et
470 498 548 542 alii
576 497 788 550 historici,
809 513 918 555 quos
949 513 1206 542 enumerare
1235 499 1418 557 longum
1449 501 1528 550 est,
1547 499 1640 542 suis
1669 513 1864 555 compre·

394 568 645 611 henderunt
664 568 873 611 historiis.
934 568 1004 610 Ex
1024 568 1185 624 quibus
1207 568 1337 611 facile
1357 568 1546 625 liquebit
1566 568 1671 625 quia
1690 582 1866 624 semper
1884 585 1904 620 5

394 637 574 680 tiranno
593 637 721 680 licuit
740 636 925 687 adulari,
944 637 1072 680 licuit
1099 651 1200 679 eum
1230 636 1430 693 decipere
1450 639 1496 680 et
1517 637 1752 680 honestum
1773 637 1866 680 fuit

395 705 602 757 occidere,
621 705 659 748 si
687 708 838 748 tamen
865 705 996 748 aliter
1021 704 1240 748 coherceri
1260 719 1350 747 non
1377 707 1563 762 poterat.
1622 705 1727 748 Non
1747 706 1866 749 enim

395 775 451 818 de
482 775 672 833 priuatis
703 774 894 818 tirannis
926 774 1077 832 agitur
1108 774 1184 816 sed
1220 774 1274 816 de
1306 774 1376 816 his
1411 774 1488 831 qui
1520 789 1613 817 rem
1643 775 1867 832 publicam

395 847 616 902 premunt.
677 844 795 886 Nam
815 843 982 901 priuati
1003 843 1175 900 legibus
1201 843 1402 900 publicis,
1423 858 1535 900 quae
1554 845 1868 903 constringunt

395 913 594 956 omnium
614 913 744 963 uitas,
758 912 887 955 facile
907 912 1217 964 cohercentur3
1247 912 1295 954 in
1315 912 1586 955 sacerdotem
1606 916 1767 964 tamen,
1783 914 1867 958 etsi
1887 930 1928 956 ιο

396 983 624 1026 tirannum
652 982 821 1032 induat,
840 984 1022 1038 propter
1048 981 1343 1023 reuerentiam
1374 982 1638 1025 sacramenti
1667 983 1869 1039 gladium

396 1052 670 1095 materialem
701 1066 903 1094 exercere
929 1065 1020 1093 non
1039 1050 1154 1101 licet,
1174 1050 1261 1093 nisi
1282 1050 1410 1102 forte,
1430 1065 1531 1094 cum
1552 1055 1868 1097 exauctoratus

395 1121 543 1172 fuerit,
558 1121 606 1163 in
628 1120 866 1164 Ecclesiam
882 1120 966 1162 Dei
987 1122 1216 1162 cruentam
1237 1134 1419 1162 manum
1443 1121 1674 1175 extendat;
1703 1136 1755 1165 eo
1770 1122 1868 1179 qui·

395 1190 496 1233 dem
512 1193 726 1247 perpetuo
742 1189 972 1246 optinente
987 1191 1040 1232 ut
1054 1189 1111 1232 ob
1126 1189 1310 1232 eandem
1325 1204 1502 1232 causam
1518 1205 1608 1233 non
1627 1193 1867 1248 consurgat

395 1259 443 1301 in
464 1274 566 1302 eum
586 1260 751 1316 duplex
771 1258 1015 1302 tribulatio.
1075 1258 1257 1302 Praeter
1280 1273 1374 1301 rem
1394 1261 1544 1302 tamen
1564 1274 1654 1302 non
1674 1259 1866 1311 uidetur,
1886 1276 1926 1310 1⁵

396 1329 433 1372 si
455 1329 574 1380 haec,
594 1343 707 1385 quae
727 1328 847 1371 dicta
866 1331 983 1379 sunt,
1003 1328 1226 1385 aliquibus
1244 1331 1498 1371 astruamus
1516 1329 1741 1386 exemplis.

251 1437 333 1487 789
353 1447 383 1476 a
456 1432 564 1490 Cap.
592 1447 656 1490 19.
714 1433 779 1476 De
797 1435 937 1476 ‘morte
957 1431 1078 1476 Iulii
1101 1431 1274 1476 Cet-iaris
1294 1436 1333 1476 et
1352 1433 1558 1477 aliorum
1577 1433 1825 1490 yentilium

975 1502 1290 1546 tirannom‘m.

458 1583 663 1627 Occurrit
693 1597 797 1641 ergo
838 1583 1057 1640 imprimis
1086 1582 1243 1626 domus
1273 1581 1473 1636 Cesarea,
1505 1597 1594 1640 qua
1623 1582 1761 1626 nichil
1792 1597 1868 1640 po·

397 1653 566 1696 tentius
586 1655 667 1695 aut
685 1651 919 1710 gloriosius
945 1651 1038 1695 ulla
1064 1654 1183 1695 etate
1203 1651 1356 1695 recolit
1376 1651 1579 1695 mundus.
1638 1651 1869 1709 Siquidem
1889 1667 1932 1691 ιο

399 1750 640 1835 {ggidmp'ff
657 1750 682 1787 S
776 1760 799 1795 4
823 1747 1006 1844 hystorici
1023 1749 1063 1785 M
1162 1757 1180 1796 5
1206 1748 1384 1795 hystoriis
1399 1749 1438 1785 M
1550 1750 1593 1786 18
1619 1751 1870 1796 tyrannorum

476 1811 517 1834 m
533 1811 578 1834 ru
623 1825 631 1834 .
647 1810 724 1844 cap.
739 1810 831 1844 prae
850 1825 859 1834 .

452 1891 481 1922 1,
494 1890 515 1916 2
545 1881 682 1926 Troqus
691 1881 898 1926 Pompeius:
917 1877 1023 1915 cuius
1033 1879 1074 1914 H
1074 1878 1218 1914 istoriae
1227 1878 1312 1913 Phil
1316 1878 1454 1924 ippicaa
1463 1877 1503 1913 in
1516 1877 1709 1925 epitomen
1720 1877 1870 1924 redegit

401 1927 578 1964 Iustinus.
810 1937 830 1963 2
855 1928 1049 1972 Iosephus:
1075 1937 1187 1971 quem
1205 1925 1412 1971 interprete
1432 1925 1565 1962 Rufino
1584 1924 1680 1972 legit
1698 1924 1867 1962 Ioannes.

400 1977 627 2022 Eyesippus:
654 1974 713 2011 Ita
737 1976 960 2020 nuncupata
982 1975 1039 2010 est
1058 1974 1245 2019 (perverso
1272 1971 1422 2018 Iosephi
1446 1972 1614 2017 nomine,
1633 1975 1676 2008 ut
1701 1972 1868 2019 videtur)

401 2027 507 2060 vetus
524 2023 599 2059 ista
617 2021 766 2068 Iosephi
783 2020 1052 2068 interpretatio
1078 2019 1297 2057 abbreviata
1321 2022 1360 2056 et
1385 2022 1645 2066 augmentata,
1665 2020 1712 2057 de
1737 2032 1812 2066 qua
1836 2032 1869 2058 v.

400 2070 544 2107 Teuffel
562 2071 683 2106 Geech.
696 2072 762 2105 der
772 2070 971 2105 romischen
987 2070 1176 2104 Literatur
1190 2067 1247 2103 ed.
1267 2068 1357 2113 ¹890
1369 2067 1424 2112 (ii.
1444 2067 1486 2114 ἕξ
1502 2078 1593 2114 433-
1599 2077 1629 2115 5,
1643 2069 1675 2110 6,
1687 2079 1751 2114 pp.
1768 2077 1870 2113 1110,

404 2119 523 2162 ῐῐιι).
576 2119 731 2162 Quintus
758 2118 930 2154 Curtius:
959 2127 1007 2152 sc.
1035 2117 1283 2151 Historiarum
1308 2116 1515 2151 Alexandri
1541 2116 1672 2160 Mayni
1695 2113 1869 2162 scriptor.

402 2165 604 2212 Pei-peram
627 2176 672 2201 ex
693 2163 764 2201 hoc
789 2164 870 2200 loco
890 2163 986 2200 colle
1017 2162 1048 2199 it
1064 2162 1100 2199 S.
1119 2162 1261 2199 Dosson
1282 2151 1416 2199 ‹E'eude
1437 2174 1504 2198 sur
1529 2164 1568 2207 Q.
1587 2164 1708 2206 Cur-ce,
1725 2174 1762 2209 p.
1782 2164 1869 2208 364)

403 2213 585 2249 loannem
604 2215 773 2249 nostrum
792 2212 832 2256 Q.
851 2210 973 2247 Curtii
1006 2210 1104 2247 ibros
1121 2210 1188 2246 sub
1206 2210 1324 2246 oculis
1340 2209 1524 2247 habuisse.
1633 2220 1653 2255 3
1682 2210 1871 2247 Cornelius

407 2261 575 2297 Tacitus:
601 2259 707 2295 Illius
732 2258 847 2295 libros
899 2258 1025 2295 uidem
1053 2257 1188 2294 Ioanni
1213 2257 1363 2304 ignotos
1388 2268 1478 2300 esse,
1504 2268 1644 2294 nomen
1669 2259 1798 2294 autem
1822 2268 1870 2294 ex

402 2307 536 2344 Orosio
557 2310 690 2343 notum
712 2317 790 2344 esse
811 2317 872 2343 cre
901 2317 934 2342 ο.
1089 2306 1192 2341 Titus
1208 2306 1362 2341 Liuius:
1388 2304 1515 2342 Etiam
1534 2304 1628 2341 Livii
1646 2304 1763 2351 ipsius
1781 2303 1870 2341 libri

404 2355 451 2391 ad
482 2355 662 2392 Ioannem
698 2366 777 2391 non
814 2355 1083 2400 pervenerant:
1124 2364 1283 2398 quorum
1313 2356 1442 2389 tamen
1477 2351 1671 2399 epitomen
1704 2364 1728 2389 a
1760 2351 1870 2390 Floro

403 2403 556 2446 factam,
575 2403 699 2439 forsan
718 2403 868 2448 praeter
890 2400 994 2437 illam
1015 2400 1129 2437 etiam
1148 2400 1374 2446 compendia
1389 2399 1466 2437 alia
1482 2402 1530 2447 (v.
1549 2411 1664 2446 supra
1679 2399 1727 2436 ad
1743 2398 1789 2435 vi.
1811 2399 1868 2447 15)

402 2450 550 2488 habuit.
678 2451 854 2486 Semnus:
879 2448 935 2485 De
954 2447 1192 2485 Sammonico
1210 2446 1363 2490 Sereno.
1381 2459 1492 2494 quem
1509 2447 1640 2484 laudat
1656 2446 1871 2484 Macrobius

403 2500 477 2533 Sat.
496 2497 550 2534 iii.
575 2498 616 2534 16
634 2496 702 2544 §6,
716 2507 739 2543 9
758 2497 775 2544 ξ
791 2498 825 2541 6,
846 2495 1014 2543 cogitare
1033 2494 1143 2532 licet:
1170 2495 1233 2531 sed
1252 2495 1420 2542 suspicor
1442 2495 1636 2540 Ioannem,
1653 2493 1871 2531 nominibus

404 2544 671 2581 historicorum
705 2556 800 2590 quae
835 2543 897 2581 hic
931 2543 1047 2580 refert
1080 2554 1124 2579 ex
1165 2542 1347 2589 scriptore
1387 2542 1512 2579 nescio
1545 2553 1619 2588 quo
1652 2541 1869 2588 antiquiore

404 2592 622 2639 desumptis,
642 2591 759 2629 etiam
778 2591 869 2628 haec
890 2590 1000 2627 verba
1011 2591 1164 2626 Serenus
1174 2595 1205 2624 et
1224 2591 1460 2638 Tranquillus
1472 2588 1760 2636 transcripsisse,
1773 2600 1871 2635 quae

405 2641 485 2676 vice
505 2643 616 2676 notae
635 2639 780 2676 nomini
799 2638 970 2676 Suetonii
988 2637 1181 2684 adscripta
1198 2640 1322 2675 essent
1340 2639 1378 2674 et
1394 2637 1441 2673 ad
1461 2636 1596 2674 Isidori
1614 2637 1703 2682 Diff-
1724 2635 1780 2684 i.§
1802 2636 1871 2692 536

405 2687 552 2734 (Migne
577 2689 615 2723 1¹.
638 2689 677 2723 L.
699 2686 844 2723 lxxxiii.
861 2688 924 2731 64)
946 2685 1191 2732 respicerent.
1242 2685 1352 2732 Apud
1375 2685 1525 2721 Petrum
1550 2682 1727 2728 Blesium,
1774 2695 1813 2720 ui
1829 2695 1871 2720 in

405 2737 475 2781 Ep.
495 2734 541 2774 ci.
562 2734 706 2781 (Migne
725 2736 766 2771 P.
782 2736 825 2771 L.
841 2733 948 2771 ccvii.
966 2737 1051 2779 3¹4)
1070 2733 1226 2770 nomina
1242 2735 1369 2769 cetera
1385 2743 1431 2769 ex
1451 2732 1521 2769 hoc
1539 2731 1620 2768 loco
1634 2732 1691 2776 (ut
1707 2731 1742 2767 vi
1771 2733 1871 2777 etur)

404 2782 510 2825 citat,
529 2782 666 2819 denunt
680 2784 832 2818 Ser-enus
844 2787 875 2817 et
895 2782 1140 2828 Tranquillus.
1261 2789 1292 2827 5,
1309 2782 1333 2817 6
1356 2782 1443 2827 quia
1458 2791 1597 2826 semper
1610 2781 1758 2815 tiranno
1769 2781 1839 2815 etc.
1857 2789 1867 2816 ε

404 2830 451 2867 cs.
470 2841 583 2876 supra
600 2829 652 2866 iii.
675 2840 714 2877 15
734 2831 884 2877 (5120).
1021 2838 1062 2874 1⁴
1087 2840 1160 2865 non
1178 2833 1366 2874 consumat
1382 2830 1452 2865 etc.
1471 2840 1480 2863 z
1506 2838 1536 2863 v.
1555 2825 1705 2864 Nahum
1723 2825 1748 2862 i.
1765 2835 1799 2873 9.

514 2885 582 2929 ³⁶⁴
