1988 3250
181 199 284 236 οΔΡ.
299 186 452 250 xxvu]
707 187 1144 234 POLIGRATICVS
1670 186 1760 238 630
1777 184 1808 233 d

183 310 326 355 statis.
373 309 622 368 Impetrata
634 311 787 352 tamen
801 307 934 351 uenia
948 322 1088 351 unum
1103 322 1186 365 pro
1199 307 1410 351 membris
1428 308 1477 350 in
1496 307 1658 351 auditu

182 380 342 438 capitis
378 379 536 432 insero,
573 393 665 422 non
710 380 862 421 tamen
909 391 991 435 ego
1037 377 1114 420 sed
1161 376 1358 434 Spiritus
1401 377 1658 434 sapientiae,

182 448 379 506 Spiritus
417 447 634 499 ueritatis,
668 446 864 505 Spiritus
901 449 1104 490 sanctus:
1155 446 1243 499 Qui
1282 445 1465 489 obturat
1503 461 1656 490 aurem

182 531 310 561 suam
336 517 394 561 ad
420 518 655 562 clamorem
682 516 891 574 pauperis
917 519 964 559 et
990 516 1084 573 ipse
1111 515 1322 559 clamabit
1346 517 1391 558 et
1411 529 1501 558 non
1521 530 1656 558 exau-

144 585 341 650 5dietur.
401 586 505 630 Non
539 585 742 644 equidem
776 585 1043 629 exaudietur
1074 599 1102 627 a
1135 584 1280 641 capite
1318 598 1411 634 su0,
1446 585 1656 640 quoniam

182 657 317 712 caput
337 655 431 698 eius
451 654 657 700 Christus
677 658 746 698 est
765 657 811 698 et
825 654 873 697 in
889 653 1070 698 Christo
1090 653 1211 696 Deus
1231 656 1277 696 et
1297 652 1419 696 Deus
1438 652 1658 704 Christus,

181 723 259 780 qui
289 723 450 767 liberat
475 738 715 781 pauperem
744 738 772 766 a
801 725 983 781 potente
1012 725 1058 766 et
1087 721 1332 779 confringit
1358 722 1508 765 omnia
1535 722 1655 765 intu-

181 793 350 836 mentia
389 808 528 851 regna
573 796 807 844 terrarum,
846 792 960 850 lapis
999 792 1223 850 praecisus
1269 791 1324 834 de
1364 795 1514 835 monte
1561 792 1656 835 sine

182 862 400 914 manibus,
420 862 611 920 eripiens
631 863 808 920 inopem
835 862 890 906 de
917 876 1053 905 manu
1082 860 1319 905 fortiorum
1340 860 1446 911 eius,
1468 875 1656 918 egenum
1674 861 1749 910 631
1770 871 1800 901 a

126 953 169 982 ιο
183 933 229 975 et
267 945 506 990 pauperem
546 946 574 975 a
616 931 930 990 diripientibus
969 945 1082 974 eum.
1161 930 1211 974 Si
1258 945 1364 987 ergo
1410 930 1657 987 quisquam,

182 1000 447 1058 quicumque
474 1001 534 1045 sit
557 1001 644 1053 ille,
667 1001 861 1059 insurgit
887 1001 935 1044 in
961 1015 1034 1044 eos
1061 1014 1250 1058 quorum
1278 1003 1493 1057 patronus
1521 999 1656 1044 immo

181 1072 310 1128 pater
328 1073 397 1114 est
411 1070 629 1122 Christus,
644 1070 933 1129 proculdubio
950 1071 997 1114 in
1011 1085 1059 1114 se
1074 1070 1219 1128 ipsum
1236 1072 1448 1127 prouocat
1463 1069 1657 1127 lapidem

182 1153 271 1198 quo
297 1140 494 1184 irruente
521 1140 795 1184 comminuta
819 1143 886 1184 est
912 1144 1064 1184 statua
1090 1155 1223 1197 quam
1249 1139 1366 1182 uidit
1387 1139 1657 1196 Nabugodo-

181 1223 324 1262 nosor,
359 1223 472 1267 quae
506 1224 742 1268 regnorum
778 1210 893 1254 uarii
933 1209 1179 1268 splendoris
1214 1212 1260 1252 et
1293 1209 1463 1252 roboris
1497 1209 1655 1252 seriem

126 1299 165 1335 15
180 1279 416 1337 figurabat.
478 1279 572 1323 Nec
599 1279 774 1337 proficit
800 1280 847 1323 in
878 1282 1053 1323 tortura
1082 1293 1328 1336 pauperum
1359 1278 1656 1336 multiplicare

181 1350 289 1392 uota
314 1351 371 1399 et,
391 1348 518 1406 quasi
545 1348 666 1392 Deus
693 1349 951 1392 muneribus
971 1348 1194 1405 corrumpi
1219 1351 1365 1405 queat,
1386 1362 1487 1390 eum
1513 1347 1655 1405 stipu-

180 1417 286 1461 latis
297 1418 446 1476 potius
460 1433 593 1475 quam
606 1418 723 1462 ueris
737 1419 793 1462 ab
809 1418 1098 1476 impenitente
1114 1418 1363 1461 elemosinis
1375 1420 1656 1475 attemptare,

180 1501 282 1531 cum
309 1487 541 1545 Sapientia
566 1490 839 1545 protestetur
866 1488 971 1545 quia
998 1488 1128 1530 ruina
1155 1490 1223 1530 est
1251 1486 1420 1530 homini
1442 1486 1655 1530 deuorare

181 1559 357 1601 sanctos
381 1559 427 1600 et
453 1559 554 1614 post
579 1560 687 1600 uota
712 1560 928 1611 tractare3
958 1560 1004 1600 et
1031 1557 1165 1600 illud:
1202 1557 1388 1600 Hostiae
1416 1557 1655 1614 impiorum

46 1624 47 1629 ’
124 1646 168 1675 20
183 1625 499 1670 abominabiles
530 1626 731 1677 Domino,
752 1627 858 1683 quia
881 1627 1130 1670 offeruntur
1159 1641 1215 1669 ex
1245 1626 1429 1679 scelere;
1460 1629 1528 1669 et:
1562 1625 1650 1679 Qui

181 1695 310 1739 offert
337 1695 600 1739 sacrificium
630 1695 685 1739 de
712 1696 870 1753 rapina
894 1696 1101 1753 pauperis
1126 1696 1252 1753 quasi
1278 1696 1420 1739 filium
1451 1695 1652 1739 immolat
1669 1697 1697 1736 b

180 1765 312 1823 patri.
370 1765 465 1808 Nec
493 1765 628 1809 michi
658 1765 906 1823 imputetur
933 1766 971 1808 si
1003 1765 1058 1808 de
1083 1780 1220 1808 manu
1247 1780 1399 1808 eorum
1427 1764 1654 1809 fraternus

181 1834 362 1892 sanguis
389 1834 641 1891 exquiritur
666 1838 747 1878 aut
775 1849 958 1893 operum
987 1850 1167 1878 suorum
1197 1838 1428 1892 reportant
1457 1835 1656 1892 praemia

183 1903 231 1947 in
250 1903 402 1947 eadem
428 1918 636 1947 mensura
655 1919 788 1962 quam
815 1905 900 1962 ipsi
929 1905 1180 1948 intulerunt
1192 1919 1201 1957 ;
1232 1905 1440 1962 quoniam
1462 1919 1551 1947 non
1572 1919 1655 1962 ego

125 1997 167 2033 ²³
184 1973 261 2017 sed
281 1972 538 2016 Altissimus
563 1973 672 2017 dicit
691 1976 737 2016 et
764 1973 875 2017 facit
901 1974 1008 2017 haec
1028 1974 1188 2017 omnia.
1249 1974 1343 2032 Ego
1364 1974 1542 2031 quidem
1564 1989 1654 2017 non

182 2044 359 2087 tantum
394 2042 522 2085 bonis
551 2044 597 2085 et
626 2042 837 2086 modestis
865 2043 942 2086 sed
971 2044 1107 2087 etiam
1137 2044 1313 2087 discolis
1342 2044 1536 2086 arbitror
1565 2058 1654 2086 ser-

183 2111 393 2156 uiendum
413 2112 461 2154 in
476 2112 596 2155 omni
612 2112 865 2156 humilitate
880 2116 925 2156 et
946 2114 1206 2163 reuerentia,
1227 2113 1418 2156 fideliter
1437 2117 1587 2156 tamen
1608 2116 1655 2156 et

183 2180 232 2224 in
258 2180 382 2225 cultu
406 2181 641 2238 potestatis
667 2181 813 2225 Deum
841 2182 1155 2234 uenerandum,
1178 2198 1204 2226 a
1223 2197 1312 2240 quo
1338 2186 1406 2225 est
1431 2182 1653 2225 instituta.

0 455 14 518 l

4 563 16 613 ἱ

0 667 10 733 ἴ

4 912 18 1003 ,Ξ

5 1004 18 1038 ι

0 1042 18 1135 l

2 1161 13 1195 a

185 2313 208 2350 3
232 2279 388 2351 opturat
404 2303 437 2340 A
582 2315 629 2341 20
652 2304 953 2342 abhominabiles
972 2305 1074 2342 ASM
1220 2307 1265 2342 28
1292 2304 1430 2352 Deum]
1449 2305 1595 2342 domini
1613 2305 1653 2342 M

234 2417 254 2444 2
279 2409 440 2454 Spiritus
454 2410 654 2455 sapientiae
670 2411 766 2446 etc.:'
792 2421 826 2445 v.
843 2408 915 2445 Isa.
931 2407 983 2446 xi.
1001 2418 1045 2451 23
1072 2409 1203 2445 Ioann.
1220 2408 1294 2445 xiv.
1315 2418 1369 2454 17,
1387 2420 1444 2445 xv.
1464 2410 1520 2446 26.
1631 2420 1652 2455 3

188 2455 258 2500 Qui
272 2455 414 2492 obturat
429 2458 523 2492 etc.:
547 2456 652 2493 Prov.
671 2456 747 2492 xxi.
771 2467 823 2503 13.
968 2458 991 2493 6
1016 2463 1123 2502 caput
1146 2459 1223 2492 eius
1242 2459 1336 2493 etc:
1361 2468 1394 2492 v.
1416 2467 1430 2493 1
1452 2457 1534 2493 Cor.
1551 2456 1602 2493 xi.
1620 2468 1654 2502 3.

188 2510 210 2547 7
235 2503 363 2538 liberat
380 2504 471 2540 etc.:
496 2516 529 2540 v.
546 2504 604 2540 Ps.
623 2503 713 2540 lxxi.
734 2514 788 2541 12.
946 2506 1145 2550 confrinyit
1162 2506 1258 2540 etc.:
1283 2517 1316 2539 v.
1336 2503 1432 2540 Dan.
1452 2504 1492 2539 ii.
1518 2515 1574 2549 34,
1592 2515 1652 2549 44,

187 2557 247 2604 45.
403 2559 426 2596 9
449 2553 607 2598 eripiens
623 2553 718 2588 etc.:
745 2551 802 2587 Ps.
819 2549 940 2587 xxxiv.
962 2562 1015 2587 10.
1180 2562 1221 2598 13
1246 2557 1368 2588 statua
1385 2555 1478 2588 etc.:
1504 2564 1537 2588 v.
1555 2552 1651 2588 Dan.

187 2605 286 2678 u.t31
300 2607 430 2679 seqq.V
456 2644 470 2680 1
617 2599 658 2635 18
683 2600 795 2635 ruina
812 2601 909 2635 etc.:
937 2598 1043 2634 Prov.
1060 2609 1120 2634 xx.
1140 2608 1196 2645 25.
1407 2610 1449 2645 19
1474 2604 1650 2635 tractare:

188 2648 462 2747 ἒῖζῗῗῖῗἜωῆ
471 2645 1204 2749 32...¹{⁰J‘T.3:.⁶2}m¹'.‘53‚.2¹2223.⁷2.
1226 2656 1433 2730 ...ms
1444 2648 1654 2739 &23ssss

187 2738 294 2785 quasi
306 2739 369 2792 qui
383 2740 546 2776 uictimat
553 2741 679 2785 filiam
695 2742 735 2775 in
752 2746 935 2786 conspectu
947 2742 1069 2786 patris
1084 2746 1144 2776 est.
1298 2751 1344 2777 22
1368 2743 1410 2776 de
1426 2754 1540 2777 marm
1558 2743 1654 2777 etc.:

189 2796 222 2821 v.
241 2782 402 2867 Genmix.
421 2796 452 2832 5.
457 2835 528 2870 tc..
578 2797 622 2833 23
642 2798 799 2872 sspzrum
809 2799 958 2871 sagorum
975 2790 1069 2825 etc.:
1094 2800 1125 2824 v.
1147 2788 1258 2825 Matt.
1273 2787 1338 2824 vii.
1362 2799 1395 2824 2.
1533 2798 1587 2835 25,
1608 2789 1654 2825 26

189 2843 262 2868 mm
278 2837 316 2867 ta
358 2844 420 2868 um
436 2844 456 2871 e
552 2845 588 2875 v.
607 2844 623 2872 1
673 2846 694 2872 e
714 2846 734 2871 r
759 2846 788 2870 u
821 2845 835 2872 1

245 2902 326 2922 ναι
339 2902 361 2922 ιι
881 2902 914 2930 x
1500 2897 1540 2929 81
