<?xml version="1.0" encoding="UTF-8"?>
<!DOCTYPE html PUBLIC "-//W3C//DTD XHTML 1.0 Transitional//EN"
    "http://www.w3.org/TR/xhtml1/DTD/xhtml1-transitional.dtd">
<html xmlns="http://www.w3.org/1999/xhtml" xml:lang="en" lang="en">
 <head>
  <title>
</title>
<meta http-equiv="Content-Type" content="text/html;charset=utf-8" />
  <meta name='ocr-system' content='tesseract 3.04.00' />
  <meta name='ocr-capabilities' content='ocr_page ocr_carea ocr_par ocr_line ocrx_word'/>
</head>
<body>
  <div class='ocr_page' id='page_1' title='image "./policraticisived02john_0252.png"; bbox 0 0 1988 3250; ppageno 0'>
   <div class='ocr_carea' id='block_1_1' title="bbox 283 209 1890 273">
    <p class='ocr_par' dir='ltr' id='par_1_1' title="bbox 283 209 1890 273">
     <span class='ocr_line' id='line_1_1' title="bbox 283 209 1890 273; baseline 0.006 -26"><span class='ocrx_word' id='word_1_1' title='bbox 283 209 355 259; x_wconf 87' lang='lat'><strong>718</strong></span> <span class='ocrx_word' id='word_1_2' title='bbox 377 209 407 249; x_wconf 84' lang='lat' dir='ltr'><strong>b</strong></span> <span class='ocrx_word' id='word_1_3' title='bbox 732 210 994 257; x_wconf 87' lang='lat' dir='ltr'><strong>IOANNIS</strong></span> <span class='ocrx_word' id='word_1_4' title='bbox 1034 209 1549 256; x_wconf 87' lang='lat' dir='ltr'><strong>SARESBERIENSIS</strong></span> <span class='ocrx_word' id='word_1_5' title='bbox 1668 211 1780 273; x_wconf 77' lang='lat' dir='ltr'><strong>[ma.</strong></span> <span class='ocrx_word' id='word_1_6' title='bbox 1796 225 1890 257; x_wconf 83' lang='lat' dir='ltr'><strong>vm</strong></span> 
     </span>
    </p>
   </div>
   <div class='ocr_carea' id='block_1_2' title="bbox 378 329 1949 1059">
    <p class='ocr_par' dir='ltr' id='par_1_2' title="bbox 539 329 1888 446">
     <span class='ocr_line' id='line_1_2' title="bbox 539 329 1888 389; baseline 0.002 -18"><span class='ocrx_word' id='word_1_7' title='bbox 539 329 647 386; x_wconf 91' lang='lat' dir='ltr'><strong>quid</strong></span> <span class='ocrx_word' id='word_1_8' title='bbox 675 330 863 387; x_wconf 87' lang='lat' dir='ltr'><strong>gestiam</strong></span> <span class='ocrx_word' id='word_1_9' title='bbox 895 333 975 373; x_wconf 90' lang='lat' dir='ltr'><strong>aut</strong></span> <span class='ocrx_word' id='word_1_10' title='bbox 1009 330 1118 387; x_wconf 88' lang='lat' dir='ltr'><strong>quid</strong></span> <span class='ocrx_word' id='word_1_11' title='bbox 1151 330 1268 373; x_wconf 91' lang='lat' dir='ltr'><strong>letus</strong></span> <span class='ocrx_word' id='word_1_12' title='bbox 1302 330 1398 381; x_wconf 90' lang='lat' dir='ltr'><strong>sim,</strong></span> <span class='ocrx_word' id='word_1_13' title='bbox 1428 346 1515 387; x_wconf 93' lang='lat' dir='ltr'><strong>quo</strong></span> <span class='ocrx_word' id='word_1_14' title='bbox 1546 345 1740 389; x_wconf 83' lang='lat' dir='ltr'><strong>pergam,</strong></span> <span class='ocrx_word' id='word_1_15' title='bbox 1769 331 1888 375; x_wconf 90' lang='lat' dir='ltr'><strong>unde</strong></span> 
     </span>
     <span class='ocr_line' id='line_1_3' title="bbox 596 388 1077 455; baseline 0.004 -26"><span class='ocrx_word' id='word_1_16' title='bbox 596 402 830 455; x_wconf 82' lang='lat' dir='ltr'><strong>emergam,</strong></span> <span class='ocrx_word' id='word_1_17' title='bbox 859 389 936 431; x_wconf 90' lang='lat' dir='ltr'><strong>ubi</strong></span> <span class='ocrx_word' id='word_1_18' title='bbox 967 388 1077 431; x_wconf 89' lang='lat' dir='ltr'><strong>siem</strong></span> 
     </span>
    </p>

    <p class='ocr_par' dir='ltr' id='par_1_3' title="bbox 536 446 1887 549">
     <span class='ocr_line' id='line_1_4' title="bbox 536 446 1887 504; baseline 0.001 -16"><span class='ocrx_word' id='word_1_19' title='bbox 536 446 751 488; x_wconf 88' lang='lat' dir='ltr'><strong>uestitum</strong></span> <span class='ocrx_word' id='word_1_20' title='bbox 776 447 893 489; x_wconf 90' lang='grc'>1111110</span> <span class='ocrx_word' id='word_1_21' title='bbox 912 450 1081 497; x_wconf 78' lang='lat' dir='ltr'><strong>nactus,</strong></span> <span class='ocrx_word' id='word_1_22' title='bbox 1101 446 1209 503; x_wconf 91' lang='lat' dir='ltr'><strong>quid</strong></span> <span class='ocrx_word' id='word_1_23' title='bbox 1235 446 1371 490; x_wconf 89' lang='lat' dir='ltr'><strong>michi</strong></span> <span class='ocrx_word' id='word_1_24' title='bbox 1392 461 1613 504; x_wconf 84' lang='lat' dir='ltr'><strong>quaeram,</strong></span> <span class='ocrx_word' id='word_1_25' title='bbox 1634 462 1770 490; x_wconf 88' lang='lat' dir='ltr'><strong>sanus</strong></span> <span class='ocrx_word' id='word_1_26' title='bbox 1803 447 1887 491; x_wconf 90' lang='lat' dir='ltr'><strong>sim</strong></span> 
     </span>
     <span class='ocr_line' id='line_1_5' title="bbox 596 504 935 549; baseline 0.006 -3"><span class='ocrx_word' id='word_1_27' title='bbox 596 518 654 546; x_wconf 89' lang='lat' dir='ltr'><strong>an</strong></span> <span class='ocrx_word' id='word_1_28' title='bbox 684 504 935 549; x_wconf 65' lang='lat' dir='ltr'><strong>insaniam?</strong></span> 
     </span>
    </p>

    <p class='ocr_par' dir='ltr' id='par_1_4' title="bbox 378 587 1949 1059">
     <span class='ocr_line' id='line_1_6' title="bbox 378 587 1924 647; baseline 0.003 -17"><span class='ocrx_word' id='word_1_29' title='bbox 378 592 403 622; x_wconf 76' lang='lat'>0</span> <span class='ocrx_word' id='word_1_30' title='bbox 422 587 730 647; x_wconf 68' lang='lat' dir='ltr'><strong>Interrogatus</strong></span> <span class='ocrx_word' id='word_1_31' title='bbox 769 590 876 633; x_wconf 92' lang='lat' dir='ltr'><strong>haec</strong></span> <span class='ocrx_word' id='word_1_32' title='bbox 910 589 1081 632; x_wconf 90' lang='lat' dir='ltr'><strong>omnia:</strong></span> <span class='ocrx_word' id='word_1_33' title='bbox 1121 589 1264 633; x_wconf 91' lang='lat' dir='ltr'><strong>Immo</strong></span> <span class='ocrx_word' id='word_1_34' title='bbox 1298 604 1391 647; x_wconf 89' lang='lat' dir='ltr'><strong>ego,</strong></span> <span class='ocrx_word' id='word_1_35' title='bbox 1426 590 1586 647; x_wconf 90' lang='lat' dir='ltr'><strong>inquit,</strong></span> <span class='ocrx_word' id='word_1_36' title='bbox 1619 593 1665 634; x_wconf 91' lang='lat' dir='ltr'><strong>te</strong></span> <span class='ocrx_word' id='word_1_37' title='bbox 1697 591 1888 642; x_wconf 89' lang='lat' dir='ltr'><strong>obsecro,</strong></span> <span class='ocrx_word' id='word_1_38' title='bbox 1905 609 1924 643; x_wconf 82' lang='lat'>5</span> 
     </span>
     <span class='ocr_line' id='line_1_7' title="bbox 419 657 1887 715; baseline 0.002 -15"><span class='ocrx_word' id='word_1_39' title='bbox 419 657 632 715; x_wconf 89' lang='lat' dir='ltr'><strong>Antipho,</strong></span> <span class='ocrx_word' id='word_1_40' title='bbox 661 661 713 701; x_wconf 93' lang='lat' dir='ltr'><strong>ut</strong></span> <span class='ocrx_word' id='word_1_41' title='bbox 742 659 899 701; x_wconf 81' lang='lat' dir='ltr'><strong>audias</strong></span> <span class='ocrx_word' id='word_1_42' title='bbox 928 659 1087 709; x_wconf 91' lang='lat' dir='ltr'><strong>omnia,</strong></span> <span class='ocrx_word' id='word_1_43' title='bbox 1109 658 1264 701; x_wconf 86' lang='lat' dir='ltr'><strong>audias</strong></span> <span class='ocrx_word' id='word_1_44' title='bbox 1296 658 1414 701; x_wconf 91' lang='lat' dir='ltr'><strong>diem</strong></span> <span class='ocrx_word' id='word_1_45' title='bbox 1445 658 1621 710; x_wconf 86' lang='lat' dir='ltr'><strong>festum,</strong></span> <span class='ocrx_word' id='word_1_46' title='bbox 1649 660 1887 703; x_wconf 90' lang='lat' dir='ltr'><strong>iocundum</strong></span> 
     </span>
     <span class='ocr_line' id='line_1_8' title="bbox 418 727 1886 780; baseline 0.001 -11"><span class='ocrx_word' id='word_1_47' title='bbox 418 730 641 778; x_wconf 88' lang='lat' dir='ltr'><strong>euentum,</strong></span> <span class='ocrx_word' id='word_1_48' title='bbox 671 743 852 771; x_wconf 87' lang='lat' dir='ltr'><strong>suauem</strong></span> <span class='ocrx_word' id='word_1_49' title='bbox 888 727 1129 780; x_wconf 83' lang='lat' dir='ltr'><strong>fortunam,</strong></span> <span class='ocrx_word' id='word_1_50' title='bbox 1167 728 1216 770; x_wconf 90' lang='lat' dir='ltr'><strong>in</strong></span> <span class='ocrx_word' id='word_1_51' title='bbox 1251 742 1384 770; x_wconf 89' lang='lat' dir='ltr'><strong>euum</strong></span> <span class='ocrx_word' id='word_1_52' title='bbox 1419 728 1624 771; x_wconf 90' lang='lat' dir='ltr'><strong>omnibus</strong></span> <span class='ocrx_word' id='word_1_53' title='bbox 1653 729 1886 771; x_wconf 89' lang='lat' dir='ltr'><strong>historiam</strong></span> 
     </span>
     <span class='ocr_line' id='line_1_9' title="bbox 418 796 1886 853; baseline 0.001 -15"><span class='ocrx_word' id='word_1_54' title='bbox 418 797 772 850; x_wconf 84' lang='lat' dir='ltr'><strong>memorandam3</strong></span> <span class='ocrx_word' id='word_1_55' title='bbox 804 800 850 840; x_wconf 93' lang='lat' dir='ltr'><strong>et</strong></span> <span class='ocrx_word' id='word_1_56' title='bbox 876 797 945 840; x_wconf 91' lang='lat' dir='ltr'><strong>sui</strong></span> <span class='ocrx_word' id='word_1_57' title='bbox 976 811 1150 853; x_wconf 91' lang='lat' dir='ltr'><strong>quoque</strong></span> <span class='ocrx_word' id='word_1_58' title='bbox 1180 796 1346 839; x_wconf 88' lang='lat' dir='ltr'><strong>furoris</strong></span> <span class='ocrx_word' id='word_1_59' title='bbox 1376 797 1607 840; x_wconf 71' lang='lat' dir='ltr'><strong>subtexuit</strong></span> <span class='ocrx_word' id='word_1_60' title='bbox 1633 797 1769 841; x_wconf 88' lang='lat' dir='ltr'><strong>dolos.</strong></span> <span class='ocrx_word' id='word_1_61' title='bbox 1830 798 1886 841; x_wconf 93' lang='lat' dir='ltr'><strong>In</strong></span> 
     </span>
     <span class='ocr_line' id='line_1_10' title="bbox 417 866 1885 924; baseline 0.002 -16"><span class='ocrx_word' id='word_1_62' title='bbox 417 879 591 910; x_wconf 89' lang='lat' dir='ltr'><strong>summa</strong></span> <span class='ocrx_word' id='word_1_63' title='bbox 629 867 768 910; x_wconf 88' lang='lat' dir='ltr'><strong>totius</strong></span> <span class='ocrx_word' id='word_1_64' title='bbox 808 867 1060 924; x_wconf 81' lang='lat' dir='ltr'><strong>argumenti</strong></span> <span class='ocrx_word' id='word_1_65' title='bbox 1100 881 1152 910; x_wconf 92' lang='lat' dir='ltr'><strong>eo</strong></span> <span class='ocrx_word' id='word_1_66' title='bbox 1191 866 1248 909; x_wconf 90' lang='lat' dir='ltr'><strong>ad</strong></span> <span class='ocrx_word' id='word_1_67' title='bbox 1287 881 1494 923; x_wconf 87' lang='lat' dir='ltr'><strong>praesens</strong></span> <span class='ocrx_word' id='word_1_68' title='bbox 1532 867 1742 911; x_wconf 90' lang='lat' dir='ltr'><strong>uniuersa</strong></span> <span class='ocrx_word' id='word_1_69' title='bbox 1776 868 1885 912; x_wconf 90' lang='lat' dir='ltr'><strong>haec</strong></span> 
     </span>
     <span class='ocr_line' id='line_1_11' title="bbox 416 935 1949 993; baseline -0.001 -15"><span class='ocrx_word' id='word_1_70' title='bbox 416 935 610 979; x_wconf 89' lang='lat' dir='ltr'><strong>arbitror</strong></span> <span class='ocrx_word' id='word_1_71' title='bbox 638 951 764 993; x_wconf 88' lang='lat' dir='ltr'><strong>posse</strong></span> <span class='ocrx_word' id='word_1_72' title='bbox 794 936 962 986; x_wconf 82' lang='lat' dir='ltr'><strong>referri,</strong></span> <span class='ocrx_word' id='word_1_73' title='bbox 991 939 1044 979; x_wconf 90' lang='lat' dir='ltr'><strong>ut</strong></span> <span class='ocrx_word' id='word_1_74' title='bbox 1073 939 1245 979; x_wconf 89' lang='lat' dir='ltr'><strong>constet</strong></span> <span class='ocrx_word' id='word_1_75' title='bbox 1274 950 1355 992; x_wconf 91' lang='lat' dir='ltr'><strong>pro</strong></span> <span class='ocrx_word' id='word_1_76' title='bbox 1379 938 1499 979; x_wconf 90' lang='lat' dir='ltr'><strong>certo</strong></span> <span class='ocrx_word' id='word_1_77' title='bbox 1526 937 1632 993; x_wconf 91' lang='lat' dir='ltr'><strong>quia</strong></span> <span class='ocrx_word' id='word_1_78' title='bbox 1659 937 1882 981; x_wconf 85' lang='lat' dir='ltr'><strong>amicitiae</strong></span> <span class='ocrx_word' id='word_1_79' title='bbox 1904 953 1949 977; x_wconf 82' lang='lat'><strong>10</strong></span> 
     </span>
     <span class='ocr_line' id='line_1_12' title="bbox 415 1002 1884 1059; baseline 0.001 -14"><span class='ocrx_word' id='word_1_80' title='bbox 415 1002 683 1059; x_wconf 86' lang='lat' dir='ltr'><strong>prostitutae</strong></span> <span class='ocrx_word' id='word_1_81' title='bbox 722 1003 831 1045; x_wconf 87' lang='lat' dir='ltr'><strong>fides</strong></span> <span class='ocrx_word' id='word_1_82' title='bbox 865 1003 1019 1045; x_wconf 89' lang='lat' dir='ltr'><strong>haberi</strong></span> <span class='ocrx_word' id='word_1_83' title='bbox 1053 1017 1143 1045; x_wconf 91' lang='lat' dir='ltr'><strong>non</strong></span> <span class='ocrx_word' id='word_1_84' title='bbox 1178 1002 1320 1045; x_wconf 90' lang='lat' dir='ltr'><strong>debet.</strong></span> <span class='ocrx_word' id='word_1_85' title='bbox 1380 1002 1499 1045; x_wconf 90' lang='lat' dir='ltr'><strong>Nam</strong></span> <span class='ocrx_word' id='word_1_86' title='bbox 1539 1018 1652 1059; x_wconf 89' lang='lat' dir='ltr'><strong>quae</strong></span> <span class='ocrx_word' id='word_1_87' title='bbox 1691 1004 1816 1047; x_wconf 88' lang='lat' dir='ltr'><strong>uenit</strong></span> <span class='ocrx_word' id='word_1_88' title='bbox 1855 1019 1884 1047; x_wconf 90' lang='lat' dir='ltr'><strong>a</strong></span> 
     </span>
    </p>
   </div>
   <div class='ocr_carea' id='block_1_3' title="bbox 414 1071 1882 1254">
    <p class='ocr_par' dir='ltr' id='par_1_5' title="bbox 414 1071 1882 1254">
     <span class='ocr_line' id='line_1_13' title="bbox 414 1071 1882 1129; baseline 0.001 -15"><span class='ocrx_word' id='word_1_89' title='bbox 414 1071 669 1115; x_wconf 82' lang='lat' dir='ltr'><strong>sinceritate</strong></span> <span class='ocrx_word' id='word_1_90' title='bbox 696 1072 848 1124; x_wconf 89' lang='lat' dir='ltr'><strong>animi,</strong></span> <span class='ocrx_word' id='word_1_91' title='bbox 877 1071 1020 1114; x_wconf 89' lang='lat' dir='ltr'><strong>fidelis</strong></span> <span class='ocrx_word' id='word_1_92' title='bbox 1048 1074 1170 1114; x_wconf 91' lang='lat' dir='ltr'><strong>certa</strong></span> <span class='ocrx_word' id='word_1_93' title='bbox 1194 1074 1239 1114; x_wconf 90' lang='lat' dir='ltr'><strong>et</strong></span> <span class='ocrx_word' id='word_1_94' title='bbox 1269 1072 1361 1114; x_wconf 86' lang='lat' dir='ltr'><strong>fixa</strong></span> <span class='ocrx_word' id='word_1_95' title='bbox 1390 1075 1480 1124; x_wconf 85' lang='lat' dir='ltr'><strong>est3</strong></span> <span class='ocrx_word' id='word_1_96' title='bbox 1516 1087 1628 1129; x_wconf 93' lang='lat' dir='ltr'><strong>quae</strong></span> <span class='ocrx_word' id='word_1_97' title='bbox 1658 1073 1716 1116; x_wconf 91' lang='lat' dir='ltr'><strong>ab</strong></span> <span class='ocrx_word' id='word_1_98' title='bbox 1747 1073 1882 1116; x_wconf 86' lang='lat' dir='ltr'><strong>archa</strong></span> 
     </span>
     <span class='ocr_line' id='line_1_14' title="bbox 415 1141 1882 1194; baseline 0.003 -12"><span class='ocrx_word' id='word_1_99' title='bbox 415 1141 487 1183; x_wconf 90' lang='lat' dir='ltr'><strong>uel</strong></span> <span class='ocrx_word' id='word_1_100' title='bbox 529 1141 695 1193; x_wconf 86' lang='lat' dir='ltr'><strong>loculis,</strong></span> <span class='ocrx_word' id='word_1_101' title='bbox 723 1141 863 1184; x_wconf 89' lang='lat' dir='ltr'><strong>fluida</strong></span> <span class='ocrx_word' id='word_1_102' title='bbox 907 1141 1079 1184; x_wconf 89' lang='lat' dir='ltr'><strong>incerta</strong></span> <span class='ocrx_word' id='word_1_103' title='bbox 1122 1155 1317 1194; x_wconf 89' lang='lat' dir='ltr'><strong>erronea,</strong></span> <span class='ocrx_word' id='word_1_104' title='bbox 1357 1144 1403 1184; x_wconf 90' lang='lat' dir='ltr'><strong>et</strong></span> <span class='ocrx_word' id='word_1_105' title='bbox 1443 1141 1673 1185; x_wconf 88' lang='lat' dir='ltr'><strong>deficiente</strong></span> <span class='ocrx_word' id='word_1_106' title='bbox 1715 1141 1882 1186; x_wconf 90' lang='lat' dir='ltr'><strong>uiatico</strong></span> 
     </span>
     <span class='ocr_line' id='line_1_15' title="bbox 417 1210 682 1254; baseline 0.008 -3"><span class='ocrx_word' id='word_1_107' title='bbox 417 1210 682 1254; x_wconf 86' lang='lat' dir='ltr'><strong>emarcescit.</strong></span> 
     </span>
    </p>
   </div>
   <div class='ocr_carea' id='block_1_4' title="bbox 532 1290 1944 1406">
    <p class='ocr_par' dir='ltr' id='par_1_6' title="bbox 532 1290 1944 1406">
     <span class='ocr_line' id='line_1_16' title="bbox 532 1290 1944 1343; baseline 0 -8"><span class='ocrx_word' id='word_1_108' title='bbox 532 1290 647 1335; x_wconf 87' lang='lat' dir='ltr'><strong>Cum</strong></span> <span class='ocrx_word' id='word_1_109' title='bbox 677 1290 860 1334; x_wconf 83' lang='lat' dir='ltr'><strong>fortuna</strong></span> <span class='ocrx_word' id='word_1_110' title='bbox 888 1293 1051 1341; x_wconf 89' lang='lat' dir='ltr'><strong>manet,</strong></span> <span class='ocrx_word' id='word_1_111' title='bbox 1081 1290 1257 1333; x_wconf 92' lang='lat' dir='ltr'><strong>uultum</strong></span> <span class='ocrx_word' id='word_1_112' title='bbox 1288 1290 1477 1333; x_wconf 88' lang='lat' dir='ltr'><strong>seruatis</strong></span> <span class='ocrx_word' id='word_1_113' title='bbox 1507 1290 1664 1343; x_wconf 90' lang='lat' dir='ltr'><strong>amici;</strong></span> <span class='ocrx_word' id='word_1_114' title='bbox 1900 1297 1944 1335; x_wconf 72' lang='lat'><strong>¹5</strong></span> 
     </span>
     <span class='ocr_line' id='line_1_17' title="bbox 588 1348 1502 1406; baseline -0.001 -14"><span class='ocrx_word' id='word_1_115' title='bbox 588 1363 688 1392; x_wconf 92' lang='lat' dir='ltr'><strong>cum</strong></span> <span class='ocrx_word' id='word_1_116' title='bbox 718 1349 886 1400; x_wconf 86' lang='lat' dir='ltr'><strong>cecidit,</strong></span> <span class='ocrx_word' id='word_1_117' title='bbox 915 1349 1038 1406; x_wconf 86' lang='lat' dir='ltr'><strong>turpi</strong></span> <span class='ocrx_word' id='word_1_118' title='bbox 1069 1348 1246 1391; x_wconf 89' lang='lat' dir='ltr'><strong>uertitis</strong></span> <span class='ocrx_word' id='word_1_119' title='bbox 1275 1363 1353 1391; x_wconf 93' lang='lat' dir='ltr'><strong>ora</strong></span> <span class='ocrx_word' id='word_1_120' title='bbox 1382 1348 1502 1406; x_wconf 83' lang='lat' dir='ltr'><strong>fuga.</strong></span> 
     </span>
    </p>
   </div>
   <div class='ocr_carea' id='block_1_5' title="bbox 266 1437 1941 2534">
    <p class='ocr_par' dir='ltr' id='par_1_7' title="bbox 266 1437 1941 2534">
     <span class='ocr_line' id='line_1_18' title="bbox 415 1437 1881 1495; baseline 0.001 -15"><span class='ocrx_word' id='word_1_121' title='bbox 415 1437 572 1480; x_wconf 87' lang='lat' dir='ltr'><strong>Omnis</strong></span> <span class='ocrx_word' id='word_1_122' title='bbox 592 1438 709 1481; x_wconf 88' lang='lat' dir='ltr'><strong>enim</strong></span> <span class='ocrx_word' id='word_1_123' title='bbox 730 1454 799 1481; x_wconf 89' lang='lat' dir='ltr'><strong>res</strong></span> <span class='ocrx_word' id='word_1_124' title='bbox 819 1453 932 1495; x_wconf 89' lang='lat' dir='ltr'><strong>quae</strong></span> <span class='ocrx_word' id='word_1_125' title='bbox 958 1438 1006 1481; x_wconf 90' lang='lat' dir='ltr'><strong>in</strong></span> <span class='ocrx_word' id='word_1_126' title='bbox 1033 1437 1340 1481; x_wconf 89' lang='lat' dir='ltr'><strong>commercium</strong></span> <span class='ocrx_word' id='word_1_127' title='bbox 1368 1438 1493 1481; x_wconf 90' lang='lat' dir='ltr'><strong>uenit</strong></span> <span class='ocrx_word' id='word_1_128' title='bbox 1520 1438 1577 1480; x_wconf 88' lang='lat' dir='ltr'><strong>ab</strong></span> <span class='ocrx_word' id='word_1_129' title='bbox 1604 1452 1694 1481; x_wconf 90' lang='lat' dir='ltr'><strong>uno</strong></span> <span class='ocrx_word' id='word_1_130' title='bbox 1715 1439 1881 1482; x_wconf 88' lang='lat' dir='ltr'><strong>transit</strong></span> 
     </span>
     <span class='ocr_line' id='line_1_19' title="bbox 369 1507 1878 1565; baseline 0.002 -16"><span class='ocrx_word' id='word_1_131' title='bbox 369 1510 398 1550; x_wconf 89' lang='lat' dir='ltr'><strong>d</strong></span> <span class='ocrx_word' id='word_1_132' title='bbox 414 1507 471 1549; x_wconf 89' lang='lat' dir='ltr'><strong>ad</strong></span> <span class='ocrx_word' id='word_1_133' title='bbox 502 1507 651 1559; x_wconf 90' lang='lat' dir='ltr'><strong>alium,</strong></span> <span class='ocrx_word' id='word_1_134' title='bbox 681 1511 727 1551; x_wconf 89' lang='lat' dir='ltr'><strong>et</strong></span> <span class='ocrx_word' id='word_1_135' title='bbox 756 1508 962 1551; x_wconf 90' lang='lat' dir='ltr'><strong>ditiorem</strong></span> <span class='ocrx_word' id='word_1_136' title='bbox 992 1511 1038 1551; x_wconf 91' lang='lat' dir='ltr'><strong>et</strong></span> <span class='ocrx_word' id='word_1_137' title='bbox 1067 1507 1310 1551; x_wconf 90' lang='lat' dir='ltr'><strong>auidiorem</strong></span> <span class='ocrx_word' id='word_1_138' title='bbox 1345 1507 1584 1550; x_wconf 87' lang='lat' dir='ltr'><strong>comitatur</strong></span> <span class='ocrx_word' id='word_1_139' title='bbox 1619 1511 1878 1565; x_wconf 88' lang='lat' dir='ltr'><strong>emptorem.</strong></span> 
     </span>
     <span class='ocr_line' id='line_1_20' title="bbox 413 1576 1878 1634; baseline 0.001 -16"><span class='ocrx_word' id='word_1_140' title='bbox 413 1576 476 1619; x_wconf 91' lang='lat' dir='ltr'><strong>At</strong></span> <span class='ocrx_word' id='word_1_141' title='bbox 498 1576 595 1620; x_wconf 89' lang='grc'>1010</span> <span class='ocrx_word' id='word_1_142' title='bbox 622 1577 708 1620; x_wconf 88' lang='grc'>1810</span> <span class='ocrx_word' id='word_1_143' title='bbox 735 1577 872 1620; x_wconf 90' lang='lat' dir='ltr'><strong>nichil</strong></span> <span class='ocrx_word' id='word_1_144' title='bbox 896 1577 1093 1634; x_wconf 90' lang='lat' dir='ltr'><strong>iniquius</strong></span> <span class='ocrx_word' id='word_1_145' title='bbox 1112 1579 1191 1627; x_wconf 89' lang='lat' dir='ltr'><strong>est,</strong></span> <span class='ocrx_word' id='word_1_146' title='bbox 1212 1590 1298 1633; x_wconf 91' lang='lat' dir='ltr'><strong>quo</strong></span> <span class='ocrx_word' id='word_1_147' title='bbox 1325 1591 1417 1620; x_wconf 91' lang='lat' dir='ltr'><strong>rem</strong></span> <span class='ocrx_word' id='word_1_148' title='bbox 1445 1576 1578 1619; x_wconf 91' lang='lat' dir='ltr'><strong>semel</strong></span> <span class='ocrx_word' id='word_1_149' title='bbox 1605 1577 1761 1620; x_wconf 86' lang='lat' dir='ltr'><strong>emisse</strong></span> <span class='ocrx_word' id='word_1_150' title='bbox 1788 1592 1878 1621; x_wconf 93' lang='lat' dir='ltr'><strong>non</strong></span> 
     </span>
     <span class='ocr_line' id='line_1_21' title="bbox 410 1645 1941 1704; baseline 0.001 -16"><span class='ocrx_word' id='word_1_151' title='bbox 410 1647 619 1703; x_wconf 89' lang='lat' dir='ltr'><strong>proderit,</strong></span> <span class='ocrx_word' id='word_1_152' title='bbox 648 1646 735 1690; x_wconf 88' lang='lat' dir='ltr'><strong>nisi</strong></span> <span class='ocrx_word' id='word_1_153' title='bbox 764 1661 937 1704; x_wconf 88' lang='lat' dir='ltr'><strong>semper</strong></span> <span class='ocrx_word' id='word_1_154' title='bbox 966 1649 1162 1697; x_wconf 90' lang='lat' dir='ltr'><strong>ematur;</strong></span> <span class='ocrx_word' id='word_1_155' title='bbox 1191 1649 1237 1689; x_wconf 89' lang='lat' dir='ltr'><strong>et</strong></span> <span class='ocrx_word' id='word_1_156' title='bbox 1263 1645 1355 1688; x_wconf 91' lang='lat' dir='ltr'><strong>ubi·</strong></span> <span class='ocrx_word' id='word_1_157' title='bbox 1370 1646 1555 1703; x_wconf 91' lang='lat' dir='ltr'><strong>quisque</strong></span> <span class='ocrx_word' id='word_1_158' title='bbox 1582 1661 1675 1689; x_wconf 89' lang='lat' dir='ltr'><strong>rem</strong></span> <span class='ocrx_word' id='word_1_159' title='bbox 1702 1647 1760 1689; x_wconf 93' lang='lat' dir='ltr'><strong>ab</strong></span> <span class='ocrx_word' id='word_1_160' title='bbox 1789 1647 1877 1691; x_wconf 91' lang='lat' dir='ltr'><strong>alio</strong></span> <span class='ocrx_word' id='word_1_161' title='bbox 1897 1657 1941 1682; x_wconf 81' lang='lat'><strong>²0</strong></span> 
     </span>
     <span class='ocr_line' id='line_1_22' title="bbox 408 1715 1878 1772; baseline 0.001 -14"><span class='ocrx_word' id='word_1_162' title='bbox 408 1717 638 1759; x_wconf 89' lang='lat' dir='ltr'><strong>uenditam</strong></span> <span class='ocrx_word' id='word_1_163' title='bbox 669 1716 888 1766; x_wconf 90' lang='lat' dir='ltr'><strong>uendicat,</strong></span> <span class='ocrx_word' id='word_1_164' title='bbox 922 1715 1008 1758; x_wconf 90' lang='lat' dir='ltr'><strong>nisi</strong></span> <span class='ocrx_word' id='word_1_165' title='bbox 1044 1718 1089 1758; x_wconf 92' lang='lat' dir='ltr'><strong>et</strong></span> <span class='ocrx_word' id='word_1_166' title='bbox 1123 1715 1207 1772; x_wconf 85' lang='lat' dir='ltr'><strong>ipsi</strong></span> <span class='ocrx_word' id='word_1_167' title='bbox 1240 1715 1294 1758; x_wconf 91' lang='lat' dir='ltr'><strong>de</strong></span> <span class='ocrx_word' id='word_1_168' title='bbox 1326 1715 1470 1772; x_wconf 90' lang='lat' dir='ltr'><strong>pretio</strong></span> <span class='ocrx_word' id='word_1_169' title='bbox 1505 1715 1703 1758; x_wconf 85' lang='lat' dir='ltr'><strong>satisfiat.</strong></span> <span class='ocrx_word' id='word_1_170' title='bbox 1767 1715 1878 1769; x_wconf 82' lang='lat' dir='ltr'><strong>Quis</strong></span> 
     </span>
     <span class='ocr_line' id='line_1_23' title="bbox 409 1783 1880 1843; baseline 0.001 -16"><span class='ocrx_word' id='word_1_171' title='bbox 409 1785 526 1828; x_wconf 89' lang='lat' dir='ltr'><strong>enim</strong></span> <span class='ocrx_word' id='word_1_172' title='bbox 557 1786 814 1843; x_wconf 87' lang='lat' dir='ltr'><strong>popularem</strong></span> <span class='ocrx_word' id='word_1_173' title='bbox 846 1784 1047 1828; x_wconf 83' lang='lat' dir='ltr'><strong>fauorem</strong></span> <span class='ocrx_word' id='word_1_174' title='bbox 1076 1784 1309 1828; x_wconf 64' lang='lat' dir='ltr'><strong>uendidit?</strong></span> <span class='ocrx_word' id='word_1_175' title='bbox 1368 1784 1417 1827; x_wconf 86' lang='lat' dir='ltr'><strong>Si</strong></span> <span class='ocrx_word' id='word_1_176' title='bbox 1447 1783 1620 1841; x_wconf 90' lang='lat' dir='ltr'><strong>publice</strong></span> <span class='ocrx_word' id='word_1_177' title='bbox 1650 1784 1880 1829; x_wconf 88' lang='lat' dir='ltr'><strong>habendus</strong></span> 
     </span>
     <span class='ocr_line' id='line_1_24' title="bbox 410 1853 1878 1911; baseline 0.001 -14"><span class='ocrx_word' id='word_1_178' title='bbox 410 1858 490 1906; x_wconf 88' lang='grc'>081,</span> <span class='ocrx_word' id='word_1_179' title='bbox 514 1858 688 1897; x_wconf 92' lang='lat' dir='ltr'><strong>ematur</strong></span> <span class='ocrx_word' id='word_1_180' title='bbox 714 1855 772 1897; x_wconf 90' lang='lat' dir='ltr'><strong>ab</strong></span> <span class='ocrx_word' id='word_1_181' title='bbox 800 1854 1032 1897; x_wconf 89' lang='lat' dir='ltr'><strong>uniuersis.</strong></span> <span class='ocrx_word' id='word_1_182' title='bbox 1092 1853 1291 1910; x_wconf 89' lang='lat' dir='ltr'><strong>Singulis</strong></span> <span class='ocrx_word' id='word_1_183' title='bbox 1318 1853 1435 1896; x_wconf 88' lang='lat' dir='ltr'><strong>enim</strong></span> <span class='ocrx_word' id='word_1_184' title='bbox 1460 1867 1549 1895; x_wconf 90' lang='lat' dir='ltr'><strong>non</strong></span> <span class='ocrx_word' id='word_1_185' title='bbox 1574 1853 1676 1896; x_wconf 89' lang='lat' dir='ltr'><strong>licet</strong></span> <span class='ocrx_word' id='word_1_186' title='bbox 1700 1854 1878 1911; x_wconf 88' lang='lat' dir='ltr'><strong>publica</strong></span> 
     </span>
     <span class='ocr_line' id='line_1_25' title="bbox 409 1922 1875 1981; baseline 0 -14"><span class='ocrx_word' id='word_1_187' title='bbox 409 1924 526 1967; x_wconf 89' lang='lat' dir='ltr'><strong>bona</strong></span> <span class='ocrx_word' id='word_1_188' title='bbox 575 1924 832 1967; x_wconf 87' lang='lat' dir='ltr'><strong>distrahere.</strong></span> <span class='ocrx_word' id='word_1_189' title='bbox 911 1923 967 1966; x_wconf 93' lang='lat' dir='ltr'><strong>In</strong></span> <span class='ocrx_word' id='word_1_190' title='bbox 1017 1922 1241 1981; x_wconf 88' lang='lat' dir='ltr'><strong>prouerbii</strong></span> <span class='ocrx_word' id='word_1_191' title='bbox 1291 1936 1464 1979; x_wconf 90' lang='lat' dir='ltr'><strong>quoque</strong></span> <span class='ocrx_word' id='word_1_192' title='bbox 1512 1923 1875 1967; x_wconf 87' lang='lat' dir='ltr'><strong>consuetudinem</strong></span> 
     </span>
     <span class='ocr_line' id='line_1_26' title="bbox 410 1991 1936 2050; baseline 0 -14"><span class='ocrx_word' id='word_1_193' title='bbox 410 1993 535 2036; x_wconf 89' lang='lat' dir='ltr'><strong>uenit</strong></span> <span class='ocrx_word' id='word_1_194' title='bbox 555 1993 660 2050; x_wconf 90' lang='lat' dir='ltr'><strong>quia</strong></span> <span class='ocrx_word' id='word_1_195' title='bbox 680 1993 860 2036; x_wconf 88' lang='lat' dir='ltr'><strong>incauta</strong></span> <span class='ocrx_word' id='word_1_196' title='bbox 886 1992 1066 2050; x_wconf 82' lang='lat' dir='ltr'><strong>largitio</strong></span> <span class='ocrx_word' id='word_1_197' title='bbox 1093 2007 1181 2034; x_wconf 89' lang='lat' dir='ltr'><strong>non</strong></span> <span class='ocrx_word' id='word_1_198' title='bbox 1208 1991 1343 2035; x_wconf 91' lang='lat' dir='ltr'><strong>habet</strong></span> <span class='ocrx_word' id='word_1_199' title='bbox 1364 1991 1568 2034; x_wconf 82' lang='lat' dir='ltr'><strong>fundum.</strong></span> <span class='ocrx_word' id='word_1_200' title='bbox 1631 1991 1874 2045; x_wconf 88' lang='lat' dir='ltr'><strong>Praeterea,</strong></span> <span class='ocrx_word' id='word_1_201' title='bbox 1894 2006 1936 2042; x_wconf 75' lang='lat'><strong>25</strong></span> 
     </span>
     <span class='ocr_line' id='line_1_27' title="bbox 410 2060 1875 2120; baseline 0.001 -15"><span class='ocrx_word' id='word_1_202' title='bbox 410 2077 540 2119; x_wconf 89' lang='lat' dir='ltr'><strong>quem</strong></span> <span class='ocrx_word' id='word_1_203' title='bbox 567 2062 794 2120; x_wconf 89' lang='lat' dir='ltr'><strong>popularis</strong></span> <span class='ocrx_word' id='word_1_204' title='bbox 822 2061 951 2105; x_wconf 84' lang='lat' dir='ltr'><strong>fauor</strong></span> <span class='ocrx_word' id='word_1_205' title='bbox 977 2062 1034 2104; x_wconf 92' lang='lat' dir='ltr'><strong>ad</strong></span> <span class='ocrx_word' id='word_1_206' title='bbox 1062 2076 1246 2104; x_wconf 90' lang='lat' dir='ltr'><strong>munera</strong></span> <span class='ocrx_word' id='word_1_207' title='bbox 1273 2061 1448 2112; x_wconf 85' lang='lat' dir='ltr'><strong>extulit,</strong></span> <span class='ocrx_word' id='word_1_208' title='bbox 1469 2061 1505 2103; x_wconf 91' lang='lat' dir='ltr'><strong>si</strong></span> <span class='ocrx_word' id='word_1_209' title='bbox 1532 2060 1646 2104; x_wconf 82' lang='lat' dir='ltr'><strong>forte</strong></span> <span class='ocrx_word' id='word_1_210' title='bbox 1667 2061 1875 2106; x_wconf 85' lang='lat' dir='ltr'><strong>Trasonis</strong></span> 
     </span>
     <span class='ocr_line' id='line_1_28' title="bbox 408 2129 1876 2189; baseline 0.001 -16"><span class='ocrx_word' id='word_1_211' title='bbox 408 2146 529 2175; x_wconf 89' lang='lat' dir='ltr'><strong>more</strong></span> <span class='ocrx_word' id='word_1_212' title='bbox 568 2135 762 2189; x_wconf 86' lang='lat' dir='ltr'><strong>emptam</strong></span> <span class='ocrx_word' id='word_1_213' title='bbox 802 2130 1102 2174; x_wconf 85' lang='lat' dir='ltr'><strong>celebritatem</strong></span> <span class='ocrx_word' id='word_1_214' title='bbox 1143 2130 1295 2188; x_wconf 82' lang='lat' dir='ltr'><strong>exigit,</strong></span> <span class='ocrx_word' id='word_1_215' title='bbox 1335 2129 1613 2173; x_wconf 87' lang='lat' dir='ltr'><strong>contumeliis</strong></span> <span class='ocrx_word' id='word_1_216' title='bbox 1657 2130 1876 2183; x_wconf 85' lang='lat' dir='ltr'><strong>affectum,</strong></span> 
     </span>
     <span class='ocr_line' id='line_1_29' title="bbox 408 2199 1876 2258; baseline 0 -15"><span class='ocrx_word' id='word_1_217' title='bbox 408 2201 572 2244; x_wconf 90' lang='lat' dir='ltr'><strong>honore</strong></span> <span class='ocrx_word' id='word_1_218' title='bbox 593 2200 830 2258; x_wconf 87' lang='lat' dir='ltr'><strong>spoliatum</strong></span> <span class='ocrx_word' id='word_1_219' title='bbox 851 2200 986 2243; x_wconf 89' lang='lat' dir='ltr'><strong>Thais</strong></span> <span class='ocrx_word' id='word_1_220' title='bbox 1005 2199 1147 2243; x_wconf 90' lang='lat' dir='ltr'><strong>altera</strong></span> <span class='ocrx_word' id='word_1_221' title='bbox 1164 2199 1284 2242; x_wconf 83' lang='lat' dir='ltr'><strong>fama</strong></span> <span class='ocrx_word' id='word_1_222' title='bbox 1299 2201 1344 2242; x_wconf 89' lang='lat' dir='ltr'><strong>et</strong></span> <span class='ocrx_word' id='word_1_223' title='bbox 1364 2199 1522 2255; x_wconf 88' lang='lat' dir='ltr'><strong>quauis</strong></span> <span class='ocrx_word' id='word_1_224' title='bbox 1541 2199 1708 2242; x_wconf 88' lang='lat' dir='ltr'><strong>Thaide</strong></span> <span class='ocrx_word' id='word_1_225' title='bbox 1729 2200 1876 2243; x_wconf 89' lang='lat' dir='ltr'><strong>minus</strong></span> 
     </span>
     <span class='ocr_line' id='line_1_30' title="bbox 408 2268 1875 2328; baseline -0.001 -14"><span class='ocrx_word' id='word_1_226' title='bbox 408 2270 498 2314; x_wconf 88' lang='lat' dir='ltr'><strong>fida</strong></span> <span class='ocrx_word' id='word_1_227' title='bbox 522 2286 549 2314; x_wconf 90' lang='lat' dir='ltr'><strong>a</strong></span> <span class='ocrx_word' id='word_1_228' title='bbox 576 2272 831 2328; x_wconf 78' lang='lat' dir='ltr'><strong>praeempto</strong></span> <span class='ocrx_word' id='word_1_229' title='bbox 859 2269 1037 2312; x_wconf 89' lang='lat' dir='ltr'><strong>honoris</strong></span> <span class='ocrx_word' id='word_1_230' title='bbox 1062 2269 1205 2326; x_wconf 87' lang='lat' dir='ltr'><strong>gradu</strong></span> <span class='ocrx_word' id='word_1_231' title='bbox 1232 2272 1352 2312; x_wconf 89' lang='lat' dir='ltr'><strong>arcet</strong></span> <span class='ocrx_word' id='word_1_232' title='bbox 1379 2268 1590 2325; x_wconf 87' lang='lat' dir='ltr'><strong>deprimit</strong></span> <span class='ocrx_word' id='word_1_233' title='bbox 1616 2271 1661 2311; x_wconf 88' lang='grc'><strong>01</strong></span> <span class='ocrx_word' id='word_1_234' title='bbox 1689 2269 1875 2327; x_wconf 84' lang='lat' dir='ltr'><strong>repellit.</strong></span> 
     </span>
     <span class='ocr_line' id='line_1_31' title="bbox 266 2337 1934 2395; baseline -0.002 -12"><span class='ocrx_word' id='word_1_235' title='bbox 266 2346 340 2388; x_wconf 84' lang='lat'><strong>719</strong></span> <span class='ocrx_word' id='word_1_236' title='bbox 360 2348 390 2377; x_wconf 70' lang='lat' dir='ltr'><strong>a</strong></span> <span class='ocrx_word' id='word_1_237' title='bbox 408 2340 604 2383; x_wconf 87' lang='lat' dir='ltr'><strong>Insultat</strong></span> <span class='ocrx_word' id='word_1_238' title='bbox 631 2339 796 2389; x_wconf 88' lang='lat' dir='ltr'><strong>riualis,</strong></span> <span class='ocrx_word' id='word_1_239' title='bbox 825 2338 997 2382; x_wconf 88' lang='lat' dir='ltr'><strong>sobrius</strong></span> <span class='ocrx_word' id='word_1_240' title='bbox 1027 2340 1251 2395; x_wconf 88' lang='lat' dir='ltr'><strong>correptor</strong></span> <span class='ocrx_word' id='word_1_241' title='bbox 1281 2337 1467 2387; x_wconf 84' lang='lat' dir='ltr'><strong>exultat,</strong></span> <span class='ocrx_word' id='word_1_242' title='bbox 1489 2337 1636 2380; x_wconf 87' lang='lat' dir='ltr'><strong>Gnato</strong></span> <span class='ocrx_word' id='word_1_243' title='bbox 1664 2338 1744 2380; x_wconf 82' lang='lat' dir='ltr'><strong>uix</strong></span> <span class='ocrx_word' id='word_1_244' title='bbox 1771 2338 1874 2381; x_wconf 89' lang='lat' dir='ltr'><strong>sub·</strong></span> <span class='ocrx_word' id='word_1_245' title='bbox 1893 2354 1934 2388; x_wconf 84' lang='lat'><strong>30</strong></span> 
     </span>
     <span class='ocr_line' id='line_1_32' title="bbox 407 2406 1874 2464; baseline 0 -13"><span class='ocrx_word' id='word_1_246' title='bbox 407 2412 667 2459; x_wconf 85' lang='lat' dir='ltr'><strong>murmurat,</strong></span> <span class='ocrx_word' id='word_1_247' title='bbox 683 2408 788 2451; x_wconf 90' lang='lat' dir='ltr'><strong>dum</strong></span> <span class='ocrx_word' id='word_1_248' title='bbox 806 2411 953 2451; x_wconf 89' lang='lat' dir='ltr'><strong>tamen</strong></span> <span class='ocrx_word' id='word_1_249' title='bbox 970 2422 1068 2464; x_wconf 87' lang='lat' dir='ltr'><strong>spes</strong></span> <span class='ocrx_word' id='word_1_250' title='bbox 1085 2410 1163 2457; x_wconf 91' lang='lat' dir='ltr'><strong>est,</strong></span> <span class='ocrx_word' id='word_1_251' title='bbox 1179 2410 1259 2449; x_wconf 87' lang='lat' dir='ltr'><strong>aut</strong></span> <span class='ocrx_word' id='word_1_252' title='bbox 1274 2406 1376 2450; x_wconf 87' lang='lat' dir='ltr'><strong>silet</strong></span> <span class='ocrx_word' id='word_1_253' title='bbox 1391 2406 1583 2457; x_wconf 89' lang='lat' dir='ltr'><strong>omnino,</strong></span> <span class='ocrx_word' id='word_1_254' title='bbox 1600 2406 1636 2449; x_wconf 92' lang='lat' dir='ltr'><strong>si</strong></span> <span class='ocrx_word' id='word_1_255' title='bbox 1658 2406 1874 2464; x_wconf 89' lang='lat' dir='ltr'><strong>desperat,</strong></span> 
     </span>
     <span class='ocr_line' id='line_1_33' title="bbox 405 2475 1873 2534; baseline -0.001 -12"><span class='ocrx_word' id='word_1_256' title='bbox 405 2482 451 2522; x_wconf 87' lang='lat' dir='ltr'><strong>et</strong></span> <span class='ocrx_word' id='word_1_257' title='bbox 470 2478 525 2520; x_wconf 87' lang='lat' dir='ltr'><strong>ad</strong></span> <span class='ocrx_word' id='word_1_258' title='bbox 551 2478 660 2520; x_wconf 83' lang='lat' dir='ltr'><strong>alios</strong></span> <span class='ocrx_word' id='word_1_259' title='bbox 681 2477 854 2527; x_wconf 85' lang='lat' dir='ltr'><strong>transit,</strong></span> <span class='ocrx_word' id='word_1_260' title='bbox 875 2476 981 2534; x_wconf 88' lang='lat' dir='ltr'><strong>quia</strong></span> <span class='ocrx_word' id='word_1_261' title='bbox 1000 2476 1041 2519; x_wconf 89' lang='lat' dir='ltr'><strong>ei</strong></span> <span class='ocrx_word' id='word_1_262' title='bbox 1066 2476 1298 2520; x_wconf 83' lang='lat' dir='ltr'><strong>consilium</strong></span> <span class='ocrx_word' id='word_1_263' title='bbox 1321 2479 1388 2519; x_wconf 90' lang='lat' dir='ltr'><strong>est</strong></span> <span class='ocrx_word' id='word_1_264' title='bbox 1408 2490 1580 2532; x_wconf 87' lang='lat' dir='ltr'><strong>semper</strong></span> <span class='ocrx_word' id='word_1_265' title='bbox 1602 2475 1873 2520; x_wconf 81' lang='lat' dir='ltr'><strong>felicioribus</strong></span> 
     </span>
    </p>
   </div>
   <div class='ocr_carea' id='block_1_6' title="bbox 405 2623 567 2630">
    <p class='ocr_par' dir='ltr' id='par_1_8' title="bbox 405 2623 567 2630">
     <span class='ocr_line' id='line_1_34' title="bbox 405 2623 567 2630; baseline 0 0"><span class='ocrx_word' id='word_1_266' title='bbox 405 2623 567 2630; x_wconf 95' lang='lat' dir='ltr'><strong> </strong></span> 
     </span>
    </p>
   </div>
   <div class='ocr_carea' id='block_1_7' title="bbox 596 2623 837 2631">
    <p class='ocr_par' dir='ltr' id='par_1_9' title="bbox 596 2623 837 2631">
     <span class='ocr_line' id='line_1_35' title="bbox 596 2623 837 2631; baseline 0 0"><span class='ocrx_word' id='word_1_267' title='bbox 596 2623 837 2631; x_wconf 95' lang='lat' dir='ltr'><strong> </strong></span> 
     </span>
    </p>
   </div>
   <div class='ocr_carea' id='block_1_8' title="bbox 403 2547 1869 2854">
    <p class='ocr_par' dir='ltr' id='par_1_10' title="bbox 404 2547 626 2590">
     <span class='ocr_line' id='line_1_36' title="bbox 404 2547 626 2590; baseline -0.005 0"><span class='ocrx_word' id='word_1_268' title='bbox 404 2547 626 2590; x_wconf 86' lang='lat' dir='ltr'><strong>adherere.</strong></span> 
     </span>
    </p>

    <p class='ocr_par' dir='ltr' id='par_1_11' title="bbox 405 2625 1868 2812">
     <span class='ocr_line' id='line_1_37' title="bbox 405 2625 1644 2703; baseline -0.003 -10"><span class='ocrx_word' id='word_1_269' title='bbox 405 2665 425 2702; x_wconf 91' lang='lat'><em>7</em></span> <span class='ocrx_word' id='word_1_270' title='bbox 451 2625 657 2703; x_wconf 41' lang='lat' dir='ltr'><strong>hyster-ium</strong></span> <span class='ocrx_word' id='word_1_271' title='bbox 678 2655 714 2691; x_wconf 87' lang='grc' dir='ltr'><strong>Μ</strong></span> <span class='ocrx_word' id='word_1_272' title='bbox 865 2664 905 2692; x_wconf 82' lang='lat'><strong>12</strong></span> <span class='ocrx_word' id='word_1_273' title='bbox 931 2665 1019 2692; x_wconf 80' lang='lat' dir='ltr'><strong>arca</strong></span> <span class='ocrx_word' id='word_1_274' title='bbox 1035 2652 1156 2690; x_wconf 78' lang='lat' dir='ltr'><strong>cABS</strong></span> <span class='ocrx_word' id='word_1_275' title='bbox 1301 2662 1344 2689; x_wconf 85' lang='lat'><strong>22</strong></span> <span class='ocrx_word' id='word_1_276' title='bbox 1371 2652 1587 2690; x_wconf 88' lang='lat' dir='ltr'><strong>uendiderit</strong></span> <span class='ocrx_word' id='word_1_277' title='bbox 1605 2652 1644 2689; x_wconf 83' lang='lat' dir='ltr'>M</span> 
     </span>
     <span class='ocr_line' id='line_1_38' title="bbox 451 2756 1868 2812; baseline -0.001 -17"><span class='ocrx_word' id='word_1_278' title='bbox 451 2759 956 2806; x_wconf 75' lang='lat' dir='ltr'><strong>4.an:anne&#39;1&#39;er.15</strong></span> <span class='ocrx_word' id='word_1_279' title='bbox 986 2758 1244 2812; x_wconf 71' lang='lat' dir='ltr'><strong>Cumsortuna</strong></span> <span class='ocrx_word' id='word_1_280' title='bbox 1263 2758 1359 2793; x_wconf 79' lang='lat' dir='ltr'><strong>etc:</strong></span> <span class='ocrx_word' id='word_1_281' title='bbox 1387 2756 1534 2794; x_wconf 86' lang='lat' dir='ltr'><strong>Petron.</strong></span> <span class='ocrx_word' id='word_1_282' title='bbox 1552 2758 1626 2792; x_wconf 75' lang='lat' dir='ltr'><strong>Sat.</strong></span> <span class='ocrx_word' id='word_1_283' title='bbox 1644 2756 1701 2793; x_wconf 90' lang='lat'><strong>80.</strong></span> <span class='ocrx_word' id='word_1_284' title='bbox 1823 2766 1868 2802; x_wconf 88' lang='lat'><strong>24</strong></span> 
     </span>
    </p>

    <p class='ocr_par' dir='ltr' id='par_1_12' title="bbox 403 2804 1869 2854">
     <span class='ocr_line' id='line_1_39' title="bbox 403 2804 1869 2854; baseline -0.004 -9"><span class='ocrx_word' id='word_1_285' title='bbox 403 2809 450 2845; x_wconf 81' lang='lat' dir='ltr'><strong>In</strong></span> <span class='ocrx_word' id='word_1_286' title='bbox 464 2808 635 2854; x_wconf 75' lang='lat' dir='ltr'><strong>pir-ouerb</strong></span> <span class='ocrx_word' id='word_1_287' title='bbox 638 2809 650 2841; x_wconf 81' lang='grc' dir='ltr'><strong>ι·</strong></span> <span class='ocrx_word' id='word_1_288' title='bbox 668 2810 762 2843; x_wconf 76' lang='lat' dir='ltr'><strong>etc:</strong></span> <span class='ocrx_word' id='word_1_289' title='bbox 790 2818 821 2843; x_wconf 79' lang='lat' dir='ltr'><strong>v.</strong></span> <span class='ocrx_word' id='word_1_290' title='bbox 838 2805 915 2843; x_wconf 85' lang='lat' dir='ltr'><strong>Cic.</strong></span> <span class='ocrx_word' id='word_1_291' title='bbox 933 2807 975 2842; x_wconf 75' lang='lat' dir='ltr'><strong>de</strong></span> <span class='ocrx_word' id='word_1_292' title='bbox 995 2806 1062 2851; x_wconf 80' lang='lat' dir='ltr'><strong>Off.</strong></span> <span class='ocrx_word' id='word_1_293' title='bbox 1081 2813 1183 2851; x_wconf 80' lang='grc'>11.15</span> <span class='ocrx_word' id='word_1_294' title='bbox 1205 2804 1222 2850; x_wconf 70' lang='grc' dir='ltr'><strong>ξ</strong></span> <span class='ocrx_word' id='word_1_295' title='bbox 1245 2813 1261 2850; x_wconf 84' lang='grc'><strong><em>5</em></strong></span> <span class='ocrx_word' id='word_1_296' title='bbox 1270 2814 1299 2850; x_wconf 86' lang='grc'><strong>5</strong></span> <span class='ocrx_word' id='word_1_297' title='bbox 1439 2814 1484 2850; x_wconf 90' lang='lat'><strong>30</strong></span> <span class='ocrx_word' id='word_1_298' title='bbox 1507 2805 1649 2840; x_wconf 70' lang='lat' dir='ltr'><strong>eobrme</strong></span> <span class='ocrx_word' id='word_1_299' title='bbox 1665 2808 1869 2852; x_wconf 72' lang='lat' dir='ltr'><strong>correptor.</strong></span> 
     </span>
    </p>
   </div>
   <div class='ocr_carea' id='block_1_9' title="bbox 402 2820 1666 2970">
    <p class='ocr_par' dir='ltr' id='par_1_13' title="bbox 402 2820 1666 2970">
     <span class='ocr_line' id='line_1_40' title="bbox 402 2820 1666 2903; baseline -0.004 -11"><span class='ocrx_word' id='word_1_300' title='bbox 402 2820 551 2903; x_wconf 60' lang='lat' dir='ltr'><strong>qualis</strong></span> <span class='ocrx_word' id='word_1_301' title='bbox 543 2866 582 2890; x_wconf 85' lang='lat' dir='ltr'><strong>m</strong></span> <span class='ocrx_word' id='word_1_302' title='bbox 601 2855 776 2891; x_wconf 77' lang='lat' dir='ltr'><strong>Eunucho</strong></span> <span class='ocrx_word' id='word_1_303' title='bbox 794 2853 999 2892; x_wconf 78' lang='lat' dir='ltr'><strong>Phaedriae</strong></span> <span class='ocrx_word' id='word_1_304' title='bbox 1018 2854 1100 2891; x_wconf 81' lang='lat' dir='ltr'><strong>erat</strong></span> <span class='ocrx_word' id='word_1_305' title='bbox 1119 2851 1323 2898; x_wconf 61' lang='lat' dir='ltr'><strong>Pax-mcum</strong></span> <span class='ocrx_word' id='word_1_306' title='bbox 1350 2851 1399 2889; x_wconf 78' lang='lat' dir='ltr'><strong>cf.</strong></span> <span class='ocrx_word' id='word_1_307' title='bbox 1419 2863 1530 2899; x_wconf 72' lang='lat' dir='ltr'><strong>supra</strong></span> <span class='ocrx_word' id='word_1_308' title='bbox 1548 2851 1666 2897; x_wconf 81' lang='lat' dir='ltr'><strong>716n.</strong></span> 
     </span>
     <span class='ocr_line' id='line_1_41' title="bbox 512 2935 578 2970; baseline -0.015 -10"><span class='ocrx_word' id='word_1_309' title='bbox 512 2935 578 2970; x_wconf 82' lang='lat'><strong>²⁴0</strong></span> 
     </span>
    </p>
   </div>
  </div>
 </body>
</html>
