1988 3250
171 212 270 246 OAP.
286 199 397 260 xxv]
687 197 1128 245 POLIORATICVS
1658 197 1743 246 627
1758 195 1789 235 b

171 320 322 366 fuerit.
381 320 476 364 Nec
501 319 721 363 lubricum
746 319 926 376 linguae
946 318 1003 361 ad
1029 333 1190 375 penam
1218 318 1348 362 facile
1375 317 1643 362 trahendum
1660 321 1690 359 b

172 393 263 444 est3
293 404 561 448 quamquam
588 388 707 432 enim
734 388 959 434 temerarii
985 402 1101 445 pena
1130 388 1222 430 sint
1251 387 1390 444 digni,
1419 390 1570 430 tamen
1599 391 1646 430 et

170 460 261 504 illis
291 459 560 518 parcendum
590 462 659 502 est
689 457 727 501 si
762 472 852 501 non
884 456 973 503 tale
1003 457 1063 500 sit
1093 457 1303 499 delictum
1334 457 1452 513 quod
1482 457 1554 499 uel
1590 471 1646 499 ex

171 530 393 587 scriptura
406 529 518 586 legis
534 527 771 571 descendat
786 527 858 570 uel
880 526 998 587 quod
1018 526 1075 569 ad
1096 526 1349 582 exemplum
1370 525 1480 582 legis
1500 526 1645 568 uindi-

133 616 152 650 5
171 600 362 643 candum
402 601 480 642 est.
539 597 801 640 Audiuntur
840 600 886 641 et
924 595 1132 638 mulieres
1166 595 1214 637 in
1249 594 1365 637 lesae
1399 594 1647 637 maiestatis

171 669 452 726 quaestione3
501 682 606 711 nam
645 666 995 711 coniurationem
1036 665 1181 722 Sergii
1226 663 1487 707 Cathelinae
1527 663 1647 707 Iulia

170 738 331 782 mulier
365 738 537 781 detexit
566 740 612 780 et
642 737 842 780 Marcum
872 735 1069 781 Tullium
1098 734 1322 778 consulem
1353 733 1401 775 in
1433 733 1646 776 iudicium

171 809 266 852 eius
300 808 527 851 instruxit.
588 807 839 850 Tormentis
873 806 1052 866 quidem
1084 804 1302 848 subdendi
1342 806 1459 853 sunt,
1492 804 1529 846 si
1565 803 1647 846 hoc

171 878 288 922 ratio
319 877 595 921 necessitatis
625 880 706 920 aut
737 875 950 921 utilitatis
985 875 1179 924 inducat,
1213 874 1289 930 qui
1321 873 1520 916 criminis
1552 873 1647 916 61116

112 965 156 991 xo
172 947 236 991 rei
256 962 350 991 esse
369 947 612 991 creduntur
631 961 732 990 cum
752 946 842 988 illis
863 959 1051 1005 quorum
1073 943 1256 987 601161110
1275 947 1410 1000 atque
1431 942 1647 985 instinctu

171 1017 229 1061 ad
263 1017 587 1061 accusationem
618 1016 704 1059 uisi
733 1018 840 1059 sunt
870 1014 1113 1065 accessisse,
1127 1016 1180 1056 ut
1210 1013 1267 1055 ab
1296 1012 1502 1055 omnibus
1531 1026 1647 1055 com-

170 1087 317 1131 missis
355 1086 539 1130 consciis
578 1086 779 1129 uindicta
817 1084 958 1142 possit
996 1083 1207 1126 instituta
1238 1082 1468 1139 reportari.
1529 1081 1648 1125 Sunt

170 1158 320 1200 autem
347 1156 541 1214 plurima
564 1170 677 1213 quae
705 1154 951 1201 maiestatis
979 1152 1226 1196 informant
1251 1152 1430 1201 crimen,
1450 1154 1502 1194 ut
1529 1151 1567 1194 si
1591 1151 1646 1194 de

170 1228 314 1270 morte
340 1225 553 1283 principis
573 1227 792 1268 tractetur
815 1226 895 1270 aut
914 1223 1273 1281 magistratuum,
1293 1224 1374 1264 aut
1397 1236 1522 1263 arma
1546 1222 1645 1278 quis
1664 1232 1689 1261 c

112 1317 153 1352 ¹⁵
171 1298 326 1340 contra
352 1295 545 1352 patriam
568 1294 727 1338 tulerit
752 1296 833 1337 aut
856 1293 1010 1340 relicto
1034 1292 1233 1349 principe
1259 1291 1314 1334 de
1334 1291 1511 1348 publico
1531 1290 1647 1334 bello

171 1364 422 1423 profugerit
461 1366 541 1408 aut
579 1364 850 1409 concitatum
894 1363 943 1405 in
989 1362 1251 1405 seditionem
1298 1360 1512 1403 aduersus
1551 1375 1645 1403 rem

169 1434 393 1493 publicam
413 1433 720 1477 sollicitauerit
739 1432 966 1493 populum,
985 1432 1168 1475 cuiusue
1192 1445 1327 1488 opera
1349 1429 1507 1472 dolone
1527 1430 1646 1472 malo

169 1505 319 1548 hostes
334 1503 487 1562 populi
508 1503 659 1560 reique
685 1502 888 1560 publicae
911 1504 1159 1545 commeatu
1180 1500 1316 1543 armis
1336 1499 1438 1542 telis
1458 1498 1646 1556 pecunia

171 1588 316 1632 quaue
343 1574 432 1617 alia
455 1588 502 1616 re
529 1573 804 1617 adiuuantur
829 1571 902 1614 uel
927 1586 984 1614 ex
1010 1570 1164 1613 amicis
1188 1570 1337 1612 hostes
1358 1569 1422 1611 rei
1442 1568 1645 1626 publicae

111 1662 156 1688 no
171 1645 299 1696 fiunt,
317 1644 500 1688 cuiusue
518 1643 619 1686 dolo
638 1642 756 1686 malo
770 1656 905 1700 opera
919 1640 1088 1684 factum
1105 1641 1191 1684 erit
1206 1654 1294 1697 quo
1308 1639 1451 1696 magis
1470 1638 1646 1682 obsides

169 1714 358 1772 pecunia
388 1713 551 1756 dentur
581 1712 795 1757 aduersus
824 1726 918 1754 rem
948 1710 1184 1768 publicam,
1214 1724 1302 1767 quo
1331 1709 1480 1751 minus
1509 1708 1646 1751 etiam

169 1798 278 1842 gens
312 1786 550 1827 extraneae
584 1781 778 1839 regionis
812 1780 877 1824 rei
911 1780 1114 1838 publicae
1148 1780 1447 1836 obtemperet3
1490 1778 1647 1821 fecerit

170 1853 279 1897 item
300 1852 377 1911 qui
402 1851 654 1896 confessum
677 1851 725 1897 in
752 1850 917 1894 iudicio
943 1865 1069 1893 reum
1090 1853 1273 1907 propter
1292 1849 1375 1892 hoc
1395 1849 1443 1891 in
1464 1847 1647 1891 uincula

171 1923 418 1968 coniectum
433 1921 653 1973 emiserit3
673 1920 743 1967 et
731 1935 779 1963 1n
794 1920 912 1963 hunc
928 1920 1108 1962 modum
1124 1919 1318 1997 plurima
1332 1933 1445 1975 quae
1460 1918 1644 1974 longum

112 2009 156 2046 ⁸5
173 1994 253 2036 aut
275 1990 545 2049 impossibile
572 1993 640 2033 est
664 2004 883 2037 enarrare.
943 1988 1048 2042 Sed,
1066 1988 1172 2046 quia
1197 1987 1387 2031 formam
1414 1987 1645 2030 fidelitatis
1660 1991 1689 2032 d

171 2060 220 2104 in
259 2075 311 2105 eo
345 2075 450 2118 prae
484 2059 642 2104 ceteris
671 2058 841 2102 seruari
871 2061 1059 2116 oportet,
1089 2072 1230 2115 pauca
1260 2060 1367 2100 sunt
1396 2071 1453 2099 ex
1483 2056 1646 2113 quibus

171 2130 279 2189 quid
310 2144 400 2173 non
435 2129 566 2173 liceat
599 2128 950 2174 commodissime
981 2127 1130 2185 colligi
1164 2130 1322 2206 potest.
1395 2125 1645 2170 Necessarii

170 2214 362 2258 namque
381 2198 653 2245 contrarium
674 2197 945 2255 impossibile
972 2200 1050 2248 est,
1071 2200 1117 2240 et
1137 2197 1178 2240 ei
1205 2196 1324 2254 quod
1348 2199 1524 2253 oportet
1547 2196 1645 2238 fieri

172 2269 266 2314 sola
298 2268 455 2312 illicita
489 2267 812 2313 contradicunt.
873 2266 1029 2324 Exigit
1059 2270 1210 2309 autem
1239 2266 1471 2309 fidelitatis
1501 2264 1647 2308 forma

115 2354 157 2390 so
174 2353 286 2396 quae
297 2337 541 2382 necessario
553 2336 657 2380 fidei
669 2339 776 2380 sunt
788 2336 967 2387 inserta,
979 2336 1209 2386 incolume,
1221 2338 1384 2386 tutum,
1396 2335 1646 2385 honestum,

174 2407 297 2460 utile,
325 2407 467 2458 facile,
495 2406 714 2464 possibile.
765 2406 845 2450 vNe
873 2406 945 2449 cui
975 2405 1192 2448 fidelitate
1226 2408 1432 2448 tenemur
1460 2404 1647 2455 astricti,

178 2514 220 2551 17
240 2510 324 2551 post
339 2504 424 2543 dolo
441 2516 509 2541 om.
527 2516 576 2542 ue
593 2503 667 2540 A’S
813 2505 854 2541 18
880 2505 1054 2540 comeatu
1072 2501 1097 2539 S
1234 2512 1278 2547 27
1305 2502 1568 2539 comodissime
1590 2502 1646 2538 AS

225 2584 243 2622 5
269 2577 487 2611 Audiuntur
501 2578 598 2612 616..
626 2587 657 2611 v.
675 2573 894 2621 Dig.x1viii.
914 2584 947 2618 4.
973 2575 1005 2610 8.
1198 2574 1219 2609 8
1248 2574 1450 2609 Tor-mentis
1466 2574 1562 2609 etc.:
1590 2571 1646 2608 De

176 2622 375 2659 tormentis
390 2622 598 2658 maiestatis
614 2634 726 2659 causa
710 2586 967 2658 lgadhibendis
984 2633 1014 2656 v.
1029 2620 1118 2657 Cod.
1136 2620 1188 2656 ix.
1207 2623 1239 2657 8.
1259 2630 1292 2665 4,
1311 2622 1345 2663 6,
1361 2630 1392 2664 7,
1409 2622 1442 2656 8.
1591 2629 1643 2661 12,

181 2679 223 2714 13
239 2670 333 2706 Sunt
348 2674 467 2705 autem
478 2671 644 2716 plurima
662 2671 759 2706 616.1
784 2681 818 2706 v.
835 2669 922 2715 Dig.
942 2668 1060 2704 xlviii.
1078 2679 1112 2712 4.
1137 2679 1165 2711 1,
1184 2678 1218 2712 2,
1229 2679 1262 2712 4.
1379 2677 1422 2711 ²7
1441 2668 1647 2702 Necessarii

177 2718 274 2754 616..
299 2715 572 2762 Proponit-,iones
588 2718 732 2753 Necesse
753 2721 803 2752 est
825 2729 896 2752 esse
921 2718 960 2753 et
984 2717 1208 2761 Impossibile
1232 2720 1282 2751 est
1305 2727 1377 2751 esse
1401 2714 1448 2752 de
1474 2714 1643 2750 subiecto

177 2763 309 2800 eodem
325 2762 438 2798 simul
451 2775 537 2800 vere
553 2763 630 2800 (1161
645 2765 853 2810 nequeunt,
870 2763 965 2799 falso
982 2766 1112 2799 autem
1156 2765 1299 2799 ossunt.
1444 2772 1491 2807 29
1514 2763 1614 2815 Ex&
1618 2764 1645 2796 it

179 2812 275 2848 etc.:
299 2821 332 2846 v.
350 2809 380 2846 Ε
382 2809 559 2856 pistolam
580 2810 749 2848 Fulberti
765 2810 1009 2848 carnotensis
1029 2821 1089 2857 ap.
1147 2812 1219 2848 rat.
1238 2811 1375 2847 θοι-Μ.
1394 2808 1444 2845 11.
1462 2808 1553 2845 xxii.
1574 2774 1645 2856 596

183 2859 226 2894 18
245 2822 505 2904 (Friedbergi.
522 2857 622 2904 887).

1492 2917 1534 2953 7⁵
