1988 3250
240 203 323 250 659
343 210 373 240 a
722 195 984 241 IOANNIS
1024 193 1540 240 SARESBERIENSIS
1664 194 1773 250 [ΜΒ.
1785 203 1859 237 v11

391 334 492 363 cum
516 319 564 362 in
591 334 637 362 se
666 319 762 377 ipso
789 318 920 362 homo
943 316 1190 366 subiecerit,
1210 316 1454 359 dominium
1485 316 1555 359 sui
1584 315 1860 372 aliorumque

346 393 375 431 b
393 389 687 446 consequitur,
711 391 773 438 ut,
799 387 970 431 cunctis
994 385 1296 429 animantibus
1323 385 1558 442 praelatus,
1580 386 1785 428 timorem
1815 385 1861 426 et

391 461 629 501 tremorem
649 458 840 501 incutiat
858 456 1062 500 omnibus
1089 470 1202 512 quae
1228 458 1466 498 mouentur
1485 455 1532 497 in
1552 457 1684 498 terra.
1743 453 1862 496 Sunt

393 528 433 571 ei
456 542 560 585 ergo
580 531 740 571 cuncta
760 528 807 569 in
828 527 974 570 cibum
996 525 1101 582 quia
1120 525 1168 566 in
1188 525 1392 567 omnibus
1418 525 1634 567 creaturis
1661 524 1700 566 ei
1724 523 1863 566 uerba

392 597 550 641 salutis
583 612 688 640 suae
720 596 918 653 loquitur
952 595 1183 638 Dominus.
1245 594 1380 636 Plane
1410 594 1585 637 cibatur
1616 594 1664 636 in
1693 592 1864 636 cunctis
1884 602 1903 637 ⁵

393 666 555 722 quibus
579 666 636 708 ad
661 666 803 708 uitam
823 665 895 707 uel
923 679 1066 707 mores
1086 663 1408 720 componendos
1435 663 1532 706 uita
1552 663 1744 706 hominis
1763 676 1863 719 pro-

395 736 499 779 ficit.
545 734 733 779 Constat
753 734 870 777 enim
892 733 1010 790 quod
1030 732 1173 775 omnis
1193 732 1413 775 edificatio
1433 747 1606 775 morum
1626 747 1653 774 a
1674 731 1866 774 Domino

394 807 463 847 est
492 807 549 855 et,
577 818 678 847 cum
713 803 812 860 quis
847 802 904 845 ad
936 802 1152 844 uirtutem
1190 804 1270 844 aut
1301 801 1359 844 ab
1391 816 1520 858 opere
1554 803 1635 844 aut
1669 815 1697 843 a
1727 800 1866 843 uerbo

395 876 476 916 aut
510 887 784 930 quocumque
818 871 949 914 modo
980 871 1232 921 instruitur,
1252 870 1467 914 concessis
1495 870 1580 913 sibi
1615 885 1643 912 a
1673 869 1864 913 Domino

395 942 569 986 utiliter
606 942 793 985 cibatur.
855 940 1012 984 Omnis
1043 940 1161 983 enim
1193 939 1429 983 instructio
1463 939 1621 982 salutis
1653 939 1863 996 quodam·
1886 956 1927 980 ιο

396 1011 526 1055 modo
557 1011 744 1054 uerbum
776 1010 859 1053 Dei
895 1013 974 1060 est,
1006 1013 1051 1052 et
1080 1025 1108 1052 a
1137 1023 1412 1066 quocumque
1442 1008 1609 1052 ueritas
1639 1008 1866 1052 doctrinae

396 1080 663 1138 proferatur,
701 1079 970 1137 acceptanda
1017 1083 1084 1122 est
1128 1094 1179 1122 eo
1229 1079 1347 1136 quod
1395 1079 1562 1122 ueritas
1611 1078 1870 1136 incorrupta

397 1165 570 1208 semper
590 1153 636 1193 et
659 1149 1007 1206 incorruptibilis
1027 1152 1105 1192 est.
1164 1149 1285 1192 Ante
1311 1148 1533 1191 diluuium
1557 1150 1603 1190 et
1629 1150 1741 1205 post,
1761 1147 1869 1190 dum

398 1220 614 1277 sanguine
638 1219 927 1269 abstineatur,
953 1233 1182 1261 concessus
1210 1220 1278 1261 est
1306 1218 1504 1261 omnium
1529 1232 1658 1270 usus3
1689 1219 1735 1260 et
1763 1218 1869 1260 ante

356 1303 382 1332 c
399 1289 669 1346 baptismum
697 1290 742 1331 et
771 1290 883 1345 post,
903 1287 1142 1330 dummodo
1168 1290 1396 1343 peccatum
1426 1286 1552 1338 uitet,
1577 1301 1705 1329 nemo
1730 1286 1867 1329 unde·
1890 1299 1930 1335 15

398 1372 586 1415 cumque
626 1357 788 1400 instrui
828 1356 1099 1414 prohibetur.
1171 1356 1221 1399 Si
1261 1356 1501 1413 Apostolus
1540 1359 1608 1399 est
1646 1355 1870 1413 aliquibus

399 1427 508 1471 odor
526 1426 682 1470 mortis
703 1426 750 1468 in
771 1428 970 1475 mortem,
991 1425 1099 1482 quid
1119 1425 1325 1482 prohibet
1349 1428 1395 1468 et
1421 1439 1529 1468 uasa
1554 1425 1710 1468 mortis
1736 1425 1870 1468 alicui

399 1496 605 1554 prodesse
625 1495 682 1538 ad
703 1495 869 1539 uitam?
921 1493 1034 1538 Cum
1052 1509 1157 1551 ergo
1172 1494 1353 1537 dicitur:
1374 1493 1595 1551 Quicquid
1611 1494 1680 1537 uis
1695 1497 1872 1552 praeter

401 1565 662 1623 sanguinem
683 1564 870 1614 comede,
891 1563 1073 1621 perinde
1094 1566 1161 1606 est
1181 1577 1231 1606 ac
1258 1563 1295 1606 si
1324 1563 1514 1620 quadam
1539 1564 1732 1621 imagine
1752 1564 1870 1607 dica-

401 1638 501 1678 tur:
535 1634 786 1677 Dummodo
815 1633 930 1676 uitia
959 1632 1118 1690 fugias,
1139 1633 1256 1690 quod
1285 1633 1478 1676 uolueris
1507 1633 1611 1690 lege.
1671 1632 1799 1676 Sicut
1821 1633 1869 1676 in
1891 1650 1934 1674 πο

402 1704 512 1747 escis
550 1703 803 1747 carnalibus
837 1702 1054 1759 quaedam
1089 1705 1195 1745 sunt
1229 1717 1341 1759 quae
1376 1702 1641 1760 digeruntur
1675 1703 1871 1755 utiliter;

402 1773 619 1830 quaedam
650 1774 891 1815 uertuntur
926 1772 973 1813 in
1008 1771 1167 1815 crudos
1202 1772 1419 1822 humores,
1447 1772 1536 1814 alia
1564 1786 1644 1829 per
1672 1772 1766 1814 uim
1795 1786 1870 1815 ex-

402 1842 625 1900 pulsiuam
655 1841 878 1884 eiciuntur
907 1840 1110 1893 omnino;
1141 1840 1356 1897 quaedam
1387 1844 1493 1884 sunt
1524 1855 1636 1898 quae
1671 1841 1803 1893 sanis,
1833 1840 1872 1883 si

404 1916 555 1955 tamen
580 1910 776 1953 modeste
803 1912 1049 1959 sumantur,
1069 1909 1306 1952 conferunt
1329 1912 1374 1952 et
1401 1909 1563 1952 obsunt
1587 1909 1873 1967 egrotatiuis;

403 1980 621 2038 quaedam
641 1978 928 2022 debilioribus
948 1977 1131 2029 faciunt,
1147 1978 1293 2021 minus
1313 1982 1462 2022 tamen
1482 1979 1734 2022 conducunt
1753 1979 1874 2022 sanis
1894 1993 1934 2027 ²5

405 2052 451 2092 et
480 2048 724 2101 sanatiuis3
763 2063 866 2091 nam
897 2048 1005 2091 haec
1032 2048 1129 2105 ipsa
1158 2062 1246 2091 non
1271 2048 1380 2091 adeo
1407 2050 1614 2091 naturam
1640 2049 1851 2091 roborant
1864 2062 1874 2101 ;

358 2123 387 2163 d
405 2117 661 2162 delicatiora
695 2118 912 2174 siquidem
948 2117 1095 2160 minus
1130 2117 1348 2168 nutriunt,
1379 2117 1520 2175 magis
1549 2118 1799 2161 communia
1829 2120 1875 2162 et

405 2187 618 2237 alimenti,
638 2190 691 2230 ut
720 2187 785 2230 ita
814 2186 1015 2237 dixerim,
1040 2186 1298 2244 pinguioris.
1359 2186 1433 2230 Sic
1462 2190 1508 2229 et
1537 2186 1584 2228 in
1614 2186 1739 2229 libris
1768 2189 1876 2230 sunt

405 2271 518 2313 quae
542 2256 747 2299 omnibus
772 2259 970 2312 prosunt,
989 2255 1096 2298 dum
1127 2258 1276 2298 tamen
1306 2255 1513 2313 legantur
1542 2256 1757 2299 modestia
1786 2256 1874 2299 dis-

406 2328 631 2383 pensante,
647 2329 699 2368 ut
719 2340 831 2382 quae
852 2324 988 2368 nichil
1009 2324 1238 2367 continent
1258 2324 1343 2367 nisi
1365 2324 1685 2368 edificationem
1706 2325 1809 2368 fidei
1829 2327 1876 2369 et
1894 2339 1937 2374 3ο

407 2408 606 2446 1norum;
646 2397 753 2437 sunt
793 2408 905 2451 quae
944 2393 1226 2437 solidioribus
1265 2393 1426 2436 animis
1460 2393 1640 2445 faciant,
1671 2395 1876 2439 habenda

407 2463 584 2520 quidem
621 2462 771 2520 procul
807 2477 834 2505 a
870 2462 1055 2506 lectione
1090 2462 1380 2520 simplicium3
1424 2466 1531 2506 sunt
1566 2478 1678 2520 quae
1713 2468 1876 2509 natura

406 2578 429 2612 ⁴
455 2577 545 2612 ergo
564 2565 597 2602 ei
617 2565 703 2601 A¹M
868 2574 909 2609 14
924 2570 1010 2619 post
1027 2564 1208 2611 sanguine
1226 2566 1310 2601 add.
1329 2564 1368 2601 in
1386 2578 1460 2612 quo
1478 2566 1584 2604 sedes
1601 2568 1660 2604 est
1676 2567 1825 2606 animae
1842 2567 1876 2605 A

407 2626 519 2660 mar-y.
540 2612 605 2650 SM
750 2622 805 2659 29,
824 2623 870 2659 30
894 2612 1111 2659 dispensate
1129 2611 1291 2649 CBASM

454 2704 475 2740 7
500 2695 617 2731 omnic
633 2695 811 2739 edificate'o
828 2695 922 2730 ctc.:
948 2705 978 2728 v.
999 2691 1093 2739 Eph.
1114 2693 1153 2730 ii.
1175 2704 1231 2730 2¹.
1348 2703 1388 2739 17
1414 2696 1505 2730 odor
1515 2697 1640 2732 moreio
1651 2697 1691 2733 in
1709 2702 1876 2735 mortem:

407 2752 428 2780 2
459 2742 540 2778 Cor.
572 2740 610 2777 ii.
643 2743 694 2777 16.
899 2750 943 2776 22
969 2743 1046 2776 uu'm
1062 2742 1293 2787 eapuleiuam
1309 2753 1316 2778 :
1345 2743 1392 2778 cs.
1410 2741 1574 2780 Cassiod.
1591 2746 1634 2779 de
1651 2745 1787 2780 Amma
1804 2756 1834 2782 c.
1853 2745 1877 2783 6

406 2793 415 2830 (
426 2789 556 2836 Migne
572 2790 662 2825 PJ..
678 2788 751 2824 lxx.
776 2789 888 2833 ¹²92)·
1052 2798 1096 2832 24
1122 2790 1347 2834 cyr-omunia:
1373 2791 1412 2825 et
1430 2789 1499 2827 hoc
1518 2791 1698 2828 vocabulo
1717 2794 1756 2830 et
1771 2804 1877 2829 sana·

405 2839 495 2873 uuio
511 2835 634 2873 utitur
651 2834 831 2873 Boethius
849 2835 887 2872 in
906 2847 996 2872 vern.
1016 2835 1128 2872 Arist.
1149 2837 1260 2873 Anat.
1279 2838 1396 2874 Prior.
1414 2836 1438 2874 i.
1456 2848 1503 2883 44
1520 2839 1583 2885 (50
1595 2850 1629 2876 a.
1649 2849 1689 2876 21
1704 2840 1838 2888 seqq.).

520 2917 581 2951 132
