1988 3250
248 181 324 231 617
344 189 371 220 c
715 179 977 224 IOANNIS
1017 179 1533 225 SARESBERIENSIS
1676 179 1789 242 [LIB.
1803 191 1856 225 VI

387 300 600 344 secundos
639 303 768 359 optat
807 303 1006 351 euentus,
1039 299 1220 343 dimicet
1253 301 1363 353 arte,
1394 315 1485 344 non
1518 314 1636 344 casu.
1711 301 1856 344 Nemo

387 384 639 427 prouocare,
677 385 808 414 nemo
846 369 1067 414 offendere
1106 369 1243 412 audet
1292 384 1424 427 quem
1462 370 1547 414 scit
1586 371 1857 428 superiorem

387 438 497 491 fore,
517 439 555 482 si
582 441 762 497 pugnet.
822 439 1117 490 Athenienses
1143 452 1283 481 unum
1310 453 1417 496 prae
1443 439 1601 483 ceteris
1625 440 1858 484 mandasse

388 509 608 553 militibus
628 509 762 567 prisci
782 509 1028 566 loquuntur
1047 508 1251 552 annales:
1282 508 1411 552 Miles
1430 509 1627 552 nondum
1647 510 1859 554 emeritus

389 579 600 622 exercitio
630 583 676 623 et
706 579 847 622 labori
874 579 1041 636 iugiter
1069 581 1303 622 assuescat.
1362 577 1481 621 Nam
1508 579 1615 623 haec
1641 579 1785 624 solent
1809 580 1858 623 in
1876 596 1896 630 5

388 649 546 692 castris
561 649 799 692 sanitatem
821 651 867 691 et
886 648 934 690 in
954 647 1162 691 conflictu
1181 650 1407 705 praestare
1427 648 1674 693 uictoriam.
1732 650 1859 693 Idem

390 718 526 760 etiam
555 718 839 761 tradiderunt
869 717 974 774 quia
1003 717 1051 759 in
1080 717 1306 774 peditibus
1336 717 1472 761 robur
1499 718 1705 775 consistit
1734 733 1858 762 exer-

389 788 516 839 citus,
536 790 583 831 et
611 802 850 845 parumper
879 792 1035 844 aptum
1065 801 1158 830 esse
1187 787 1375 830 militiae
1404 787 1494 844 qui,
1513 787 1600 831 nisi
1627 802 1761 845 eques
1786 789 1862 842 sit,

308 850 311 852 ⁵
389 872 590 915 pugnare
623 872 714 901 non
753 857 896 901 nouit.
970 856 1290 899 Verumtamen
1329 871 1410 900 nec
1449 857 1644 901 exerceri
1684 872 1764 902 nec
1802 857 1862 901 ad

389 941 586 984 pugnam
614 930 801 970 uocatur
829 925 1003 969 utiliter
1032 925 1103 969 cui
1128 926 1351 983 stipendia
1377 941 1468 969 non
1493 926 1749 984 procedunt.
1810 927 1860 971 Si
1881 940 1922 966 10

390 997 509 1040 enim
548 996 785 1040 subtrahas
828 996 1052 1047 alimenta,
1087 995 1172 1038 tibi
1212 995 1339 1039 miles
1378 996 1639 1053 obsequium
1677 997 1863 1055 negabit

343 1071 374 1112 11
390 1069 470 1110 aut
509 1066 654 1110 fidem.
714 1065 871 1108 Fames
910 1065 1040 1119 enim,
1079 1068 1132 1109 ut
1170 1065 1258 1109 dici
1297 1065 1421 1117 solet,
1461 1069 1635 1123 pugnat
1673 1066 1863 1110 interius

390 1139 436 1179 et
466 1135 560 1178 sola
594 1136 712 1187 haec,
742 1150 855 1192 quae
891 1135 1118 1179 tutissima
1146 1135 1372 1188 uidentur,
1403 1138 1643 1194 expugnat.
1707 1136 1864 1181 Nescit

389 1204 514 1262 plebs
544 1205 694 1248 ieiuna
723 1205 906 1258 timere;
951 1205 989 1248 si
1019 1219 1127 1248 uero
1156 1204 1370 1248 alimenta
1405 1205 1713 1262 processerint,
1743 1220 1864 1251 nunc

389 1274 549 1318 timore
578 1289 730 1332 penae,
750 1289 869 1318 nunc
898 1274 1195 1331 praemiorum
1225 1289 1303 1332 spe
1327 1274 1385 1317 ad
1415 1273 1607 1318 officium
1637 1275 1861 1320 incitetur.
1882 1291 1922 1328 1⁵

392 1342 496 1387 Sint
544 1344 709 1401 ubique
757 1343 1103 1401 campidoctores
1152 1347 1198 1386 et
1243 1343 1506 1387 militarium
1549 1345 1864 1388 exercitiorum

391 1413 608 1471 magistri,
638 1416 684 1457 et
717 1413 788 1456 his
819 1413 928 1470 ipsis
963 1428 1039 1456 era
1069 1413 1348 1470 proueniant,
1376 1416 1422 1457 et
1456 1413 1630 1457 uidebis
1659 1414 1707 1456 in
1736 1414 1864 1458 breui

391 1487 570 1541 gentem
600 1483 648 1526 in
678 1483 724 1526 id
754 1483 940 1526 uirtutis
969 1498 1062 1526 esse
1092 1483 1322 1526 reductam
1352 1497 1440 1540 quo
1469 1483 1654 1541 uigebat
1683 1484 1862 1541 quando

390 1553 614 1596 maximus
642 1552 961 1610 imperatorum
991 1552 1133 1596 Iulius
1164 1551 1302 1596 Cesar

600 1634 761 1678 territa
790 1634 1002 1691 quaesitis
1031 1633 1228 1677 ostendit
1256 1636 1384 1692 terga
1414 1633 1658 1679 Britannis.
1882 1630 1926 1682 ἑο

394 1712 483 1757 Sed
503 1717 550 1757 et
569 1714 910 1757 deliberationes
928 1715 1185 1765 castrenses,
1199 1714 1385 1758 fictitiae
1404 1716 1568 1768 tamen,
1584 1713 1864 1772 frequentius

394 1784 626 1842 agitentur
654 1787 707 1826 ut
736 1784 785 1826 in
815 1783 886 1827 his
916 1783 1187 1827 exercitatus
1216 1783 1356 1836 miles,
1385 1797 1486 1827 cum
1515 1798 1623 1827 usus
1653 1784 1865 1842 exegerit,

395 1853 502 1910 quid
537 1847 731 1896 maxime
766 1852 986 1910 expediat,
1017 1852 1130 1896 sciat
1163 1852 1337 1910 eligere.
1397 1852 1446 1896 Si
1480 1867 1588 1896 uero
1622 1868 1692 1897 res
1727 1854 1867 1898 fuerit

394 1923 520 1973 seria,
555 1922 695 1965 lateat
729 1922 930 1974 militem,
964 1937 1016 1966 eo
1055 1922 1174 1979 quod
1212 1921 1406 1965 militare
1445 1926 1729 1980 praeceptum
1769 1927 1867 1968 est:

252 2001 328 2043 618
349 2011 379 2041 a
396 1991 514 2045 Quid
544 1992 640 2034 fieri
670 1991 830 2035 debeat
857 1994 1048 2035 tractato
1075 2006 1174 2035 cum
1202 1991 1369 2044 multis,
1390 1992 1498 2049 quid
1527 2006 1634 2036 uero
1664 1992 1866 2037 facturus
1885 2011 1928 2047 ²5

395 2061 455 2104 sis
485 2075 586 2104 cum
615 2061 892 2118 paucissimis
921 2064 968 2104 et
996 2060 1264 2104 fidelissimis
1291 2061 1363 2104 uel
1391 2061 1540 2119 potius
1575 2062 1669 2119 ipse
1705 2065 1866 2108 tecum.

395 2131 515 2174 Raro
550 2131 668 2173 enim
703 2134 855 2173 manet
889 2130 1195 2174 absconditum
1230 2130 1349 2187 quod
1381 2131 1439 2174 ad
1471 2131 1679 2174 notitiam
1719 2133 1867 2176 multi·

395 2200 566 2243 tudinis
605 2200 742 2243 uenit.
822 2200 1036 2242 Militaria
1076 2214 1250 2256 quoque
1290 2204 1528 2257 praecepta
1568 2203 1613 2244 et
1661 2202 1868 2259 exempla

395 2273 678 2313 strenuorum
723 2269 970 2313 iunioribus
1009 2283 1139 2326 saepe
1179 2268 1413 2313 referenda
1452 2273 1559 2313 sunt
1599 2273 1652 2314 ut
1691 2271 1762 2314 his
1808 2271 1867 2315 ad
1942 2286 1946 2291 ·

395 2338 626 2382 scientiam
666 2338 959 2392 instruantur,
992 2338 1081 2381 illis
1116 2338 1416 2382 accendantur
1447 2342 1493 2383 et
1522 2340 1779 2383 animentur
1808 2341 1866 2385 ad
1884 2355 1928 2391 30

444 2452 465 2488 3
491 2444 724 2478 Athenienses
751 2444 847 2479 etc.:
874 2441 953 2479 Hoc
983 2441 1275 2479 Atheniensium
1302 2444 1546 2489 praeceptum
1577 2443 1671 2479 alibi
1698 2443 1869 2482 invenire

398 2501 474 2526 non
496 2489 613 2535 potui.
758 2500 779 2534 4
799 2491 918 2535 prisci
934 2491 1131 2572 Ivaunum·
1151 2491 1324 2526 annales:
1355 2490 1487 2536 Veget.
1507 2490 1562 2526 iii.
1582 2491 1701 2538 praef.
1719 2492 1767 2528 ad
1782 2491 1870 2530 init.

400 2546 418 2585 5
446 2539 541 2572 Nam
559 2538 643 2572 ham:
655 2538 767 2572 solent
784 2538 877 2573 ete:
905 2549 936 2572 v.
984 2539 1082 2584 eget.
1096 2536 1148 2574 iii.
1164 2547 1183 2573 2
1196 2538 1270 2583 (ed.
1290 2537 1397 2585 Lang
1413 2549 1450 2592 p.
1461 2539 1518 2575 68.
1534 2548 1576 2584 19
1587 2538 1716 2585 seqq).
1834 2547 1869 2584 7,

399 2586 420 2621 8
447 2586 486 2620 in
497 2586 679 2630 peditibus
691 2585 802 2619 robur
812 2587 970 2620 consistit
984 2586 1179 2620 exercitus:
1205 2596 1237 2621 v.
1250 2584 1383 2631 Veget.
1395 2585 1449 2621 i1i.
1463 2595 1486 2632 9
1500 2587 1550 2632 (p.
1563 2587 1619 2631 87.
1634 2597 1662 2629 1,
1677 2586 1727 2632 2).
1828 2597 1871 2624 12

399 2633 530 2668 Fames
542 2634 612 2668 etc.
629 2644 638 2667 t
655 2643 687 2667 v.
703 2631 835 2678 Veget.
846 2631 899 2667 iii.
911 2643 934 2677 9
953 2634 1003 2678 (p.
1019 2633 1075 2677 87.
1088 2642 1127 2677 9,
1142 2632 1211 2677 10).
1336 2642 1377 2679 13
1396 2634 1513 2669 Nescit
1526 2634 1596 2669 etc.
1611 2645 1619 2669 :
1639 2633 1726 2670 Luc.
1740 2634 1872 2672 Phara.

399 2678 452 2715 iii.
475 2683 532 2725 58.
664 2689 706 2724 ¹4
728 2679 849 2725 plebs:
870 2680 990 2725 plebeo
1005 2678 1121 2715 habet
1139 2678 1324 2716 Lucanus.
1461 2681 1513 2722 16.
1536 2690 1576 2725 17
1594 2683 1874 2727 campidoctores

401 2732 432 2762 et
450 2728 666 2762 militarium
684 2728 933 2762 exercitior-um
951 2729 1116 2772 meysam·
1129 2739 1135 2762 :
1163 2726 1217 2764 De
1231 2729 1549 2773 campidoctoribus
1565 2730 1604 2764 et
1620 2730 1780 2764 militum
1796 2728 1873 2766 sive

398 2786 585 2810 armorum
603 2776 788 2819 maaistris
804 2785 915 2820 saepe
934 2774 1103 2820 loquitur
1120 2774 1308 2820 Vegetius.
1453 2785 1500 2811 20
1523 2778 1651 2811 territa
1665 2778 1758 2812 eta:
1786 2775 1874 2814 Luc.

400 2822 527 2858 Pham.
546 2820 584 2858 ii.
607 2831 687 2868 572·
813 2830 855 2868 25
884 2823 979 2866 Quid
988 2823 1080 2867 fleri
1097 2823 1194 2859 eta:
1220 2821 1354 2870 Veget„
1373 2821 1427 2859 iii.
1447 2824 1494 2860 26
1512 2824 1563 2870 (p.
1584 2833 1662 2870 123.
1680 2833 1727 2860 2ο
1738 2823 1870 2871 seqq.).

510 2890 555 2938 ⁵⁶
1289 2894 1296 2903 ‘
