1988 3250
164 206 315 269 raon]
664 207 1106 254 POLICRATIOVS
1647 206 1733 256 635
1752 208 1782 246 0

159 328 312 382 officio,
337 343 465 373 rarus
495 331 564 374 est
593 329 831 372 admodum
862 328 939 385 qui
968 324 1284 386 philosophicis
1314 328 1360 371 et
1388 327 1631 372 curialibus

159 397 311 441 officiis
341 397 531 443 sufficiat
562 412 729 441 morem
769 411 934 455 gerere,
965 411 1067 440 cum
1106 397 1214 440 haec
1248 397 1334 440 sibi
1369 397 1629 454 plerumque

158 469 330 510 constet
347 467 589 524 plurimum
613 466 852 509 aduersari.
912 466 1041 509 Vnde
1065 480 1159 508 rem
1190 465 1283 508 fere
1312 466 1628 522 impossibilem
1646 474 1678 515 (1

157 535 323 579 uideris
351 536 579 593 imperare,
610 535 870 593 praesertim
899 549 1000 578 cum
1031 549 1113 592 ego
1142 535 1274 578 homo
1299 534 1383 577 sub
1408 538 1630 591 potestate

121 618 140 655 5
157 605 425 649 constitutus
438 608 483 648 et
498 605 669 650 inuitus
684 604 846 648 faciam
862 604 1056 662 plurima
1071 604 1331 647 necessitate
1345 604 1629 660 obsequendi,

157 677 204 718 et
231 674 279 717 in
309 674 390 725 his,
410 689 523 731 quae
552 675 756 734 propriae
786 674 1034 717 uoluntatis
1064 677 1110 716 et
1139 673 1382 730 sapientiae
1412 673 1630 716 instinctu

155 743 350 802 gerenda
388 746 505 794 sunt,
539 744 674 788 michi
715 744 796 786 uix
836 747 1014 800 tempus
1053 743 1341 800 indulgeatur
1378 742 1436 785 ad
1475 756 1629 799 pauca.

156 813 263 856 Dies
282 816 328 856 et
347 827 438 856 nox
457 814 714 858 necessariis
733 816 779 857 et
799 813 958 856 alienis
982 812 1345 870 occupationibus
1371 812 1629 870 transigun-

155 885 232 926 tur
250 886 303 925 ut
322 897 402 926 nec
421 883 485 926 rei
507 882 719 928 familiari
749 897 901 926 curam
929 882 1183 939 impendere
1203 881 1357 934 liceat;
1387 885 1433 924 et
1453 885 1504 924 tu
1525 882 1627 924 hor·

99 962 141 994 ιο
155 951 266 995 taris
285 955 338 995 ut
358 952 546 995 scribam
563 954 581 1001 ’ὃ
642 953 788 995 Homo
804 952 982 1009 quidem
1004 952 1237 1009 imperitus
1257 966 1355 994 sum
1376 950 1562 994 scientia.
1581 955 1628 995 et

155 1035 376 1074 sermone3
405 1024 452 1064 et
471 1036 610 1066 unum
631 1021 749 1078 quod
770 1036 861 1064 non
882 1021 1029 1078 accepi
1049 1020 1150 1064 aliis
1171 1021 1392 1078 erogabo?

327 1112 502 1156 Nauem
532 1113 569 1156 si
599 1115 752 1173 poscat
782 1113 866 1156 sibi
897 1115 1138 1170 peronatus
1167 1116 1320 1155 arator
1643 1107 1732 1156 636
1752 1108 1782 1146 b

328 1171 522 1214 Luciferi
553 1172 688 1223 rudis,
718 1171 939 1214 exclamat
968 1171 1198 1215 Melicerta
1226 1171 1393 1229 perisse

327 1229 521 1273 frontem
551 1230 606 1276 de
636 1230 779 1273 rebus,

96 1311 137 1360 ¹⁵
155 1314 205 1359 Si
224 1315 375 1373 itaque
394 1316 465 1359 uis
494 1318 547 1359 ut
570 1316 771 1367 scribam,
792 1316 850 1359 da
876 1316 948 1360 uel
977 1316 1127 1374 potius
1153 1316 1212 1359 ab
1235 1330 1287 1359 eo
1314 1315 1391 1373 qui
1420 1315 1624 1358 scientia·

153 1399 252 1428 rum
287 1385 504 1428 Dominus
543 1388 611 1432 est
650 1386 880 1429 scientiam
920 1386 1112 1444 impetra
1151 1385 1268 1429 unde
1308 1385 1521 1436 seribam;
1566 1384 1625 1427 da

151 1456 327 1512 tempus
356 1454 614 1512 expeditum
644 1458 690 1498 et
718 1455 1033 1499 necessitatum
1063 1455 1405 1499 domesticarum
1438 1454 1623 1498 exclude

150 1523 396 1577 molestias3

324 1625 439 1661 nam,
468 1611 507 1654 si
537 1610 727 1669 Virgilio
757 1626 868 1669 puer
896 1614 942 1655 et
970 1611 1200 1655 tolerabile
1230 1611 1347 1654 desit

95 1679 139 1705 το
325 1669 579 1727 hospitium,
608 1670 817 1715 caderent
846 1685 998 1714 omnes
1026 1685 1055 1713 a
1083 1670 1280 1714 crinibus
1308 1669 1426 1727 ydri.

153 1753 385 1798 Praeterea
413 1770 569 1799 uereor
594 1771 662 1807 ne,
682 1756 789 1799 dum
816 1757 874 1800 ad
901 1756 1162 1814 obsequium
1190 1756 1380 1799 deuotus
1406 1756 1623 1812 accingor,

151 1823 429 1882 dispendium
459 1825 640 1882 pudoris
670 1826 838 1869 faciens
867 1826 1142 1870 aemulorum
1172 1840 1406 1883 prouocem
1436 1825 1622 1882 linguas,

151 1893 228 1951 qui
247 1894 365 1937 mala.
384 1894 530 1938 aliena
554 1895 764 1940 facillime
794 1899 984 1953 carpunt
1015 1898 1061 1939 et
1091 1896 1208 1939 bona
1234 1894 1490 1938 difficillime
1522 1894 1622 1936 imi·

151 1964 318 2006 tantur.
378 1963 506 2018 Quod
526 1967 688 2016 autem,
708 1965 745 2008 si
766 1965 889 2008 aliud
909 1980 998 2008 non
1019 1965 1134 2018 licet,
1154 1965 1224 2009 uis
1250 1968 1304 2008 ut
1329 1964 1383 2007 de
1412 1963 1620 2007 fortunae

93 2036 136 2078 ²⁵
153 2031 318 2076 calculo
355 2033 488 2077 michi
529 2037 574 2080 et
606 2035 746 2078 Musis
781 2049 953 2092 querar,
987 2034 1202 2078 suadente
1242 2034 1420 2092 quidem
1456 2034 1619 2077 mentis
1638 2048 1663 2079 c

150 2103 358 2161 angustia
387 2103 648 2150 facillimum
678 2108 757 2157 est,
788 2120 889 2149 cum
922 2106 1051 2162 (teste
1087 2104 1301 2163 Gregorio
1336 2104 1619 2162 Nazanzeno)

149 2230 198 2260 πο
220 2222 399 2270 ospitium
416 2223 450 2259 A
542 2223 654 2270 hydri
671 2223 711 2259 M
856 2234 900 2271 23
927 2223 1138 2261 dificillime
1155 2223 1190 2259 A

196 2343 232 2378 4,
250 2341 268 2379 5
295 2334 396 2370 homo
411 2335 476 2369 sub
485 2338 660 2390 potestate
676 2334 908 2370 constitutus:
933 2332 1048 2370 Matt.
1064 2332 1142 2368 viii.
1160 2341 1195 2378 9.
1359 2341 1404 2368 10
1427 2332 1620 2378 imperitus

150 2380 246 2418 cta:
272 2392 302 2416 v.
321 2391 342 2416 2
359 2379 440 2418 Cor.
459 2392 508 2420 n.
525 2382 560 2418 6.
756 2390 793 2417 11
822 2382 915 2427 quod
938 2393 1011 2417 non
1036 2382 1158 2426 accept·
1180 2381 1274 2416 etc.:
1299 2378 1346 2415 cf.
1373 2378 1486 2416 Matt.
1512 2390 1545 2415 x.
1573 2380 1617 2421 8;

154 2437 170 2464 1
190 2426 271 2464 Cor.
288 2427 336 2463 iv.
354 2437 386 2472 7.
549 2439 589 2464 12
614 2429 754 2464 Nauem
773 2429 844 2465 etc.
863 2441 871 2464 ε
899 2427 1000 2465 Pers.
1018 2429 1094 2465 Sat.
1113 2440 1145 2464 v.
1166 2437 1338 2471 102-104.
1497 2436 1552 2472 15,
1574 2428 1618 2464 16

149 2476 381 2511 scientiarum
398 2477 599 2512 Dominus:
630 2485 644 2512 1
672 2475 765 2522 Reg.
788 2474 828 2511 ii.
855 2485 888 2521 3.
1097 2485 1141 2521 19
1164 2487 1262 2517 nam,
1288 2477 1323 2510 εἰ
1344 2475 1495 2519 Viryilio
1521 2475 1616 2510 etc&

151 2520 229 2558 Iuv.
245 2523 319 2558 Sat.
338 2521 400 2559 vii.
417 2524 474 2570 69,
491 2532 548 2568 70.
650 2524 740 2558 desit
755 2535 764 2558 ι
789 2525 918 2558 dee-ead
934 2522 1014 2558 Iuv.
1169 2531 1212 2569 25
1239 2523 1351 2557 mr‘chi
1366 2527 1398 2557 ee
1416 2523 1556 2557 Musis:
1583 2533 1615 2558 v.

149 2570 519 2653 2¹1¹ffi⁶30⁵234211um
555 2570 714 2653 ἕὲζέἶξ
735 2571 907 2664 (ἷῧῖἕῖέ
927 2572 1244 2654 ἔέιίῗῒᾍὶεῖ
1264 2569 1403 2652 ῗὲἕὶ.
1424 2569 1516 2662 {33
1535 2570 1617 2663 „³9²ss

150 2663 338 2709 θυμότερον
360 2664 396 2699 ἐν
418 2666 488 2701 τοῖς
503 2664 699 2710 ἀλλοτρίοις
715 2663 734 2708 ἦ
754 2667 826 2701 τοῖς
842 2666 974 2702 olacion-
990 2667 1257 2711 φιλοσοφοῦσιν
1272 2664 1457 2710 ἄνθρωποι.
1506 2663 1615 2700 Vnde

151 2709 250 2746 hanc
265 2708 460 2756 scriptoris
475 2710 609 2747 Graeci
633 2710 856 2748 sententiam
881 2711 1057 2748 didicerit
1074 2711 1245 2754 Ioannes,
1263 2711 1436 2748 conicere
1452 2722 1613 2756 nequeo.

152 2755 334 2793 Exstabat
357 2757 507 2803 quidem
529 2757 571 2794 in
593 2757 721 2794 Nostri
743 2758 890 2795 saeculo
907 2758 1174 2805 opusculorum
1192 2758 1367 2806 Gregorii
1390 2757 1615 2794 Nazianzeni

151 2804 384 2888 quoziuntzam
401 2804 518 2842 versio
543 2804 676 2842 Latine
700 2817 723 2842 a
747 2805 880 2843 Rufino
897 2807 1050 2853 scripta,
1069 2817 1165 2852 quae
1183 2808 1315 2843 tamen
1333 2805 1522 2852 Epistolas
1539 2817 1615 2842 non

151 2862 223 2889 con
257 2861 303 2888 ne
322 2877 331 2888 .

1460 2933 1502 2969 91
