1988 3250
148 234 246 268 mr.
262 220 372 282 xxv]
659 220 1096 266 POLICRATICVS
1620 232 1706 273 ⁷09
1725 223 1755 262 b

147 342 345 384 libertati
364 339 582 398 parcendo
601 339 799 396 personis
825 339 968 382 dicere
988 338 1043 382 de
1064 339 1213 391 uitiis;
1243 340 1450 396 quoniam
1471 342 1517 383 ct
1536 340 1607 383 ius

148 413 216 454 est
244 424 330 467 quo
356 409 459 452 licet
485 423 613 451 ueras
639 422 894 465 expromere
921 422 1049 451 uoces
1078 410 1124 450 et
1153 409 1270 464 quod
1301 409 1435 451 etiam
1466 410 1608 452 seruis

147 479 358 524 aduersus
391 478 603 528 dominos,
634 477 739 520 dum
780 491 887 519 uera
926 476 1180 533 loquuntur,
1212 477 1498 520 Decembrem
1539 479 1607 520 in-

148 547 300 605 dulget
326 547 589 590 libertatem.
649 545 771 589 Tunc
801 560 917 603 ergo,
942 560 1031 588 non
1061 546 1301 603 impetrata
1329 546 1471 596 uenia,
1495 562 1608 603 quae

111 637 131 670 5
148 618 242 675 ipso
262 617 356 659 iure
376 615 598 673 competit,
610 615 785 672 linguas
800 617 977 666 acuunt,
994 618 1040 658 et
1059 615 1268 671 quicquid
1289 630 1362 658 eos
1377 618 1473 658 toto
1492 630 1610 658 anno

149 687 242 730 urit
270 686 450 743 impunc
470 684 755 742 redarguunt,
775 684 923 741 palam
947 684 1203 741 detegentes
1224 688 1270 727 ct
1289 684 1488 735 crimina,
1502 684 1610 727 dum

149 759 297 800 tamen
328 754 516 812 expletis
549 753 860 796 Saturnalibus
894 754 1007 796 citra
1037 754 1214 796 ueniam
1244 769 1520 810 nequaquam
1553 754 1610 796 ad

149 824 468 869 accusationem
502 823 780 866 dominorum
814 826 1159 880 patronorumue
1193 824 1438 880 prosiliant.
1498 823 1612 865 Vtor

150 908 254 952 ergo
282 893 487 936 libertate
517 892 759 943 Decembri,
780 894 825 934 et
854 892 987 935 iussis
1022 892 1112 935 tuis
1143 892 1462 950 obtemperans,
1494 892 1611 949 quod

95 985 135 1009 ιο
150 977 220 1006 mc
246 964 291 1006 et
317 965 363 1006 te
389 962 481 1005 urit
509 961 719 1004 beneficio
746 961 859 1004 iuris
883 962 1105 1004 communi
1131 962 1318 1004 fidenter
1344 976 1495 1019 arguo,
1523 976 1611 1005 non

150 1046 323 1076 necesse
365 1034 489 1074 ratus
531 1030 707 1073 ueniam
751 1030 989 1087 impetrare
1034 1031 1081 1073 in
1131 1031 1202 1074 his
1249 1046 1361 1088 quae
1411 1031 1611 1089 publicae

151 1101 352 1145 seruiunt
381 1100 570 1144 utilitati
600 1102 645 1143 et
674 1102 778 1143 tuae
809 1103 915 1143 sunt
944 1100 1108 1157 placita
1138 1100 1374 1145 uoluntati.

631 1225 844 1257 EXPLICIT
875 1226 1014 1258 LIBER
1045 1227 1127 1258 vu.

153 1358 176 1394 9
201 1347 417 1385 Decembris
433 1346 595 1384 CBASM
706 1348 972 1394 optemperans
989 1347 1023 1382 A
1244 1357 1286 1394 13
1312 1346 1482 1395 Explicit
1501 1347 1614 1385 Liber

155 1394 346 1443 Septimus
361 1394 434 1431 AM

201 1515 222 1542 2
247 1517 450 1551 expromere
467 1517 588 1542 uoces:
614 1504 726 1552 Verg.
744 1508 835 1541 Aen.
854 1504 892 1541 ii.
913 1507 993 1542 280.
1154 1506 1185 1546 8.
1205 1516 1228 1552 9
1258 1507 1345 1542 Vtar
1358 1518 1438 1551 erqo
1454 1507 1615 1543 libertate

153 1554 358 1591 Decembri:
385 1564 417 1589 v.
435 1552 522 1590 Hor.
540 1554 615 1590 Sat.
632 1551 672 1589 ii.
692 1563 724 1598 7.
742 1564 776 1598 4,
796 1562 828 1600 5.
926 1563 949 1600 9
973 1554 1070 1589 tuis:
1097 1563 1147 1589 sc.
1164 1553 1332 1591 'rhomae
1348 1553 1578 1592 cancellarii.

219 2929 333 2948 wnsn
846 2930 872 2958 G
900 2931 928 2970 g
1448 2935 1514 2970 ²²5
