1988 3250
190 232 271 273 595
290 233 315 264 c
661 221 925 266 IOANNIS
963 220 1479 267 SARESBERIENSIS
1631 222 1741 285 [ΜΒ.
1755 235 1808 268 vi

331 341 519 385 missilia
557 344 603 386 et
641 341 811 399 lapides
849 357 987 385 manu
1027 342 1102 386 uel
1147 342 1290 386 funda
1339 343 1490 388 docuit
1530 346 1576 387 et
1615 344 1808 401 qualiter

332 411 498 455 bellum
518 426 648 455 omne
668 414 748 454 aut
768 412 978 455 sustineri
998 412 1158 455 debeat
1182 416 1263 456 aut
1285 412 1458 458 inferri.
1517 412 1660 457 Nouit
1687 415 1805 457 enim

332 481 705 538 prudentissimus
725 483 772 524 et
790 480 980 538 diligens
1001 481 1243 539 imperator
1262 482 1368 539 quia

506 587 595 629 quo
624 572 759 615 semel
788 576 856 615 est
885 573 1059 616 imbuta
1088 588 1238 617 recens
1267 574 1466 617 seruabit
1494 574 1674 618 odorem

508 634 626 674 testa
654 631 745 683 diu,
1825 648 1846 682 5

333 726 380 766 et
410 723 529 780 quod
547 739 638 767 non
658 726 836 766 tantum
856 723 1040 767 celerius
1067 724 1144 767 sed
1174 725 1309 768 etiam
1329 724 1570 782 perfectius
1599 724 1805 767 imbuun-

333 796 412 836 tur
446 807 559 850 quae
591 793 824 836 discuntur
855 808 883 836 a
916 794 1079 850 pueris.
1159 793 1331 837 Deinde
1361 794 1568 837 militaris
1600 794 1807 837 alacritas

290 866 319 906 d
335 862 476 905 saltus
496 865 542 905 et
560 877 714 906 cursus
734 866 838 905 ante
863 862 1159 919 comparanda
1185 866 1253 906 est
1282 867 1327 906 et
1356 863 1646 920 temperanda
1673 877 1807 920 quam

334 947 492 989 corpus
523 935 641 975 etate
671 932 904 989 pigrescat.
963 932 1184 976 Velocitas
1214 933 1344 984 enim,
1367 947 1480 989 quae
1504 935 1712 990 percepta
1740 935 1808 975 est

332 1005 379 1045 et
402 1002 580 1044 firmata
610 1005 677 1044 est
704 1001 926 1052 exercitio,
954 1004 1186 1044 strenuum
1213 1001 1346 1046 efficit
1375 1002 1646 1046 bellatorem.
1711 1001 1806 1045 Nec
1827 1017 1867 1041 10

331 1070 524 1113 multum
563 1069 703 1113 refert
741 1070 780 1112 si
818 1073 966 1113 cetera
1011 1071 1248 1127 probitatis
1293 1074 1559 1115 concurrant
1601 1071 1807 1128 insignia,

331 1139 502 1196 proceri
522 1139 614 1182 sint
634 1154 692 1181 an
716 1142 916 1182 staturae
945 1140 1185 1192 breuioris3
1215 1140 1371 1183 utilius
1400 1140 1518 1183 enim
1545 1143 1613 1184 est
1642 1140 1808 1183 milites

332 1208 473 1252 fortes
513 1223 606 1251 esse
646 1223 781 1265 quam
819 1208 1024 1266 grandes.
1083 1209 1306 1252 Delectori
1346 1224 1427 1253 suo
1461 1209 1607 1253 fertur
1641 1210 1808 1252 dixisse

332 1277 508 1321 Pirrus:
539 1277 607 1320 Tu
626 1277 818 1334 grandes
838 1277 964 1335 elige,
987 1293 1067 1335 ego
1088 1293 1161 1322 eos
1182 1278 1321 1322 fortes
1341 1279 1534 1322 reddam.

389 1347 461 1389 Ad
482 1347 705 1390 tumulum
727 1347 987 1390 Archemori
1008 1347 1115 1390 dum
1140 1347 1268 1390 ludos
1292 1348 1493 1391 solennes
1513 1348 1671 1391 Grecia
1696 1347 1806 1391 cele·
1827 1363 1867 1399 15

331 1417 495 1468 braret,
515 1416 702 1459 Tideum
724 1415 933 1474 Capaneo
952 1417 1227 1474 praestitisse
1243 1417 1495 1475 percelebre
1515 1421 1583 1461 est
1603 1417 1709 1475 quia

535 1514 678 1558 maior
707 1514 756 1557 in
786 1515 950 1572 exiguo
980 1515 1197 1573 regnabat
1225 1530 1406 1573 corpore
1435 1515 1592 1559 uirtus.

331 1606 400 1650 De
424 1607 636 1650 exercitio
657 1606 812 1664 Magni
841 1607 1038 1664 Pompeii
1068 1610 1286 1651 memorat
1313 1607 1535 1650 Salustius
1562 1606 1680 1664 quod
1704 1621 1806 1650 cum

331 1676 552 1720 alacribus
568 1676 700 1727 saltu,
717 1691 817 1720 cum
832 1676 1057 1720 uelocibus
1073 1691 1216 1727 cursu,
1231 1691 1332 1720 cum
1347 1676 1509 1720 ualidis
1523 1679 1650 1720 uecte
1664 1679 1804 1720 certa·

331 1746 425 1790 bat.
498 1746 656 1803 Neque
686 1746 805 1788 enim
836 1746 910 1789 ille
941 1746 1072 1789 aliter
1106 1746 1324 1804 potuisset
1355 1761 1438 1803 par
1468 1760 1561 1789 esse
1595 1745 1804 1798 Sertorio,
1824 1762 1872 1789 ao

331 1816 419 1858 nisi
447 1830 493 1858 se
521 1818 567 1858 et
590 1815 756 1858 milites
780 1830 882 1859 suos
911 1815 1220 1872 frequentibus
1250 1815 1473 1859 exercitiis
1500 1817 1806 1873 praeparasset

176 1892 264 1942 596
285 1902 316 1931 a
332 1885 390 1928 ad
410 1884 589 1943 praelia.
641 1885 902 1936 Recedendi,
918 1884 1178 1935 assultandi,
1199 1884 1423 1928 insiliendi
1443 1899 1516 1927 ars
1535 1899 1625 1927 non
1641 1884 1806 1927 medio·

331 1955 418 1998 cris
450 1957 530 2007 est,
559 1954 686 1998 cuius
715 1954 928 1997 beneficio
961 1954 1040 1997 illa
1069 1957 1276 1997 seruatur
1304 1954 1478 1998 cautela
1506 1956 1557 1997 ut
1593 1953 1719 1997 miles
1749 1953 1806 1997 ad

331 2023 614 2067 inferendum
648 2023 814 2066 uulnus
848 2024 910 2067 sic
942 2023 1147 2082 insurgat
1177 2023 1225 2066 in
1264 2023 1436 2067 hostem
1474 2026 1528 2066 ut
1566 2022 1708 2066 eidem
1748 2037 1805 2066 ex

332 2094 483 2150 aliqua
512 2096 639 2150 parte
669 2107 759 2136 non
789 2096 943 2150 pateat
971 2093 1029 2136 ad
1059 2093 1248 2151 plagam.
1308 2092 1582 2136 Exercitium
1616 2092 1802 2135 natandi
1823 2110 1871 2147 ες

332 2162 690 2220 percommodum
712 2165 790 2212 est,
810 2177 910 2205 cum
931 2162 978 2204 in
1000 2162 1199 2206 terrestri
1228 2162 1395 2220 praelio
1418 2161 1490 2205 uel
1514 2161 1676 2214 nauali,
1697 2161 1805 2219 quid

332 2232 404 2275 cui
429 2231 668 2275 necessitas
695 2234 834 2288 paret,
862 2231 1028 2274 nemini
1054 2231 1334 2289 perspicuum
1358 2231 1429 2284 sit,
1453 2246 1533 2275 nec
1563 2234 1631 2274 est
1660 2245 1807 2288 prom-

332 2305 461 2359 ptum
494 2300 747 2358 quempiam
779 2304 888 2352 arte,
921 2315 1054 2358 quam
1087 2315 1176 2344 non
1216 2300 1384 2351 didicit,
1419 2315 1446 2343 a
1484 2300 1691 2358 periculis
1731 2314 1807 2343 ex-

331 2370 488 2429 pediri.
548 2370 783 2412 Missilium
805 2385 979 2427 quoque
1003 2385 1110 2414 usus
1130 2373 1198 2414 est
1224 2370 1457 2422 maximus,
1477 2369 1639 2427 quibus
1666 2369 1807 2414 hostis

332 2510 367 2552 6,
386 2518 407 2553 7
433 2507 632 2544 imbuntur
649 2507 673 2543 S
821 2515 860 2554 15
887 2506 1078 2544 sollennes
1093 2506 1146 2543 A:
1171 2506 1400 2554 sollempnes
1414 2505 1438 2543 S
1581 2506 1628 2543 26
1651 2506 1753 2553 quod
1766 2505 1807 2543 M

332 2566 390 2602 27,
409 2557 454 2592 28
479 2557 669 2602 promtum
687 2554 715 2591 C

381 2688 405 2723 4
429 2690 499 2725 quo
515 2678 621 2713 semel
638 2679 733 2714 etc:
760 2676 851 2713 Hor.
868 2677 937 2722 Ep.
958 2674 982 2711 i.
1001 2685 1033 2711 2.
1050 2675 1108 2730 69,
1127 2684 1183 2720 70.
1254 2675 1278 2712 6
1302 2680 1444 2711 tamum
1462 2675 1553 2711 eta:
1578 2673 1710 2722 Veget.
1729 2673 1753 2712 i.
1770 2685 1805 2721 4.

339 2736 392 2770 10,
415 2735 451 2762 11
482 2726 554 2761 Nee
571 2726 726 2760 multum
744 2726 837 2761 etc.:
863 2735 895 2759 v,
916 2722 1051 2769 Veget.
1069 2734 1093 2759 1.
1112 2724 1135 2759 6
1153 2722 1199 2758 ud
1219 2722 1280 2758 fin.
1443 2732 1483 2767 13
1510 2723 1688 2758 Delectari
1712 2725 1804 2760 eta:

333 2785 367 2809 v.
387 2772 560 2809 Frontin.
578 2774 727 2816 stratey.
746 2770 791 2807 iv.
819 2781 829 2807 1
854 2770 871 2817 §
892 2781 925 2816 3.
1121 2779 1161 2814 ¹7
1189 2772 1308 2805 maior
1321 2771 1414 2806 etc.:
1440 2769 1537 2807 Stat.
1557 2770 1662 2806 Theb.
1679 2769 1704 2806 i.
1724 2780 1806 2816 417.

339 2822 380 2858 18
408 2821 462 2856 Do
479 2821 647 2857 excercitio
664 2821 755 2855 etc:
781 2817 911 2864 Veget.
930 2817 955 2854 i.
973 2828 1006 2864 9.
1103 2827 1148 2853 22
1174 2818 1372 2853 Recedendc
1395 2818 1490 2853 etc.:
1518 2829 1548 2854 v.
1567 2817 1698 2865 veget.
1717 2816 1741 2855 i.
1762 2828 1801 2856 11

335 2867 384 2905 ad
402 2867 467 2904 flu.
611 2876 654 2915 25
683 2867 908 2903 Eur-citium
925 2868 1020 2903 etc.:
1046 2876 1081 2900 v.
1100 2864 1230 2912 Veget.
1248 2864 1271 2902 i.
1294 2875 1337 2903 10
1353 2864 1401 2902 ad
1419 2865 1484 2901 fln.

449 2949 490 2982 ¹⁴
