1988 3250
237 203 319 251 765
336 211 366 242 ἃ
710 201 972 246 IOANNIS
1011 201 1526 247 SARESBERIENSIS
1625 200 1735 262 [ΜΒ.
1750 211 1843 245 VIII

336 332 366 361 a
384 323 463 366 Vis
484 323 707 367 hominem
726 323 878 367 uidere
903 324 1160 369 liberalem?
1218 322 1299 367 Vis
1322 338 1474 367 ueram
1501 326 1547 367 et
1571 323 1844 366 fructuosam

383 392 638 450 largitatem
657 393 843 437 audire‘l
900 393 1261 437 Deflecteoculos
1290 393 1347 436 ad
1379 407 1480 436 eum
1509 393 1587 450 qui
1617 392 1844 435 uermibus

382 465 554 506 scatens
586 462 702 506 iacet
732 463 780 505 in
809 463 1088 520 sterquilinio
1120 466 1166 506 et
1194 465 1311 506 testa
1338 463 1550 506 fluentem
1580 462 1635 505 de
1664 474 1844 518 corpore

381 531 550 574 saniem
584 532 716 577 radit.
775 532 895 575 Audi
928 532 1035 589 quid
1071 532 1280 589 loquatur
1310 532 1383 575 uir
1420 532 1566 575 iustus
1605 534 1651 574 et
1682 531 1844 573 timens

382 600 527 644 Deum
552 604 598 645 et
617 602 822 645 recedens
841 617 869 645 a
898 602 1026 646 malo.
1088 602 1192 645 Non
1222 602 1377 659 utique
1406 601 1541 644 dicit:
1571 600 1773 658 Cythara
1799 602 1845 642 et
1866 611 1885 645 5

382 670 477 721 lira,
497 671 756 728 psalterium
777 674 822 714 et
849 672 1081 714 sambucca
1110 674 1156 714 et
1184 685 1313 714 omne
1341 685 1482 728 genus
1502 670 1770 713 musicorum
1797 669 1844 711 in

381 740 599 784 conuiuiis
630 741 752 784 meis.
827 741 930 784 Non
964 741 1096 784 dicit:
1141 740 1368 797 Epulabar
1405 739 1566 783 cotidie
1605 738 1845 796 splendide,

380 812 540 866 gustus
571 823 651 867 per
682 810 832 853 omnia
866 810 1084 853 elementa
1110 823 1348 867 quaerens3
1379 808 1677 852 sollicitudine
1700 807 1845 850 multa

380 879 656 930 contrahens,
676 879 794 922 unde
813 880 1132 922 conficerentur
1150 883 1344 922 stercora
1357 881 1437 921 aut
1451 880 1610 921 uenter
1624 877 1846 920 distentus

382 947 512 992 facile
527 949 574 990 in
588 949 794 992 libidines
809 949 1092 1006 dispumaret.
1138 949 1243 992 Non
1255 948 1386 992 dicit:
1406 947 1633 991 Induebar
1646 960 1845 1005 purpura
1869 959 1910 985 ιο

381 1020 428 1061 et
446 1017 564 1061 bisso
583 1033 769 1076 opereue
790 1018 1019 1075 plumario,
1040 1019 1252 1061 affectans

539 1109 656 1167 quod
687 1109 853 1154 Nilotis
882 1124 986 1152 acus
1016 1109 1294 1167 complexum
1323 1108 1496 1166 pectine
1526 1107 1686 1167 Serum

381 1195 506 1239 falsis
522 1196 668 1239 inanis
686 1197 807 1239 uitae
827 1195 1016 1239 obduxit
1036 1196 1317 1254 imaginibus,
1332 1199 1378 1239 et
1397 1195 1597 1238 uestibus
1618 1193 1846 1252 fulgebam

382 1265 619 1317 deauratis,
638 1266 936 1310 circumdatus
956 1266 1184 1310 uarietate.
1244 1265 1348 1309 Non
1375 1265 1516 1309 dixit:
1546 1264 1619 1308 Ad
1645 1278 1716 1307 me
1745 1277 1845 1307 con-

335 1335 366 1375 δ
383 1334 582 1378 fluebant
605 1335 801 1392 undique
1867 1350 1908 1385 ¹⁸

555 1422 755 1474 mendici,
786 1422 958 1474 mimae,
987 1422 1250 1473 balatrones,
1280 1422 1362 1466 hoc
1391 1434 1532 1479 genus
1560 1435 1702 1471 omne,

382 1517 616 1557 uenatores
635 1513 824 1565 clamosi,
845 1514 1114 1558 dulchorarii
1141 1513 1383 1566 mendaces,
1403 1513 1641 1557 histriones
1664 1511 1770 1555 uani
1802 1514 1847 1555 et

382 1584 567 1640 parasiti
599 1583 763 1634 edaces,
798 1584 1049 1627 meretrices
1081 1583 1266 1635 dolosae,
1298 1582 1571 1641 rumigeruli,
1606 1579 1847 1639 falsiloqui,

383 1656 429 1696 et
467 1653 677 1696 relatores
715 1656 796 1696 aut
834 1656 1114 1697 concentores
1153 1653 1353 1696 inanium
1394 1652 1661 1696 fabularum.
1741 1650 1846 1695 Non

381 1722 512 1766 dicit:
545 1722 711 1765 Leones
731 1737 856 1765 ursos
876 1723 1045 1766 alebam
1068 1726 1114 1766 et
1133 1722 1284 1766 simias
1305 1725 1350 1765 et
1370 1721 1623 1765 huiusmodi
1645 1723 1844 1764 monstra
1869 1737 1913 1763 ae

380 1795 461 1835 aut
480 1791 642 1849 probra
662 1794 859 1835 naturae.
919 1792 1036 1846 Quid
1053 1793 1190 1850 ergo‘l
1251 1791 1412 1835 Nonne
1431 1790 1538 1834 haec
1558 1793 1665 1834 sunt
1685 1789 1846 1847 quibus

383 1864 559 1904 nostrae
590 1861 723 1903 etatis
757 1861 1001 1904 liberalitas
1034 1862 1315 1906 illustratur?
1386 1859 1617 1917 Numquid
1652 1859 1747 1903 sine
1777 1858 1847 1902 his

384 1929 568 1987 largitas
601 1944 693 1972 esse
725 1931 900 1987 potest?
959 1930 1196 1981 Humerus,
1228 1930 1387 1987 inquit,
1422 1943 1546 1972 meus
1579 1943 1608 1972 a
1641 1928 1848 1972 iunctura

384 2014 465 2042 sua
495 1999 636 2051 cadat,
658 2001 703 2042 et
737 1999 965 2043 brachium
1002 2015 1146 2043 meum
1179 2014 1280 2043 cum
1310 1999 1480 2042 ossibus
1510 2000 1776 2049 conteratur,
1808 1997 1846 2041 si

383 2068 544 2126 negaui
583 2067 700 2125 quod
739 2068 950 2112 uolebant
988 2069 1268 2127 pauperibus,
1306 2068 1344 2112 si
1383 2068 1532 2112 oculos
1569 2067 1732 2111 uiduae
1771 2081 1846 2111 ex·
1868 2083 1910 2118 ³5

383 2141 559 2195 pectare
580 2136 677 2190 feci,
697 2137 734 2180 si
754 2138 921 2181 comedi
937 2138 1175 2182 buccellam
1191 2153 1334 2182 meam
1354 2137 1474 2182 solus
1489 2140 1534 2181 et
1549 2152 1638 2180 non
1658 2136 1848 2181 comedit

385 2237 406 2270 4
433 2229 472 2262 et
489 2238 557 2262 om.
577 2225 616 2261 M
758 2226 782 2262 6
805 2224 1001 2262 salterium
1019 2224 1043 2262 S
1139 2225 1319 2262 sambuca
1334 2223 1410 2261 0¹A
1427 2238 1437 2263 :
1462 2222 1628 2260 sanbuca
1645 2222 1670 2260 S
1825 2232 1846 2269 7

385 2272 604 2328 cottidjefss.¹
767 2282 804 2310 ιι
833 2273 941 2319 bysso
960 2272 1030 2308 ΒΜ
1053 2319 1076 2327 ..
1195 2282 1234 2309 12
1260 2271 1476 2327 Nilotistn
1493 2270 1581 2308 lotis
1597 2270 1644 2307 A¹
1806 2281 1848 2318 13

384 2321 629 2368 ymaginibus
645 2319 685 2356 M
810 2329 849 2365 17
875 2319 1079 2357 dulcorarii
1099 2318 1181 2357 SM·
1305 2330 1349 2357 22
1375 2318 1448 2355 hus
1466 2318 1491 2356 S

434 2412 455 2438 2
481 2413 561 2437 eum
577 2403 674 2438 etc:
701 2400 769 2437 i.e.
790 2399 865 2436 Iob.
1056 2410 1090 2441 2,
1110 2410 1128 2444 3
1155 2400 1339 2435 amnibus
1353 2404 1512 2435 scatens:
1539 2410 1570 2433 v.
1590 2396 1657 2434 Iob
1674 2395 1762 2433 xvii.
1783 2406 1849 2443 143

385 2450 569 2485 uermibus
582 2453 715 2485 ecaem
730 2447 871 2483 dicitur
888 2445 995 2493 panis
1018 2446 1191 2483 caelestis
1216 2458 1332 2492 usque
1357 2457 1467 2483 mane
1493 2444 1667 2482 dimissus
1685 2443 1752 2480 Ex.
1778 2443 1851 2481 xvi.

386 2506 443 2533 20.
602 2505 623 2542 3
649 2496 740 2531 iacet
757 2496 852 2532 etc.:
881 2506 912 2530 v.
934 2493 999 2530 lob
1024 2493 1061 2530 ii.
1082 2496 1113 2531 8.
1257 2505 1279 2538 ⁴
1303 2495 1367 2529 uir
1381 2495 1498 2529 iustus
1513 2495 1607 2530 etc.:
1634 2504 1666 2528 v.
1686 2491 1753 2528 Iob
1770 2491 1795 2528 i.
1818 2501 1848 2530 1.

437 2543 597 2589 cythara
625 2545 724 2579 etc.:
762 2555 795 2579 v.
815 2542 883 2578 Ina.
901 2553 932 2576 v.
958 2551 1011 2578 12.
1168 2550 1188 2585 7
1216 2542 1409 2587 Epulabar
1434 2542 1561 2577 cotidie
1587 2540 1791 2586 splendide:
1816 2550 1849 2576 v.

417 2602 472 2627 uc.
493 2589 566 2626 xvi.
589 2599 640 2634 ¹9.
802 2591 822 2626 8
847 2594 972 2632 quatu-⁹
997 2590 1092 2625 ete:
1121 2588 1286 2625 1uv.Sat.
1309 2587 1358 2626 xi.
1381 2598 1433 2633 14.
1599 2598 1642 2624 10
1666 2587 1852 2624 Induebar

387 2640 483 2675 ew:
509 2649 540 2673 v.
561 2636 647 2674 Luc.
667 2636 737 2673 xvi.
761 2647 815 2682 19,
829 2634 901 2693 βπ.
920 2635 1015 2671 xxvi.
1039 2647 1066 2672 1.
1173 2682 1180 2690 ¹
1230 2646 1270 2673 12
1288 2637 1422 2673 Nilotis
1438 2636 1533 2672 etc.:
1559 2633 1650 2671 Luc.
1668 2635 1796 2692 P’mes
1812 2644 1848 2671 x.

390 2682 1400 2769 ¹ixidulcordr?t.mefflllixiiicxiisigilbffgtlobo²io2cabuu
1419 2683 1848 2784 egggffihgrgffiur1i2

417 2791 477 2818 ex.
505 2778 695 2824 numaga.
845 2780 885 2815 18
911 2780 1150 2823 rumiqemli:
1192 2778 1273 2815 Hoc
1299 2777 1522 2815 vocabulum
1546 2775 1662 2814 habet
1688 2776 1844 2814 Hieron.

386 2828 483 2874 Epp.
504 2826 531 2863 1.
557 2837 597 2871 1.,
615 2826 723 2864 cxvii.
747 2836 791 2864 ιο
817 2825 965 2872 (Migne
992 2826 1034 2861 P.
1054 2827 1094 2862 L.
1121 2825 1211 2862 xxii.
1237 2835 1317 2873 512,
1344 2826 1443 2873 959).
1585 2834 1630 2871 23
1666 2824 1847 2861 Has-um

385 2877 485 2912 eta:
511 2874 577 2912 Iob
595 2874 695 2911 xxxi.
714 2884 770 2919 22,
793 2874 847 2920 16,
869 2883 923 2919 17,
942 2884 998 2920 3²·
1022 2883 1074 2920 19,
1095 2883 1149 2910 ιο.

498 2938 562 2972 3²²
