1988 3250
150 284 250 318 oAr.
264 271 389 333 xx11]
667 270 1108 316 POLICRATICVS
1633 268 1716 309 808
1741 280 1765 310 c

150 393 345 450 riperent
370 390 428 434 ab
465 390 661 434 humeris
699 389 969 440 Leuitarum,
1003 389 1087 433 loci
1126 389 1402 433 immemores
1442 390 1517 446 qui
1561 389 1609 432 in

147 463 423 518 praesentem
457 459 574 502 diem
605 458 770 503 dicitur
803 458 920 501 Ozae
951 458 1185 515 percussio.
1245 458 1370 501 Alios
1401 458 1495 501 uidi
1531 458 1608 514 qui

147 529 282 572 libros
316 529 426 586 legis
456 528 675 586 deputant
705 527 798 585 igni
838 541 918 570 nec
952 526 1150 570 scindere
1184 530 1454 577 uererentur,
1489 527 1526 569 si
1561 527 1608 569 in

146 612 304 642 manus
343 612 494 641 eorum
532 597 632 640 iura
675 596 959 654 peruenirent
997 599 1077 639 aut
1118 610 1317 639 canones.
1394 595 1607 652 Tempore

109 686 129 720 5
147 667 263 724 regis
282 667 497 724 Stephani
517 681 545 710 a
564 681 700 724 regno
719 666 863 709 iussae
886 668 992 708 sunt
1017 665 1135 723 leges
1165 665 1400 715 Romanae,
1421 678 1531 720 quas
1559 664 1606 706 in
1623 663 1652 703 d

146 736 424 780 Britanniam
448 736 604 779 domus
632 735 897 778 uenerabilis
923 734 1062 792 patris
1081 733 1352 778 Theodbaldi
1381 733 1606 776 Britanni-

145 819 271 849 arum
302 806 505 863 primatis
538 805 768 850 asciuerat.
828 804 898 848 Ne
930 804 1028 861 quis
1062 803 1197 846 etiam
1231 803 1366 846 libros
1396 802 1607 845 retineret

145 875 288 919 edicto
327 875 448 932 regio
487 874 760 932 prohibitum
800 876 868 918 est
906 876 952 917 et
990 873 1177 916 Vacario
1207 875 1359 916 nostro
1389 871 1605 915 indictum

144 944 393 997 silentium
423 944 512 997 sed,
535 944 629 987 Deo
650 943 852 995 faciente,
873 957 924 986 eo
950 942 1092 1000 magis
1111 942 1257 986 uirtus
1283 940 1393 999 legis
1413 940 1606 984 inualuit

87 1035 129 1061 ιο
145 1028 232 1070 quo
252 1028 348 1057 eam
368 1013 558 1071 amplius
577 1013 804 1056 nitebatur
822 1012 1026 1069 impietas
1041 1012 1277 1054 infirmare.
1329 1011 1439 1064 Quis
1454 1013 1603 1053 autem

143 1083 191 1126 in
211 1085 280 1127 tot
294 1083 472 1126 milibus
484 1097 669 1140 regnare
683 1082 984 1126 affectantium
997 1095 1090 1125 esse
1105 1081 1205 1124 uult
1216 1080 1372 1124 similis
1386 1080 1605 1123 Gedeoni'ss

143 1154 239 1196 Aut
267 1153 366 1210 quis
395 1153 535 1210 legem
565 1152 651 1196 sibi
679 1152 779 1195 uult
808 1151 1026 1195 dominari
1058 1154 1104 1194 et
1134 1151 1326 1208 populo?
1386 1149 1604 1193 Omnibus

143 1226 294 1266 tamen
313 1222 424 1265 illud
444 1222 622 1265 deberet
648 1221 843 1265 sufficere
870 1220 987 1278 quod
1012 1220 1190 1263 Gedeon
1214 1235 1242 1263 a
1267 1219 1458 1263 subditis
1477 1218 1603 1277 petit,

142 1291 189 1334 id
209 1293 286 1342 est,
307 1291 344 1334 si
364 1291 478 1334 solas
498 1305 554 1334 ex
573 1290 737 1348 praeda
755 1290 839 1333 sibi
854 1292 1149 1346 consequatur
1167 1289 1355 1332 inaures.
1415 1288 1464 1331 Si
1485 1288 1602 1330 enim

84 1380 125 1416 ¹⁴5
143 1374 255 1417 quae
274 1359 347 1403 lex
366 1360 573 1417 loquitur,
593 1359 786 1402 indicare
806 1359 1042 1409 curauerit,
1061 1361 1107 1402 et
1127 1358 1166 1402 ei
1187 1358 1394 1402 obediens
1414 1357 1602 1415 populus

140 1429 395 1486 adquiescat
421 1432 473 1473 ut
501 1443 590 1472 non
618 1429 678 1472 sit
707 1428 920 1486 iniquitas
949 1431 995 1471 et
1013 1427 1303 1471 contradictio
1329 1427 1376 1470 in
1396 1427 1601 1477 ciuitate;

141 1502 187 1542 et
205 1498 379 1556 populo,
398 1498 469 1542 cui
489 1501 674 1556 praeest,
694 1498 825 1542 debet
844 1496 1043 1556 profecto
1061 1497 1258 1540 sufficere
1277 1496 1557 1554 praesidenti.

140 1637 245 1696 Cap.
268 1650 334 1697 23.
384 1637 584 1682 Consilio
619 1637 760 1683 Bruti
793 1638 1019 1682 utendum
1052 1652 1135 1681 esee
1168 1636 1389 1681 aduersus
1420 1651 1487 1680 eos
1518 1636 1599 1693 qui
1618 1637 1707 1686 809
1727 1648 1757 1676 a

247 1722 336 1765 pro
348 1721 523 1751 summo
532 1707 805 1764 pontificatu
819 1722 915 1751 non
928 1707 1062 1750 modo
1080 1710 1251 1750 certant
1267 1706 1340 1750 sed
1358 1705 1601 1750 scismatico

82 1797 124 1822 πο
254 1775 479 1821 dimicant
492 1795 511 1828 ;
540 1782 579 1821 et
598 1778 720 1834 quod
738 1778 946 1821 tirannis
965 1776 1111 1820 nichil
1130 1775 1348 1833 quietum.

197 1868 286 1912 Sed
319 1871 413 1913 esto
446 1872 498 1913 ut
526 1869 597 1912 his
627 1869 757 1913 liceat
786 1869 862 1926 qui
892 1868 1089 1913 carnales
1118 1871 1224 1911 sunt
1253 1867 1515 1912 contendere
1545 1867 1599 1910 de

138 1938 344 1995 primatu,
369 1938 479 1982 uiris
507 1938 808 1982 ecclesiasticis
837 1939 918 1982 hoc
944 1951 1256 1995 usquequaque
1286 1937 1478 1980 arbitror
1507 1952 1599 1980 esse

140 2085 162 2111 2
187 2073 298 2121 Ozae]
317 2085 378 2112 ore
395 2074 463 2112 08¹
642 2077 666 2113 6
689 2074 883 2114 theobaldi
900 2075 979 2111 AS:
1004 2074 1210 2112 Teodbaldi
1229 2074 1268 2110 M
1454 2085 1494 2120 13

138 2124 270 2158 tamen
286 2124 368 2159 add.
387 2134 502 2159 unum
518 2123 591 2160 SM
776 2134 819 2169 19
843 2122 1037 2159 cismatice
1056 2122 1080 2159 S
1098 2124 1138 2158 in
1155 2125 1295 2158 indice:
1322 2120 1496 2159 scismate
1555 2125 1596 2157 in

138 2169 238 2206 rubr.
253 2181 329 2215 cap.
340 2172 460 2215 praes.
599 2181 647 2208 20
669 2170 842 2218 tyrannis
857 2170 882 2208 S
899 2173 940 2206 in
956 2172 1053 2207 mbr.
1069 2182 1147 2216 cap.
1157 2172 1274 2216 praef.
1411 2180 1452 2206 21
1480 2169 1555 2206 hiis
1572 2169 1597 2205 S

188 2305 205 2332 1
223 2296 299 2350 ‘loci
313 2297 404 2332 etc.:
427 2308 461 2331 v.
479 2306 500 2332 2
517 2297 609 2343 Reg.
626 2296 672 2333 vi.
690 2298 772 2334 6-8.
899 2308 932 2342 2,
950 2308 971 2344 3
996 2299 1060 2344 qut·
1074 2298 1186 2333 libme
1201 2298 1288 2343 zeqis
1303 2298 1478 2342 deputant
1494 2298 1575 2342 sym·
1585 2309 1594 2332 ε

137 2343 258 2378 mimo
275 2342 422 2380 notavit
438 2343 621 2381 Parkerus
637 2344 679 2380 in
696 2345 775 2381 cod.
793 2344 832 2382 C.
978 2354 1009 2391 5,
1028 2346 1051 2382 6
1075 2357 1166 2392 quas
1184 2348 1222 2380 in
1241 2346 1480 2380 Britanniam
1498 2346 1590 2380 etc.:

138 2390 186 2426 cf.
210 2388 318 2426 Gerv.
343 2389 453 2427 Cant.
478 2390 535 2427 ed.
561 2390 699 2428 stubbs
723 2391 763 2428 ii.
785 2397 820 2439 p.
846 2394 916 2447 384
943 2393 1166 2428 Theobaldus
1190 2419 1198 2427 .
1225 2419 1233 2428 .
1259 2420 1267 2428 .
1298 2392 1451 2427 Thomae
1473 2393 1595 2427 clerici

136 2438 406 2473 Lundoniensie
421 2437 568 2484 (postea
588 2438 874 2486 archiepiscopi)
890 2441 1076 2475 industria
1087 2442 1219 2485 fretus,
1237 2441 1307 2484 eqit
1328 2441 1429 2485 apud
1450 2440 1593 2474 celesti-

137 2496 226 2519 num
231 2496 369 2530 papam
382 2510 392 2520 .
404 2510 414 2521 .
428 2512 437 2521 .
450 2490 491 2520 ut
499 2490 615 2522 amoto
627 2487 780 2523 Hem-ico
792 2486 977 2530 (Blesensi
988 2487 1165 2533 episcopo
1176 2485 1448 2532 Wintoniensi)
1464 2487 1594 2522 Theod-

137 2533 264 2567 baldus
280 2533 321 2567 in
335 2532 471 2576 Anqlt'a
488 2533 894 2579 leyationefunyeretur.
946 2535 1127 2570 oriuntur
1140 2535 1223 2569 inde
1239 2535 1438 2570 discordiae
1457 2546 1590 2578 yraves,

137 2579 216 2635 lites
231 2583 263 2613 et
278 2579 536 2635 appeflationea
551 2585 656 2615 antea
673 2583 870 2637 inauditae.
910 2583 1017 2617 Nunc
1033 2583 1123 2627 leqes
1135 2586 1167 2616 et
1178 2583 1354 2617 causidici
1365 2582 1405 2616 in
1418 2582 1593 2627 Anyliam

131 2630 1106 2721 {5:2331303531352awannam&
1118 2629 1317 2721 2¹3}⁶‘;2·z;:1⁸:‚
1331 2627 1592 2718 123253332‘3

136 2721 230 2774 Estq-
255 2719 351 2755 Hist.
371 2721 507 2755 Review
521 2719 573 2756 xi.
598 2732 662 2766 pp.
680 2731 745 2767 305
763 2734 873 2768 seqq,
890 2722 931 2758 T.
950 2721 992 2759 E.
1049 2722 1191 2766 olland,
1211 2724 1305 2758 Dict.
1324 2724 1368 2767 of
1383 2724 1468 2758 Nat.
1487 2725 1589 2768 Bioy.

135 2766 228 2802 lvm.
247 2767 293 2802 80
309 2778 410 2812 seqq.
554 2812 563 2822 .
618 2769 651 2810 6,
669 2777 689 2812 7
714 2769 997 2805 Britanniamm
1007 2772 1202 2815 primata‘s:
1228 2769 1283 2806 De
1299 2769 1467 2815 primatu
1484 2772 1594 2805 totius

136 2815 365 2856 Britanniae,
389 2824 500 2859 quem
524 2813 586 2850 hic
610 2815 893 2852 Britannicarum
917 2819 1024 2853 vocat
1049 2816 1221 2860 loannes,
1248 2816 1295 2852 cf.
1321 2817 1367 2852 H.
1393 2816 1589 2860 Boehmer,

135 2862 206 2896 Die
220 2862 468 2906 Falschunqen
483 2862 699 2915 Embiqchof
706 2863 920 2907 Lanfranks
933 2875 999 2903 von
1018 2865 1250 2910 Canto-rhum,
1270 2875 1306 2910 p.
1322 2865 1366 2909 83
1383 2866 1422 2900 et
1439 2863 1590 2910 passim.

138 2917 181 2954 13
209 2909 349 2945 Gedeon
366 2909 462 2945 etc.:
482 2920 514 2946 v.
532 2908 649 2945 Iudic.
664 2907 739 2945 viii.
756 2919 815 2954 24.

1417 2990 1482 3025 399
