1988 3250
251 225 334 277 708
352 236 383 267 a
726 226 930 271 IOANN
931 227 990 272 IS
1030 226 1548 271 SARESBERIENSIS
1667 223 1777 286 [ΗΒ.
1792 236 1866 270 v11

398 345 661 390 cinniorum
681 347 894 392 aduersus
909 348 1156 392 Romanum
1171 348 1408 406 imperim
1427 363 1552 392 arma
1570 349 1863 392 tractantium

398 416 526 459 uerbi
569 418 795 474 grauitate
837 418 1027 461 mouisse
1073 421 1292 475 potuerat,
1335 418 1421 462 nisi
1466 419 1691 461 Romanus
1737 420 1863 468 esset,

398 486 607 541 quoniam
627 487 730 530 huic
754 487 917 544 populo
943 502 1049 544 prae
1075 488 1232 531 ceteris
1259 488 1504 531 moderatio
1525 502 1698 544 semper
1720 487 1863 530 amica

398 554 498 598 fuit.
557 555 671 599 Cum
710 558 828 600 enim
869 557 1019 602 Cinnii
1059 558 1116 600 ad
1155 557 1502 615 redemptionem
1536 557 1758 600 libertatis
1794 555 1861 598 in-

396 625 662 679 uitarentur,
697 627 871 684 legatus
906 627 1075 670 ferrum
1107 627 1192 670 sibi
1225 642 1252 669 a
1291 627 1544 677 maioribus,
1579 641 1666 683 quo
1706 625 1861 668 urbem
1881 640 1900 675 5

395 697 641 746 tuerentur,
681 697 885 739 relictum
931 711 1025 740 esse
1066 697 1307 754 respondit,
1346 711 1436 740 non
1475 711 1646 747 aurum,
1677 711 1764 753 quo
1804 695 1862 738 ab

395 763 662 821 imperatore
692 780 829 808 auaro
861 769 1057 809 emerent
1087 766 1350 808 libertatem.
1411 765 1663 808 Paschelius
1691 765 1862 816 Iunius,

395 833 467 876 uir
496 849 669 877 summa
702 835 909 879 libertate
943 836 1171 892 multaque
1202 835 1388 891 scientia
1420 839 1466 878 et
1505 835 1625 878 domi
1664 834 1861 891 forisque

394 902 550 954 clarus,
570 905 647 947 sed
674 905 723 948 in
747 906 840 948 solo
866 905 1207 962 philosophandi
1235 905 1395 955 studio,
1421 905 1724 962 interrogatus
1751 903 1861 960 quid

393 972 480 1015 sibi
518 977 692 1016 tantam
731 975 858 1018 daret
898 990 1009 1032 quae
1049 975 1185 1018 uellet
1231 975 1407 1018 dicendi
1451 974 1700 1017 licentiam:
1745 972 1861 1026 Duo,
1880 1001 1922 1026 ,ο

393 1043 632 1099 respondit,
654 1059 766 1101 quae
791 1046 990 1089 homines
1016 1046 1214 1098 horrent,
1234 1048 1505 1089 senectutem
1535 1047 1581 1087 et
1610 1043 1860 1087 orbitatem.

347 1113 377 1151 b
396 1110 515 1164 Quid
542 1115 659 1155 enim
688 1114 866 1158 timebit
892 1130 1027 1158 senex
1054 1116 1217 1160 orbusl
1278 1115 1430 1158 Pirrus
1456 1115 1770 1172 percunctatus
1793 1114 1861 1156 est

394 1195 468 1224 eos
518 1183 596 1238 qui
645 1183 694 1226 in
743 1185 950 1228 conuiuio
994 1186 1336 1229 Tarentinorum
1383 1199 1542 1242 parum
1593 1183 1860 1226 honoratum

391 1265 636 1295 sermonem
667 1253 722 1297 de
750 1269 796 1297 se
823 1254 1083 1305 habuerant,
1109 1270 1168 1298 an
1195 1270 1308 1312 quae
1335 1255 1538 1298 audierat
1566 1267 1675 1296 uera
1701 1256 1859 1296 essent.

392 1320 506 1364 Tum
527 1337 583 1364 ex
603 1323 672 1366 his
696 1338 835 1367 unus:
865 1325 979 1376 Nisi,
999 1325 1159 1382 inquit,
1179 1325 1337 1368 uinum
1357 1324 1484 1368 nobis
1505 1323 1751 1376 defecisset,
1769 1323 1858 1367 ista
1878 1343 1918 1377 ¹5

391 1404 505 1447 quae
525 1392 608 1434 tibi
629 1393 770 1436 relata
789 1398 895 1437 sunt
915 1409 1021 1452 prae
1042 1395 1112 1438 his
1132 1410 1245 1452 quae
1272 1394 1436 1438 dicturi
1460 1408 1635 1437 eramus
1656 1393 1788 1436 ludus
1807 1406 1860 1436 ac

390 1459 512 1503 iocus
552 1461 753 1506 fuissent.
813 1464 922 1506 Tam
963 1465 1134 1507 urbana
1173 1464 1378 1521 crapulae
1419 1463 1646 1506 excusatio
1677 1465 1858 1519 tamque

389 1530 579 1588 simplex
598 1532 815 1576 confessio
841 1534 1046 1577 ueritatis
1069 1534 1183 1578 iram
1207 1534 1376 1577 tiranni
1396 1532 1618 1577 conuertit
1637 1532 1684 1574 in
1706 1531 1855 1575 risum.

390 1598 555 1644 Inserit
588 1616 634 1644 se
667 1602 778 1646 uiris
812 1603 942 1647 liberi
976 1604 1160 1661 spiritus
1197 1603 1368 1654 mulier,
1403 1602 1581 1646 barbari
1613 1600 1856 1659 sanguinis,

389 1683 502 1726 quae
528 1685 556 1713 a
584 1671 789 1729 Philippo
814 1688 917 1730 rege
946 1674 1161 1716 tumultui
1186 1688 1381 1716 merens:
1411 1672 1667 1729 Dampnata
1696 1685 1854 1728 prouo-
1874 1695 1919 1720 ,ο

388 1752 545 1790 carem,
561 1740 719 1797 inquit,
735 1742 791 1784 ad
809 1742 1062 1800 Philippum
1084 1743 1161 1786 sed
1181 1743 1390 1786 sobrium.
1439 1742 1513 1786 Sic
1534 1756 1639 1799 ergo
1660 1740 1856 1784 excussit

387 1809 613 1865 crapulam
644 1811 852 1855 oscitanti
881 1816 926 1855 et
955 1813 1202 1869 praesentis
1229 1812 1368 1855 animi
1399 1811 1570 1855 ebrium
1600 1811 1856 1868 resipiscere

386 1891 605 1935 causaque
639 1879 900 1938 diligentius
931 1883 1132 1939 inspecta
1164 1882 1309 1939 coegit
1341 1882 1570 1925 iustiorem
1606 1881 1722 1924 ferre
1756 1895 1853 1923 sen-

346 1954 371 1984 c
388 1948 586 1991 tentiam.
646 1949 912 1993 Siraeusana
937 1951 1152 2007 quaedam
1180 1952 1274 1994 sola
1299 1951 1460 1995 cotidie
1488 1954 1685 2007 tempore
1705 1952 1852 1992 matu-

387 2015 483 2060 tino
518 2018 636 2061 uotis
667 2020 978 2076 expetentibus
1010 2036 1037 2063 a
1071 2021 1158 2064 diis
1192 2021 1380 2064 salutem
1412 2020 1665 2078 grauissimi
1695 2023 1742 2063 et
1770 2019 1850 2062 im·
1870 2041 1914 2077 ²5

386 2087 618 2143 portabilis
658 2088 824 2131 tiranni
864 2089 1056 2133 Dionisii
1096 2091 1379 2134 deuotissime
1419 2090 1645 2134 exorabat.
1722 2089 1852 2143 Quod

386 2159 438 2199 ut
462 2156 500 2200 is
525 2157 746 2214 cognouit,
774 2173 862 2202 non
889 2159 1085 2203 debitam
1112 2161 1197 2203 sibi
1224 2161 1471 2203 admiratus
1495 2159 1855 2210 beniuolentiam,

384 2225 441 2269 ad
463 2240 509 2269 se
530 2231 730 2270 uocatam
752 2242 831 2271 cur
857 2231 937 2272 aut
961 2244 1048 2286 quo
1074 2244 1154 2272 suo
1182 2230 1340 2273 merito
1366 2230 1447 2273 hoc
1472 2229 1639 2273 faceret
1665 2229 1852 2272 interro-

383 2295 520 2352 gauit.
581 2294 693 2338 Tum
730 2296 830 2340 illa:
874 2296 1009 2342 Certa
1043 2302 1111 2341 est
1142 2299 1268 2350 ratio,
1303 2298 1463 2355 inquit,
1497 2297 1714 2357 propositi
1753 2296 1852 2341 mei.

386 2426 428 2454 12
454 2417 572 2454 Purus
589 2416 735 2454 CBs¹M
912 2428 926 2455 1
979 2418 1284 2456 taurentinorum
1303 2418 1411 2455 (ἸΒΑι
1570 2420 1611 2457 18
1636 2417 1792 2467 tyranni
1808 2418 1849 2456 M

381 2475 430 2501 20
454 2464 621 2501 tumultu
641 2465 702 2501 CB
845 2475 887 2503 21
916 2478 941 2513 p
957 2466 1144 2514 xylippum
1164 2467 1202 2502 Μ
1347 2477 1390 2512 27
1417 2465 1463 2513 is]
1482 2465 1541 2503 his
1557 2467 1591 2502 A

429 2554 449 2589 7
477 2545 682 2580 paschelius
700 2548 794 2583 εἴας
824 2546 924 2583 Haec
941 2546 1034 2584 alibi
1060 2549 1216 2584 narrata
1240 2558 1315 2584 non
1343 2546 1505 2593 repperi.
1652 2555 1693 2582 12
1719 2546 1851 2583 Pirmoe

382 2594 478 2629 ete:
504 2603 536 2628 v.
563 2591 644 2629 val.
672 2591 771 2629 Max.
799 2605 830 2629 v.
854 2604 865 2630 ι
888 2597 964 2631 ext.
986 2605 1019 2640 3.
1146 2606 1187 2641 19
1212 2597 1346 2631 Inserit
1364 2598 1461 2631 etc.:
1487 2606 1519 2630 v.
1537 2592 1622 2631 Val.
1644 2593 1744 2630 Max.
1762 2592 1809 2631 vi.
1826 2604 1848 2631 2

381 2641 457 2676 ext.
479 2650 508 2676 ι.
617 2649 663 2676 2ο
686 2653 709 2675 α
723 2642 892 2687 Philippo
911 2655 988 2688 reae
1000 2645 1175 2679 tumultui
1186 2655 1343 2679 merens:
1369 2644 1581 2688 Dampnata
1589 2652 1849 2688 prouocarem:

380 2686 521 2724 Textu·
537 2686 618 2723 val.
636 2687 732 2723 Max.
747 2688 853 2724 cuius
870 2690 1152 2737 corruptionem
1172 2691 1232 2727 hic
1247 2690 1428 2727 habemus
1445 2687 1659 2726 huiusmodi
1677 2688 1848 2726 videtur:

381 2747 404 2771 a
422 2736 592 2780 Philippo
617 2747 694 2780 rrqeae
717 2738 903 2773 temulento
920 2740 1111 2774 immerens
1125 2741 1301 2774 danmata
1312 2743 1551 2784 prouocaret3
1579 2748 1610 2772 v.
1629 2735 1793 2783 Kempfii
1806 2736 1847 2773 in

381 2782 439 2819 od.
452 2781 714 2819 Teubncriana
730 2795 817 2829 app.
836 2784 918 2821 crit.
1062 2796 1106 2822 22
1130 2789 1352 2832 praesentis:
1380 2786 1432 2823 sic
1451 2783 1627 2823 nonnulli
1644 2784 1725 2822 Val.
1744 2784 1844 2821 Max.

381 2829 548 2871 codicen;
583 2829 695 2866 lectio
722 2833 847 2867 autem
880 2832 1006 2879 potior
1029 2833 1266 2871 aestimanda
1290 2837 1347 2872 eat
1366 2838 1587 2883 praesentia.
1801 2842 1848 2879 24

378 2878 601 2915 &musana
622 2880 716 2915 etc:
744 2890 776 2915 v.
797 2879 876 2916 val.
897 2879 998 2917 Max.
1017 2880 1063 2917 vi.
1082 2892 1101 2918 2
1121 2885 1196 2920 ext.
1214 2892 1245 2919 2.
