1988 3250
263 237 344 278 724
361 236 392 268 a
721 225 983 272 IOANNIS
1025 223 1541 271 SARESBERIENSIS
1659 224 1770 286 [ms.
1786 234 1879 268 vm

412 361 508 389 mas
527 360 667 404 usque
687 346 946 404 prolabitur.
1007 347 1236 404 Siquidem
1263 362 1382 390 mors
1408 361 1488 404 per
1510 345 1736 390 oculorum
1760 344 1880 388 fene-

413 419 530 459 stras
575 416 838 474 ingreditur,
881 431 982 460 cum
1028 417 1249 474 quispiam
1304 416 1553 460 delectatur
1602 415 1882 466 circensibus,

414 485 655 528 certamine
706 485 990 536 athletarum,
1030 486 1298 529 histrionum
1348 485 1608 535 mobilitate,
1646 484 1882 526 mulierum

414 553 582 606 formis,
596 553 827 611 splendore
847 569 1133 612 gemmarum,
1149 555 1354 605 uestium,
1367 554 1659 603 metallorum,
1674 553 1882 596 aliorum-

414 637 501 680 que
519 623 681 680 quibus
704 623 887 666 libertas
915 624 1089 667 animae
1113 624 1378 681 captiuatur.
1438 623 1623 674 Rursus,
1644 622 1682 664 si
1702 621 1883 664 auditus
1903 631 1923 667 5

413 691 540 735 uario
560 706 826 749 organorum
847 696 982 735 cantu
1001 707 1247 749 uocumque
1271 692 1536 735 flexionibus
1560 691 1808 734 mulceatur
1827 689 1885 733 ad

414 761 612 805 carmina
641 764 884 818 poetarum,
904 762 1200 805 comediarum
1233 765 1278 805 et
1309 761 1615 819 tragediarum
1645 763 1782 811 actus,
1802 759 1884 802 mi-

416 844 590 873 morum
611 830 889 872 urbanitates
909 833 955 873 et
975 831 1192 887 strophas,
1213 834 1259 874 et
1280 830 1492 887 quicquid
1521 829 1775 872 huiusmodi
1805 842 1886 885 per

370 910 402 950 b
418 914 570 942 aurem
590 899 767 950 incedit,
788 899 1050 942 uirilitatem
1070 900 1233 943 mentis
1258 900 1496 944 effeminat.
1555 899 1715 943 Odoris
1734 901 1885 942 autem

417 970 618 1012 suauitas
644 972 689 1012 et
716 969 894 1012 diuersa
913 970 1196 1012 thimiamata
1223 972 1269 1013 et
1295 984 1530 1020 amomum,
1553 982 1742 1020 muscus,
1761 983 1884 1026 pere-
1906 980 1949 1005 ιο

415 1037 534 1095 grini
554 1037 695 1081 muris
715 1038 931 1095 pellicula,
952 1039 1069 1095 quod
1094 1039 1321 1082 dissolutis
1345 1039 1542 1081 moribus
1569 1037 1738 1081 faciant
1757 1051 1887 1081 nemo

416 1106 503 1149 nisi
535 1106 778 1149 dissolutus
817 1110 965 1164 negat.
1042 1107 1160 1150 Nam
1201 1108 1457 1165 peregrinos
1490 1107 1646 1150 odores
1677 1121 1768 1150 non
1798 1106 1886 1150 nisi

416 1175 643 1219 dissolutis
663 1179 708 1219 et
729 1177 1003 1219 amatoribus
1023 1177 1258 1220 conuenire
1279 1178 1470 1220 comicus
1487 1180 1532 1221 et
1552 1176 1694 1221 Cocus
1714 1176 1886 1220 docent.

418 1245 554 1288 Porro
568 1245 766 1288 ciborum
783 1246 976 1289 auiditas
995 1247 1212 1290 auaritiae
1225 1250 1368 1290 mater
1389 1249 1467 1297 est,
1484 1249 1529 1289 et
1544 1247 1742 1289 animum
1756 1245 1883 1302 quasi

418 1314 684 1372 quibusdam
704 1315 988 1372 compedibus
1015 1315 1308 1372 degrauatum
1338 1318 1463 1358 tenet
1491 1315 1539 1358 in
1569 1318 1703 1358 terra.
1765 1312 1884 1372 Ergo
1907 1329 1947 1364 ¹⁵

417 1388 599 1442 propter
637 1384 817 1427 breuem
857 1385 987 1442 gulae
1029 1385 1306 1442 uoluptatem
1353 1388 1497 1428 terrae
1542 1385 1792 1428 lustrantur
1840 1386 1887 1428 et

417 1454 584 1507 maria3
615 1458 661 1497 et
680 1457 733 1497 ut
753 1454 945 1497 mulsum
965 1454 1121 1497 uinum
1141 1455 1446 1511 pretiosusque
1472 1455 1595 1498 cibus
1615 1454 1766 1497 fauces
1789 1464 1886 1511 per·

417 1526 628 1574 transeat,
655 1523 794 1566 totius
824 1524 945 1566 uitae
969 1539 1099 1581 opere
1128 1524 1384 1568 desudatur.
1444 1524 1537 1581 Ipsi
1565 1538 1739 1581 quoque
1766 1522 1883 1566 muri

417 1593 672 1644 Ierusalem,
692 1593 775 1636 etsi
796 1593 1037 1636 uideantur
1056 1593 1103 1635 in
1123 1596 1251 1650 petra
1271 1593 1460 1643 solidati,
1480 1593 1661 1636 tandem
1681 1595 1820 1636 ruunt
1840 1595 1887 1636 et

418 1662 757 1720 complanantur
785 1663 964 1719 aequati
993 1662 1096 1713 solo,
1126 1662 1426 1705 Nabuzardan
1453 1677 1655 1706 cocorum
1685 1662 1884 1720 principe
1906 1674 1950 1701 ὀ

376 1750 402 1779 e
419 1733 676 1789 imperante.
735 1731 898 1775 Tactus
928 1735 1078 1775 autem
1109 1732 1354 1775 alienorum
1385 1746 1616 1789 corporum
1647 1735 1693 1775 et
1727 1732 1886 1775 femin·

419 1816 546 1844 arum
577 1800 803 1844 ardentior
838 1801 1064 1858 appetitus
1094 1801 1268 1844 uicinus
1298 1801 1496 1844 insaniae
1526 1804 1605 1846 est.
1665 1801 1887 1859 Quicquid

419 1885 574 1914 sensus
599 1870 788 1928 quilibet
811 1870 1034 1923 moliatur,
1054 1871 1186 1913 ludus
1214 1885 1264 1914 ac
1292 1870 1413 1914 iocus
1437 1874 1505 1914 est
1534 1885 1640 1928 prae
1667 1871 1754 1915 hiis
1774 1886 1887 1929 quae

421 1941 562 1992 affert,
590 1943 644 1983 ut
683 1939 831 1983 uerbis
869 1940 1022 1983 comici
1063 1944 1178 1990 utar,
1210 1940 1344 1983 huius
1383 1939 1538 1984 rabies.
1611 1939 1729 1984 Hinc
1769 1940 1887 1984 enim

419 2010 636 2067 cupimus,
657 2009 900 2062 irascimur,
919 2010 1146 2067 gestimus,
1168 2010 1429 2063 emulamur,
1449 2010 1625 2053 solliciti
1655 2025 1820 2062 sumus,
1841 2014 1886 2055 et
1907 2019 1950 2054 ²5

421 2078 599 2136 expleta
619 2077 851 2135 uoluptate
880 2093 959 2135 per
986 2079 1208 2135 quandam
1233 2079 1537 2136 penitudinem
1565 2094 1719 2123 rursus
1738 2095 1888 2124 accen-

421 2148 581 2198 dimur,
611 2147 951 2205 quaerimusque
987 2147 1131 2191 facere
1164 2148 1282 2205 quod
1317 2163 1417 2191 cum
1454 2148 1687 2192 fecerimus
1726 2149 1889 2193 iterum

421 2251 443 2287 3
467 2240 668 2276 anetarum
687 2237 817 2275 CBSM
912 2237 1151 2285 hystrionum
1166 2238 1205 2274 M
1319 2250 1363 2285 23
1389 2239 1448 2277 his
1462 2240 1501 2276 M
1614 2251 1659 2286 24
1678 2246 1762 2288 post
1777 2241 1891 2279 huius

422 2290 505 2325 add.
523 2290 567 2323 ut
584 2285 706 2341 (3338

473 2368 488 2395 ι
517 2359 699 2404 Siquidem
720 2368 815 2393 more
838 2358 910 2393 etc.
938 2367 1054 2402 usque
1079 2355 1127 2393 ad
1153 2358 1229 2402 aqi!
1252 2357 1336 2402 (7²4
1349 2355 1415 2400 n):
1441 2370 1473 2394 v.
1500 2357 1657 2395 Hieron.
1679 2358 1750 2395 loc.
1775 2370 1891 2407 supra

423 2404 487 2443 cit.
604 2415 644 2441 12
670 2406 765 2440 Nam
780 2405 987 2451 pereym‘noa
1002 2407 1075 2440 etc.
1093 2416 1210 2450 usque
1227 2403 1275 2440 ad
1292 2407 1437 2441 docent:
1464 2405 1564 2442 haud
1583 2417 1629 2443 ex
1647 2406 1889 2453 Hieronymo.

426 2464 467 2499 13
493 2454 667 2489 comicus:
693 2464 725 2488 v,
742 2452 822 2488 Ter.
841 2452 909 2487 Aa.
928 2450 952 2486 i.
974 2461 1005 2487 2.
1025 2460 1069 2497 37
1082 2457 1269 2496 scor-tatur,
1284 2458 1395 2497 potat,
1411 2455 1477 2489 olet
1494 2459 1690 2499 unquenta.
1763 2455 1890 2492 Gom:

422 2500 492 2537 i.e.
512 2499 724 2541 Martialis3
749 2511 780 2535 v.
802 2500 927 2546 Epiyr.
947 2498 983 2534 ii.
1011 2509 1050 2534 12
1070 2511 1078 2542 3
1105 2499 1152 2535 cs.
1172 2510 1285 2545 supra
1303 2500 1348 2535 ad
1368 2500 1430 2537 vii.
1453 2511 1492 2536 12
1512 2501 1596 2548 (665
1611 2502 1665 2546 B).
1846 2504 1889 2539 18

424 2549 503 2595 Ipei
528 2550 598 2583 etc.
618 2558 732 2593 usque
757 2547 804 2583 ad
831 2548 1046 2592 imperante:
1073 2545 1172 2582 haud
1197 2557 1241 2582 ex
1270 2546 1521 2594 Hieronymo;
1550 2561 1582 2584 v.
1605 2558 1628 2594 4
1656 2548 1744 2596 ng.
1763 2559 1848 2585 xxv.
1866 2550 1888 2587 8

424 2606 524 2641 seqq.
685 2605 732 2630 20
756 2605 915 2630 cocorum
926 2595 1117 2640 principe:
1155 2593 1211 2629 ita
1236 2593 1329 2630 verti
1350 2597 1476 2641 potest
1493 2607 1571 2632 voc.
1591 2595 1704 2632 Hebr.
1724 2597 1888 2633 Bab-tab-

425 2644 576 2684 bachim,
597 2644 768 2687 princepe
791 2652 919 2678 eorum
945 2640 1010 2687 qui
1034 2640 1236 2682 trucidant,
1260 2641 1407 2679 scilicet
1433 2644 1612 2686 militum,
1645 2645 1684 2679 et
1708 2642 1764 2680 ita
1787 2643 1889 2691 apud

426 2689 541 2726 medii
558 2689 639 2725 aevi
657 2692 830 2725 auctores
846 2687 954 2735 vulgo
978 2691 1128 2724 vocatur
1146 2688 1416 2731 Nabuzardan:
1444 2691 1491 2726 cf.
1513 2690 1623 2727 Matt.
1651 2689 1731 2728 Par.
1758 2691 1889 2728 Chron-

426 2739 511 2773 mai.
536 2737 591 2772 ed.
621 2736 738 2772 Luard
772 2735 824 2773 iii.
853 2738 947 2781 483;
974 2736 1020 2772 cf.
1047 2734 1197 2772 Hieron.
1220 2739 1360 2781 Quaest.
1381 2739 1487 2773 IIebr.
1507 2740 1547 2774 in
1568 2739 1655 2774 Gen.
1672 2740 1810 2775 xxxvii.
1831 2738 1887 2784 36,

425 2786 520 2831 Aug.
541 2787 669 2828 Quane
699 2786 738 2819 in
756 2784 988 2830 Ileptaeeuch.
1008 2782 1030 2819 i.
1055 2793 1118 2828 ¹²7
1138 2783 1286 2829 (Migne
1310 2786 1349 2821 P.
1368 2787 1411 2821 L.
1430 2784 1535 2822 xxiii.
1552 2794 1633 2831 995,
1650 2785 1772 2823 xxxiv.
1793 2785 1889 2833 582).

425 2842 470 2869 22
506 2833 683 2877 Quicquid
715 2834 785 2868 etc.
821 2842 936 2886 unque
971 2830 1018 2867 ul
1053 2832 1191 2868 rabies:
1236 2831 1334 2868 haud
1361 2844 1407 2869 ex
1435 2832 1677 2880 Hieronymo.
1845 2842 1890 2879 24

425 2881 550 2917 comici
562 2892 570 2915 z
597 2890 627 2913 v.
646 2878 730 2915 Ter.
749 2880 847 2916 Eun.
866 2890 906 2915 u.
924 2888 956 2926 3.
974 2880 1005 2923 8,
1023 2887 1057 2925 9.

538 2943 601 2976 ²50
