1988 3250
264 221 353 269 692
370 218 401 257 b
743 217 1004 261 IOANNIS
1044 215 1559 261 SARESBERIENSIS
1680 216 1793 272 [ms.
1809 224 1881 259 vn

378 352 403 382 c
419 352 587 382 errores
636 338 939 382 aberrantium
988 341 1057 381 est
1104 337 1296 381 infamis.
1370 337 1496 381 Sicut
1544 352 1649 395 ergo
1698 335 1882 394 angelus

420 406 644 450 Sathanae
662 408 954 464 transfigurat
973 421 1019 450 se
1038 407 1086 449 in
1106 406 1314 465 angelum
1329 406 1440 450 lucis
1460 410 1506 450 et
1524 404 1882 464 pseudoapostoli

419 476 477 519 ad
507 477 818 520 auctoritatem
851 476 1137 534 apostolicam
1169 476 1427 533 aspirabant
1465 476 1614 533 potius
1653 490 1785 532 quam
1825 473 1883 516 ad

419 545 574 597 uitam,
603 545 666 589 sic
694 548 741 588 et
769 546 997 603 ypocritae
1027 545 1084 588 ad
1119 545 1402 602 supercilium
1434 545 1742 588 Phariseorum
1781 558 1882 587 con-

420 613 614 672 fugiunt,
634 615 874 658 dilatantes
898 614 1160 672 philacteria
1179 617 1225 657 et
1244 614 1578 671 magnificantes
1603 614 1813 665 fimbrias,
1837 615 1884 656 et
1903 628 1922 662 5

421 698 534 740 quae
564 684 612 726 in
647 684 743 741 lege
784 684 868 727 Dei
904 684 1068 740 scripta
1100 686 1217 735 sunt,
1251 684 1411 726 nolunt
1441 684 1696 742 contingere
1730 682 1884 740 digito,

421 753 507 796 nisi
522 755 575 796 ut
589 753 827 796 uideantur
840 754 898 796 ab
918 753 1171 796 hominibus
1186 768 1214 795 a
1228 753 1389 809 quibus
1403 753 1582 796 honoris
1602 756 1682 796 aut
1701 751 1885 795 alterius

421 823 789 866 remunerationis
814 822 1058 865 mercedem
1085 824 1334 879 expectant.
1392 821 1503 865 Inde
1530 825 1598 865 est
1617 821 1734 879 quod
1754 820 1885 864 faciei

420 891 631 948 pallorem
659 895 899 942 ostentant,
919 891 1143 948 profunda
1162 891 1219 934 ab
1238 905 1323 934 usu
1347 891 1534 934 trahunt
1553 891 1754 948 suspiria,
1773 890 1884 933 arti-

421 961 583 1003 ficiosis
603 964 648 1004 et
668 961 1013 1017 obsequentibus
1028 961 1220 1004 lacrimis
1240 961 1389 1004 subito
1408 960 1696 1011 inundantur,
1709 959 1884 1016 obstipo
1905 976 1947 1001 10

420 1030 578 1086 capite,
605 1030 848 1073 luminibus
871 1030 1161 1081 interclausis‚
1185 1045 1309 1073 coma
1331 1030 1469 1081 breui,
1488 1029 1632 1087 capite
1654 1029 1750 1072 'fere
1774 1043 1886 1080 raso,

423 1113 530 1142 uoce
561 1099 762 1150 demissa,
793 1099 923 1142 labiis
955 1099 1013 1142 ab
1047 1099 1246 1142 oratione
1276 1099 1527 1151 mobilibus,
1554 1099 1727 1142 incessu
1759 1100 1884 1141 tran-

423 1167 560 1224 quillo
607 1171 652 1211 et
698 1171 826 1225 quasi
871 1183 1025 1226 gressu
1071 1169 1262 1226 quadam
1305 1168 1588 1226 proportione
1633 1167 1887 1225 composito,

422 1238 620 1294 pannosi,
659 1238 805 1289 obsiti,
843 1238 993 1281 sordes
1032 1238 1224 1281 uestium
1264 1240 1311 1281 et
1352 1239 1603 1282 affectatam
1649 1237 1887 1280 uenditant

377 1311 405 1351 d
424 1307 656 1358 uilitatem,
672 1310 724 1350 ut
739 1322 790 1351 eo
805 1307 981 1350 facilius
996 1307 1236 1351 ascendant
1251 1321 1338 1364 quo
1353 1322 1399 1351 se
1414 1307 1655 1351 studiosius
1674 1307 1886 1350 uidentur
1908 1321 1946 1357 ¹5

422 1376 471 1418 in
494 1376 638 1420 locum
654 1377 945 1420 nouissimum
961 1377 1179 1428 deiecisse,
1195 1379 1240 1420 et
1259 1377 1336 1434 qui
1351 1379 1508 1434 sponte
1522 1391 1603 1420 sua
1617 1376 1886 1427 decrescunt,

421 1460 613 1489 crescere
633 1446 954 1503 compellantur
973 1447 1118 1490 inuiti.
1178 1446 1240 1489 Hi
1265 1449 1372 1490 sunt
1394 1446 1483 1503 qui,
1502 1446 1540 1489 si
1561 1445 1669 1502 quid
1689 1445 1887 1489 maculae

422 1515 589 1558 inhesit
629 1515 848 1559 Ecclesiae
894 1516 1002 1559 dum
1047 1516 1368 1574 peregrinatur,
1406 1515 1594 1572 publicis
1637 1515 1887 1572 aspectibus

424 1584 652 1641 detegunt,
674 1588 727 1628 ut
752 1585 837 1642 ipsi
863 1586 921 1628 ab
944 1586 1065 1628 omni
1085 1585 1258 1628 macula
1276 1585 1516 1628 uideantur
1534 1585 1763 1628 immunes.
1824 1584 1887 1627 Hi

425 1656 531 1696 sunt
551 1653 627 1710 qui
652 1653 874 1705 beneficia,
894 1669 1007 1712 quae
1033 1655 1220 1698 necdum
1247 1654 1411 1698 sanctis
1434 1654 1595 1697 collata
1621 1656 1738 1705 sunt,
1761 1667 1887 1711 prae-
1907 1670 1951 1696 πο

425 1722 577 1765 dicant
602 1723 858 1766 auferenda.
923 1723 985 1766 Hi
1012 1727 1118 1767 sunt
1138 1724 1214 1780 qui
1234 1723 1529 1781 potestatibus
1549 1723 1817 1781 persuadent
1836 1725 1890 1768 ut

426 1794 607 1848 propter
645 1792 759 1835 uitia
797 1807 1083 1850 personarum
1126 1793 1222 1836 iure
1268 1807 1348 1837 suo
1394 1793 1629 1850 priuentur
1673 1793 1887 1836 ecclesiae.

429 1861 754 1904 Decimationes
781 1865 827 1904 et
855 1862 1076 1919 primitias
1105 1862 1296 1906 ecclesiis
1319 1862 1601 1912 subtrahunt,
1621 1864 1666 1905 et
1686 1861 1888 1906 ecclesias

427 1930 545 1986 ipsas
564 1930 788 1986 accipiunt
807 1930 861 1974 de
882 1945 1016 1974 manu
1037 1931 1247 1974 laicorum
1267 1930 1481 1988 episcopis
1495 1931 1767 1975 inconsultis.
1827 1930 1890 1975 Hi

427 2002 534 2042 sunt
573 1999 662 2056 qui,
691 1999 873 2056 praedia
911 2000 1035 2043 auita
1073 2000 1383 2043 subtrahentes
1423 2000 1655 2057 indigenis,
1684 2001 1806 2044 uicos
1844 2003 1890 2044 et
1908 2018 1950 2055 ²⁵

428 2082 564 2126 pagos
581 2068 790 2126 redigunt
805 2068 851 2111 in
867 2069 1150 2113 solitudinem
1164 2073 1210 2113 et
1225 2070 1272 2112 in
1287 2084 1389 2113 suos
1403 2083 1510 2113 usus
1524 2069 1672 2114 uicina
1691 2084 1891 2127 quaeque

427 2140 708 2189 conuertunt,
724 2138 926 2182 ccclesias
941 2139 1127 2182 diruunt
1141 2142 1222 2182 aut
1241 2139 1288 2181 in
1308 2153 1415 2182 usus
1430 2142 1640 2183 reuocant
1659 2139 1890 2184 seculares.

275 2215 364 2263 693
383 2223 412 2252 a
429 2206 552 2260 Quae
573 2206 728 2251 domus
747 2207 961 2251 orationis
982 2207 1142 2260 fuerat,
1162 2211 1242 2252 aut
1265 2208 1454 2252 efficitur
1477 2208 1702 2252 stabulum
1722 2209 1891 2266 pecoris

428 2280 509 2319 aut
534 2276 739 2333 opilionis
768 2280 848 2319 aut
876 2277 1055 2321 lanificii
1083 2277 1268 2322 officina.
1328 2277 1387 2321 Et
1413 2278 1590 2335 quidem
1615 2278 1783 2322 maiora
1806 2278 1889 2322 im-

501 2376 776 2423 seudoaposwli
794 2379 944 2424 scripsi:
969 2377 1132 2424 apostoli
1149 2378 1263 2415 seudo
1280 2377 1436 2415 CBA'S:
1461 2390 1484 2415 a
1512 2379 1625 2416 ostoli
1646 2379 1785 2427 pseudo
1802 2379 1892 2417 A’M

471 2389 668 2470 {ypocrita
686 2423 769 2460 CA:
797 2424 1020 2472 hypochrioe
1039 2425 1068 2461 B
1190 2435 1207 2472 5
1235 2426 1439 2472 philateria
1456 2392 1510 2462 lif
1610 2428 1634 2464 6
1659 2427 1774 2474 quae]
1792 2427 1892 2483 quod

428 2387 448 2413 2

427 2435 468 2507 36
540 2470 682 2518 scripta
694 2471 798 2519 sunt]
814 2474 941 2512 somn
958 2472 1029 2509 scri
1060 2474 1139 2509 tum
1153 2476 1210 2509 cst
1226 2475 1312 2510 olim
1324 2474 1450 2511 habuit
1464 2473 1502 2510 M
1625 2484 1667 2522 13
1693 2477 1892 2523 compositi

427 2518 591 2555 C’BA'M
734 2529 780 2565 29
806 2518 1004 2557 lanificinii
1053 2519 1097 2556 Βι

482 2623 510 2653 1.
530 2624 550 2651 2
575 2615 724 2659 anqelua
740 2616 922 2651 Sathanae
934 2618 1029 2652 etc:
1055 2626 1086 2651 v.
1103 2626 1124 2651 2
1141 2614 1222 2653 Cor.
1240 2614 1289 2652 xi.
1312 2626 1366 2662 13,
1390 2625 1444 2664 14,
1465 2616 1528 2653 xii.
1549 2626 1580 2663 7.
1758 2626 1776 2666 5
1803 2620 1893 2656 dila·

429 2667 546 2698 tanea
560 2664 632 2699 etc.
649 2674 657 2698 τ
682 2673 715 2698 v.
733 2661 842 2699 matt.
860 2662 964 2698 xxiii.
981 2673 1017 2708 4,
1037 2671 1067 2709 5.
1237 2673 1288 2706 ιο,
1312 2674 1347 2700 ιι
1376 2666 1510 2711 obstipo
1525 2666 1663 2711 capite:
1692 2665 1790 2703 Pers.
1816 2667 1893 2703 Sat.

429 2708 485 2745 iii.
502 2711 558 2746 80.
730 2719 741 2746 ι
794 2711 991 2746 accendant
1007 2712 1099 2747 ctc.:
1125 2721 1156 2746 v.
1174 2709 1260 2747 Luc.
1279 2710 1349 2746 xiv.
1369 2720 1401 2756 7.
1561 2723 1604 2757 23
1632 2714 1893 2750 Decimatiome

430 2759 525 2793 eta:
551 2755 599 2792 cf.
617 2756 729 2793 conc.
801 2759 922 2793 taran.
943 2756 996 2793 111
1014 2757 1083 2793 sub
1100 2756 1314 2795 Alexandro
1333 2758 1388 2794 111
1406 2769 1439 2794 a.
1462 2768 1524 2803 117
1567 2759 1688 2797 habiti
1705 2771 1891 2797 canonem

428 2803 466 2840 ix
496 2805 570 2850 (ap.
602 2803 723 2840 Manui
759 2805 862 2840 Cone.
888 2806 975 2841 Nov.
1005 2806 1091 2842 Coll.
1124 2804 1214 2841 xxii.
1248 2816 1312 2852 pp.
1345 2816 1524 2853 2228eqq.
1545 2833 1554 2843 .
1697 2809 1740 2845 28
1765 2809 1891 2845 domus

428 2853 626 2890 orationem
652 2851 760 2888 Mntt.
779 2851 854 2888 xxi.
877 2862 887 2889 ι
895 2862 927 2899 3.

544 2932 606 2968 ¹9⁴
