<?xml version="1.0" encoding="UTF-8"?>
<!DOCTYPE html PUBLIC "-//W3C//DTD XHTML 1.0 Transitional//EN"
    "http://www.w3.org/TR/xhtml1/DTD/xhtml1-transitional.dtd">
<html xmlns="http://www.w3.org/1999/xhtml" xml:lang="en" lang="en">
 <head>
  <title>
</title>
<meta http-equiv="Content-Type" content="text/html;charset=utf-8" />
  <meta name='ocr-system' content='tesseract 3.04.00' />
  <meta name='ocr-capabilities' content='ocr_page ocr_carea ocr_par ocr_line ocrx_word'/>
</head>
<body>
  <div class='ocr_page' id='page_1' title='image "./policraticisived02john_0041.png"; bbox 0 0 1988 3250; ppageno 0'>
   <div class='ocr_carea' id='block_1_1' title="bbox 158 214 1787 277">
    <p class='ocr_par' dir='ltr' id='par_1_1' title="bbox 158 214 1787 277">
     <span class='ocr_line' id='line_1_1' title="bbox 158 214 1787 277; baseline -0.002 -17"><span class='ocrx_word' id='word_1_1' title='bbox 158 226 258 262; x_wconf 67' lang='lat' dir='ltr'>car.</span> <span class='ocrx_word' id='word_1_2' title='bbox 277 215 371 277; x_wconf 80' lang='grc' dir='ltr'>ΧΠ]</span> <span class='ocrx_word' id='word_1_3' title='bbox 677 214 1121 260; x_wconf 86' lang='lat' dir='ltr'>POLICRATICVS</span> <span class='ocrx_word' id='word_1_4' title='bbox 1647 218 1737 267; x_wconf 76' lang='lat'>604</span> <span class='ocrx_word' id='word_1_5' title='bbox 1755 226 1787 256; x_wconf 86' lang='lat' dir='ltr'>a</span> 
     </span>
    </p>
   </div>
   <div class='ocr_carea' id='block_1_2' title="bbox 118 334 1632 808">
    <p class='ocr_par' dir='ltr' id='par_1_2' title="bbox 157 334 1632 600">
     <span class='ocr_line' id='line_1_2' title="bbox 158 334 1632 392; baseline -0.001 -13"><span class='ocrx_word' id='word_1_6' title='bbox 158 335 223 379; x_wconf 84' lang='lat' dir='ltr'>At</span> <span class='ocrx_word' id='word_1_7' title='bbox 241 336 320 389; x_wconf 93' lang='lat' dir='ltr'>illi,</span> <span class='ocrx_word' id='word_1_8' title='bbox 340 335 559 380; x_wconf 85' lang='lat' dir='ltr'>cohortati</span> <span class='ocrx_word' id='word_1_9' title='bbox 586 335 787 392; x_wconf 90' lang='lat' dir='ltr'>captiuos</span> <span class='ocrx_word' id='word_1_10' title='bbox 811 334 868 377; x_wconf 88' lang='lat' dir='ltr'>ad</span> <span class='ocrx_word' id='word_1_11' title='bbox 892 338 1080 378; x_wconf 86' lang='lat' dir='ltr'>mortem</span> <span class='ocrx_word' id='word_1_12' title='bbox 1106 334 1286 378; x_wconf 84' lang='lat' dir='ltr'>fortiter</span> <span class='ocrx_word' id='word_1_13' title='bbox 1314 335 1632 392; x_wconf 83' lang='lat' dir='ltr'><strong>excipiendam,</strong></span> 
     </span>
     <span class='ocr_line' id='line_1_3' title="bbox 157 403 1632 461; baseline 0 -13"><span class='ocrx_word' id='word_1_14' title='bbox 157 405 292 448; x_wconf 89' lang='lat' dir='ltr'>fidem</span> <span class='ocrx_word' id='word_1_15' title='bbox 312 419 547 448; x_wconf 89' lang='lat' dir='ltr'>seruauere</span> <span class='ocrx_word' id='word_1_16' title='bbox 569 404 791 448; x_wconf 89' lang='lat' dir='ltr'>Romanis.</span> <span class='ocrx_word' id='word_1_17' title='bbox 843 403 1174 461; x_wconf 89' lang='lat' dir='ltr'>Egloninenses,</span> <span class='ocrx_word' id='word_1_18' title='bbox 1193 418 1294 447; x_wconf 90' lang='lat' dir='ltr'>cum</span> <span class='ocrx_word' id='word_1_19' title='bbox 1318 419 1347 446; x_wconf 88' lang='lat' dir='ltr'>a</span> <span class='ocrx_word' id='word_1_20' title='bbox 1366 404 1542 447; x_wconf 85' lang='lat' dir='ltr'>Iuriato</span> <span class='ocrx_word' id='word_1_21' title='bbox 1561 405 1632 448; x_wconf 88' lang='lat' dir='ltr'>his</span> 
     </span>
     <span class='ocr_line' id='line_1_4' title="bbox 157 473 1632 531; baseline 0 -14"><span class='ocrx_word' id='word_1_22' title='bbox 157 473 286 517; x_wconf 87' lang='lat' dir='ltr'>liberi</span> <span class='ocrx_word' id='word_1_23' title='bbox 325 477 372 518; x_wconf 91' lang='lat' dir='ltr'>et</span> <span class='ocrx_word' id='word_1_24' title='bbox 410 473 619 531; x_wconf 89' lang='lat' dir='ltr'>coniuges</span> <span class='ocrx_word' id='word_1_25' title='bbox 666 473 970 523; x_wconf 77' lang='lat' dir='ltr'>redderentur,</span> <span class='ocrx_word' id='word_1_26' title='bbox 1009 476 1389 530; x_wconf 86' lang='lat' dir='ltr'>praeoptauerunt</span> <span class='ocrx_word' id='word_1_27' title='bbox 1433 477 1632 530; x_wconf 87' lang='lat' dir='ltr'>spectare</span> 
     </span>
     <span class='ocr_line' id='line_1_5' title="bbox 157 541 1631 600; baseline 0 -14"><span class='ocrx_word' id='word_1_28' title='bbox 157 543 374 600; x_wconf 88' lang='lat' dir='ltr'>supplicia</span> <span class='ocrx_word' id='word_1_29' title='bbox 412 542 649 600; x_wconf 88' lang='lat' dir='ltr'>pignorum</span> <span class='ocrx_word' id='word_1_30' title='bbox 688 557 869 586; x_wconf 89' lang='lat' dir='ltr'>suorum</span> <span class='ocrx_word' id='word_1_31' title='bbox 919 556 1054 599; x_wconf 90' lang='lat' dir='ltr'>quam</span> <span class='ocrx_word' id='word_1_32' title='bbox 1099 557 1128 584; x_wconf 89' lang='lat' dir='ltr'>a</span> <span class='ocrx_word' id='word_1_33' title='bbox 1174 541 1387 584; x_wconf 84' lang='lat' dir='ltr'>Romanis</span> <span class='ocrx_word' id='word_1_34' title='bbox 1435 542 1631 586; x_wconf 90' lang='lat' dir='ltr'>deficere.</span> 
     </span>
    </p>

    <p class='ocr_par' dir='ltr' id='par_1_3' title="bbox 118 610 1632 808">
     <span class='ocr_line' id='line_1_6' title="bbox 118 610 1632 667; baseline -0.001 -12"><span class='ocrx_word' id='word_1_35' title='bbox 118 626 141 661; x_wconf 74' lang='grc'><strong><em>5</em></strong></span> <span class='ocrx_word' id='word_1_36' title='bbox 158 611 439 663; x_wconf 88' lang='lat' dir='ltr'>Numantini,</span> <span class='ocrx_word' id='word_1_37' title='bbox 473 626 530 655; x_wconf 90' lang='lat' dir='ltr'>ne</span> <span class='ocrx_word' id='word_1_38' title='bbox 568 626 615 655; x_wconf 91' lang='lat' dir='ltr'>se</span> <span class='ocrx_word' id='word_1_39' title='bbox 650 611 876 664; x_wconf 75' lang='lat' dir='ltr'>dederent,</span> <span class='ocrx_word' id='word_1_40' title='bbox 911 610 1031 653; x_wconf 87' lang='lat' dir='ltr'>fame</span> <span class='ocrx_word' id='word_1_41' title='bbox 1066 610 1179 654; x_wconf 90' lang='lat' dir='ltr'>mori</span> <span class='ocrx_word' id='word_1_42' title='bbox 1214 610 1425 667; x_wconf 84' lang='lat' dir='ltr'>praefixis</span> <span class='ocrx_word' id='word_1_43' title='bbox 1459 610 1632 654; x_wconf 86' lang='lat' dir='ltr'>foribus</span> 
     </span>
     <span class='ocr_line' id='line_1_7' title="bbox 156 679 1632 737; baseline 0 -13"><span class='ocrx_word' id='word_1_44' title='bbox 156 681 369 724; x_wconf 89' lang='lat' dir='ltr'>domuum</span> <span class='ocrx_word' id='word_1_45' title='bbox 389 695 570 724; x_wconf 88' lang='lat' dir='ltr'>suarum</span> <span class='ocrx_word' id='word_1_46' title='bbox 590 681 863 734; x_wconf 78' lang='lat' dir='ltr'>maluerunt3</span> <span class='ocrx_word' id='word_1_47' title='bbox 891 680 1189 737; x_wconf 89' lang='lat' dir='ltr'>uicissentque</span> <span class='ocrx_word' id='word_1_48' title='bbox 1209 679 1432 723; x_wconf 85' lang='lat' dir='ltr'>Romanos</span> <span class='ocrx_word' id='word_1_49' title='bbox 1452 684 1632 724; x_wconf 84' lang='lat' dir='ltr'>auctore</span> 
     </span>
     <span class='ocr_line' id='line_1_8' title="bbox 158 749 1142 808; baseline -0.002 -14"><span class='ocrx_word' id='word_1_50' title='bbox 158 749 316 794; x_wconf 86' lang='lat' dir='ltr'>Orosio</span> <span class='ocrx_word' id='word_1_51' title='bbox 334 750 421 794; x_wconf 90' lang='lat' dir='ltr'>nisi</span> <span class='ocrx_word' id='word_1_52' title='bbox 442 750 507 793; x_wconf 91' lang='lat' dir='ltr'>illi</span> <span class='ocrx_word' id='word_1_53' title='bbox 527 750 611 794; x_wconf 94' lang='lat' dir='ltr'>sub</span> <span class='ocrx_word' id='word_1_54' title='bbox 631 749 838 808; x_wconf 84' lang='lat' dir='ltr'>Scipione</span> <span class='ocrx_word' id='word_1_55' title='bbox 857 753 1142 808; x_wconf 76' lang='lat' dir='ltr'>pugnassent.</span> 
     </span>
    </p>
   </div>
   <div class='ocr_carea' id='block_1_3' title="bbox 157 901 1681 1030">
    <p class='ocr_par' dir='ltr' id='par_1_4' title="bbox 157 901 1681 1030">
     <span class='ocr_line' id='line_1_9' title="bbox 157 901 1681 963; baseline -0.003 -14"><span class='ocrx_word' id='word_1_56' title='bbox 157 903 265 963; x_wconf 86' lang='lat' dir='ltr'>Cap.</span> <span class='ocrx_word' id='word_1_57' title='bbox 300 917 367 948; x_wconf 89' lang='lat'>12.</span> <span class='ocrx_word' id='word_1_58' title='bbox 404 903 534 958; x_wconf 80' lang='lat' dir='ltr'>Quod</span> <span class='ocrx_word' id='word_1_59' title='bbox 564 904 710 948; x_wconf 78' lang='lat' dir='ltr'>uaria</span> <span class='ocrx_word' id='word_1_60' title='bbox 743 902 1093 948; x_wconf 71' lang='lat' dir='ltr'>animaduersio</span> <span class='ocrx_word' id='word_1_61' title='bbox 1121 902 1327 960; x_wconf 79' lang='lat' dir='ltr'>procedit</span> <span class='ocrx_word' id='word_1_62' title='bbox 1360 901 1419 945; x_wconf 74' lang='lat' dir='ltr'>in</span> <span class='ocrx_word' id='word_1_63' title='bbox 1453 917 1520 946; x_wconf 75' lang='lat' dir='ltr'>eos</span> <span class='ocrx_word' id='word_1_64' title='bbox 1548 901 1681 960; x_wconf 79' lang='lat' dir='ltr'>quib</span> 
     </span>
     <span class='ocr_line' id='line_1_10' title="bbox 273 970 1633 1030; baseline -0.002 -13"><span class='ocrx_word' id='word_1_65' title='bbox 273 972 386 1017; x_wconf 74' lang='lat' dir='ltr'>duci</span> <span class='ocrx_word' id='word_1_66' title='bbox 423 987 522 1017; x_wconf 72' lang='lat' dir='ltr'>‘no‘n</span> <span class='ocrx_word' id='word_1_67' title='bbox 561 972 876 1030; x_wconf 77' lang='lat' dir='ltr'>obtemperant,</span> <span class='ocrx_word' id='word_1_68' title='bbox 908 976 948 1017; x_wconf 81' lang='lat' dir='ltr'>et</span> <span class='ocrx_word' id='word_1_69' title='bbox 981 976 1206 1030; x_wconf 73' lang='lat' dir='ltr'>quatenus</span> <span class='ocrx_word' id='word_1_70' title='bbox 1239 970 1391 1015; x_wconf 80' lang='lat' dir='ltr'>debeat</span> <span class='ocrx_word' id='word_1_71' title='bbox 1429 971 1602 1016; x_wconf 58' lang='lat' dir='ltr'>obediri</span> <span class='ocrx_word' id='word_1_72' title='bbox 1615 989 1633 1021; x_wconf 89' lang='lat'><em>;</em></span> 
     </span>
    </p>
   </div>
   <div class='ocr_carea' id='block_1_4' title="bbox 20 1040 1635 1100">
    <p class='ocr_par' dir='ltr' id='par_1_5' title="bbox 12 1038 1635 1100">
     <span class='ocr_line' id='line_1_11' title="bbox 20 1040 1635 1100; baseline -0.002 -12.02"><span class='ocrx_word' id='word_1_73' title='bbox 20 1047 21 1050; x_wconf 74' lang='grc'>’</span> <span class='ocrx_word' id='word_1_74' title='bbox 101 1062 143 1089; x_wconf 84' lang='grc' dir='ltr'>ιο</span> <span class='ocrx_word' id='word_1_75' title='bbox 274 1046 314 1086; x_wconf 78' lang='lat' dir='ltr'>et</span> <span class='ocrx_word' id='word_1_76' title='bbox 358 1042 417 1086; x_wconf 74' lang='lat' dir='ltr'>in</span> <span class='ocrx_word' id='word_1_77' title='bbox 461 1041 630 1100; x_wconf 76' lang='lat' dir='ltr'>quibus</span> <span class='ocrx_word' id='word_1_78' title='bbox 674 1042 915 1086; x_wconf 71' lang='lat' dir='ltr'>‘mandatis</span> <span class='ocrx_word' id='word_1_79' title='bbox 958 1042 1106 1086; x_wconf 80' lang='lat' dir='ltr'>locum</span> <span class='ocrx_word' id='word_1_80' title='bbox 1149 1040 1307 1085; x_wconf 77' lang='lat' dir='ltr'>habeat</span> <span class='ocrx_word' id='word_1_81' title='bbox 1350 1041 1635 1085; x_wconf 70' lang='lat' dir='ltr'>examinatio</span> 
     </span>
    </p>
   </div>
   <div class='ocr_carea' id='block_1_5' title="bbox 22 1111 1636 1621">
    <p class='ocr_par' dir='ltr' id='par_1_6' title="bbox 274 1111 903 1169">
     <span class='ocr_line' id='line_1_12' title="bbox 274 1111 903 1169; baseline 0 -14"><span class='ocrx_word' id='word_1_82' title='bbox 274 1112 510 1164; x_wconf 70' lang='lat' dir='ltr'>militarie,</span> <span class='ocrx_word' id='word_1_83' title='bbox 529 1111 586 1155; x_wconf 75' lang='lat' dir='ltr'>in</span> <span class='ocrx_word' id='word_1_84' title='bbox 606 1111 772 1169; x_wconf 74' lang='lat' dir='ltr'>quibus</span> <span class='ocrx_word' id='word_1_85' title='bbox 791 1125 903 1155; x_wconf 68' lang='lat' dir='ltr'>non.</span> 
     </span>
    </p>

    <p class='ocr_par' dir='ltr' id='par_1_7' title="bbox 22 1213 1636 1621">
     <span class='ocr_line' id='line_1_13' title="bbox 217 1213 1636 1272; baseline -0.001 -14"><span class='ocrx_word' id='word_1_86' title='bbox 217 1213 274 1258; x_wconf 91' lang='lat' dir='ltr'>In</span> <span class='ocrx_word' id='word_1_87' title='bbox 314 1229 388 1259; x_wconf 87' lang='lat' dir='ltr'>eos</span> <span class='ocrx_word' id='word_1_88' title='bbox 427 1229 535 1259; x_wconf 89' lang='lat' dir='ltr'>uero</span> <span class='ocrx_word' id='word_1_89' title='bbox 574 1215 652 1272; x_wconf 91' lang='lat' dir='ltr'>qui</span> <span class='ocrx_word' id='word_1_90' title='bbox 691 1215 817 1259; x_wconf 90' lang='lat' dir='ltr'>ducis</span> <span class='ocrx_word' id='word_1_91' title='bbox 856 1218 937 1259; x_wconf 91' lang='lat' dir='ltr'>aut</span> <span class='ocrx_word' id='word_1_92' title='bbox 976 1214 1087 1272; x_wconf 88' lang='lat' dir='ltr'>legis</span> <span class='ocrx_word' id='word_1_93' title='bbox 1132 1229 1223 1258; x_wconf 91' lang='lat' dir='ltr'>non</span> <span class='ocrx_word' id='word_1_94' title='bbox 1265 1213 1636 1272; x_wconf 75' lang='lat' dir='ltr'>obtemperabant</span> 
     </span>
     <span class='ocr_line' id='line_1_14' title="bbox 159 1283 1635 1343; baseline -0.001 -15"><span class='ocrx_word' id='word_1_95' title='bbox 159 1284 346 1328; x_wconf 80' lang='lat' dir='ltr'>arbitrio</span> <span class='ocrx_word' id='word_1_96' title='bbox 372 1284 500 1328; x_wconf 83' lang='lat' dir='ltr'>uaria</span> <span class='ocrx_word' id='word_1_97' title='bbox 525 1284 853 1329; x_wconf 84' lang='lat' dir='ltr'>animaduersio</span> <span class='ocrx_word' id='word_1_98' title='bbox 882 1284 1158 1343; x_wconf 83' lang='lat' dir='ltr'>procedebat.</span> <span class='ocrx_word' id='word_1_99' title='bbox 1218 1283 1338 1327; x_wconf 87' lang='lat' dir='ltr'>Nam</span> <span class='ocrx_word' id='word_1_100' title='bbox 1364 1284 1442 1327; x_wconf 86' lang='lat' dir='ltr'>alii</span> <span class='ocrx_word' id='word_1_101' title='bbox 1469 1284 1517 1326; x_wconf 91' lang='lat' dir='ltr'>in</span> <span class='ocrx_word' id='word_1_102' title='bbox 1545 1283 1635 1327; x_wconf 79' lang='lat' dir='ltr'>for-</span> 
     </span>
     <span class='ocr_line' id='line_1_15' title="bbox 24 1354 1635 1413; baseline 0 -16"><span class='ocrx_word' id='word_1_103' title='bbox 24 1407 26 1410; x_wconf 13' lang='lat'><em>*</em></span> <span class='ocrx_word' id='word_1_104' title='bbox 158 1356 283 1406; x_wconf 85' lang='lat' dir='ltr'>tuna,</span> <span class='ocrx_word' id='word_1_105' title='bbox 301 1354 349 1397; x_wconf 87' lang='lat' dir='ltr'>in</span> <span class='ocrx_word' id='word_1_106' title='bbox 370 1354 493 1398; x_wconf 84' lang='lat' dir='ltr'>fama</span> <span class='ocrx_word' id='word_1_107' title='bbox 512 1354 602 1406; x_wconf 88' lang='lat' dir='ltr'>alii,</span> <span class='ocrx_word' id='word_1_108' title='bbox 625 1355 703 1398; x_wconf 88' lang='lat' dir='ltr'>alii</span> <span class='ocrx_word' id='word_1_109' title='bbox 733 1355 781 1398; x_wconf 90' lang='lat' dir='ltr'>in</span> <span class='ocrx_word' id='word_1_110' title='bbox 801 1355 1018 1413; x_wconf 84' lang='lat' dir='ltr'>sanguine</span> <span class='ocrx_word' id='word_1_111' title='bbox 1045 1354 1305 1412; x_wconf 87' lang='lat' dir='ltr'>puniuntur.</span> <span class='ocrx_word' id='word_1_112' title='bbox 1368 1354 1635 1398; x_wconf 87' lang='lat' dir='ltr'>Frontinum</span> 
     </span>
     <span class='ocr_line' id='line_1_16' title="bbox 22 1423 1636 1482; baseline 0.003 -19"><span class='ocrx_word' id='word_1_113' title='bbox 22 1458 31 1476; x_wconf 54' lang='grc'>.,</span> <span class='ocrx_word' id='word_1_114' title='bbox 102 1443 143 1480; x_wconf 75' lang='lat'>¹5</span> <span class='ocrx_word' id='word_1_115' title='bbox 159 1423 305 1482; x_wconf 87' lang='lat' dir='ltr'>relege</span> <span class='ocrx_word' id='word_1_116' title='bbox 339 1426 386 1467; x_wconf 93' lang='lat' dir='ltr'>et</span> <span class='ocrx_word' id='word_1_117' title='bbox 419 1438 735 1482; x_wconf 74' lang='lat' dir='ltr'>usquequaque</span> <span class='ocrx_word' id='word_1_118' title='bbox 772 1425 838 1468; x_wconf 91' lang='lat' dir='ltr'>ita</span> <span class='ocrx_word' id='word_1_119' title='bbox 869 1439 962 1468; x_wconf 90' lang='lat' dir='ltr'>esse</span> <span class='ocrx_word' id='word_1_120' title='bbox 994 1424 1206 1467; x_wconf 89' lang='lat' dir='ltr'>inuenies.</span> <span class='ocrx_word' id='word_1_121' title='bbox 1274 1423 1394 1467; x_wconf 90' lang='lat' dir='ltr'>Nam</span> <span class='ocrx_word' id='word_1_122' title='bbox 1426 1423 1636 1468; x_wconf 81' lang='lat' dir='ltr'>Aurelius</span> 
     </span>
     <span class='ocr_line' id='line_1_17' title="bbox 25 1490 1636 1552; baseline -0.001 -15"><span class='ocrx_word' id='word_1_123' title='bbox 25 1490 28 1495; x_wconf 73' lang='grc'><strong>’</strong></span> <span class='ocrx_word' id='word_1_124' title='bbox 160 1491 296 1537; x_wconf 86' lang='lat' dir='ltr'>Cotta</span> <span class='ocrx_word' id='word_1_125' title='bbox 334 1493 499 1544; x_wconf 93' lang='lat' dir='ltr'>consul,</span> <span class='ocrx_word' id='word_1_126' title='bbox 537 1508 639 1538; x_wconf 91' lang='lat' dir='ltr'>cum</span> <span class='ocrx_word' id='word_1_127' title='bbox 679 1494 737 1537; x_wconf 90' lang='lat' dir='ltr'>ad</span> <span class='ocrx_word' id='word_1_128' title='bbox 777 1508 888 1552; x_wconf 90' lang='lat' dir='ltr'>opus</span> <span class='ocrx_word' id='word_1_129' title='bbox 927 1494 1100 1552; x_wconf 82' lang='lat' dir='ltr'>equites</span> <span class='ocrx_word' id='word_1_130' title='bbox 1147 1493 1410 1537; x_wconf 76' lang='lat' dir='ltr'>necessitate</span> <span class='ocrx_word' id='word_1_131' title='bbox 1451 1496 1636 1551; x_wconf 84' lang='lat' dir='ltr'>cogente</span> 
     </span>
     <span class='ocr_line' id='line_1_18' title="bbox 158 1561 1636 1621; baseline 0.001 -16"><span class='ocrx_word' id='word_1_132' title='bbox 158 1561 361 1606; x_wconf 89' lang='lat' dir='ltr'>iussisset</span> <span class='ocrx_word' id='word_1_133' title='bbox 398 1562 603 1607; x_wconf 80' lang='lat' dir='ltr'>accedere</span> <span class='ocrx_word' id='word_1_134' title='bbox 642 1578 882 1621; x_wconf 90' lang='lat' dir='ltr'>eorumque</span> <span class='ocrx_word' id='word_1_135' title='bbox 922 1578 1025 1621; x_wconf 87' lang='lat' dir='ltr'>pars</span> <span class='ocrx_word' id='word_1_136' title='bbox 1058 1563 1349 1607; x_wconf 79' lang='lat' dir='ltr'>detrectasset</span> <span class='ocrx_word' id='word_1_137' title='bbox 1386 1563 1636 1621; x_wconf 85' lang='lat' dir='ltr'>imperium,</span> 
     </span>
    </p>
   </div>
   <div class='ocr_carea' id='block_1_6' title="bbox 160 1632 1637 1761">
    <p class='ocr_par' dir='ltr' id='par_1_8' title="bbox 160 1632 1637 1761">
     <span class='ocr_line' id='line_1_19' title="bbox 160 1632 1636 1691; baseline 0.001 -16"><span class='ocrx_word' id='word_1_138' title='bbox 160 1634 344 1690; x_wconf 89' lang='lat' dir='ltr'>questus</span> <span class='ocrx_word' id='word_1_139' title='bbox 383 1632 503 1690; x_wconf 87' lang='lat' dir='ltr'>apud</span> <span class='ocrx_word' id='word_1_140' title='bbox 542 1647 744 1677; x_wconf 88' lang='lat' dir='ltr'>censores</span> <span class='ocrx_word' id='word_1_141' title='bbox 783 1634 927 1677; x_wconf 84' lang='lat' dir='ltr'>effecit</span> <span class='ocrx_word' id='word_1_142' title='bbox 961 1636 1014 1677; x_wconf 90' lang='lat' dir='ltr'>ut</span> <span class='ocrx_word' id='word_1_143' title='bbox 1047 1648 1075 1676; x_wconf 89' lang='lat' dir='ltr'>a</span> <span class='ocrx_word' id='word_1_144' title='bbox 1113 1633 1318 1691; x_wconf 87' lang='lat' dir='ltr'>patribus</span> <span class='ocrx_word' id='word_1_145' title='bbox 1357 1636 1636 1685; x_wconf 80' lang='lat' dir='ltr'>notarentur,</span> 
     </span>
     <span class='ocr_line' id='line_1_20' title="bbox 161 1700 1637 1761; baseline 0.001 -17"><span class='ocrx_word' id='word_1_146' title='bbox 161 1700 321 1745; x_wconf 90' lang='lat' dir='ltr'>deinde</span> <span class='ocrx_word' id='word_1_147' title='bbox 344 1702 542 1760; x_wconf 91' lang='lat' dir='ltr'>optinuit</span> <span class='ocrx_word' id='word_1_148' title='bbox 570 1717 627 1746; x_wconf 91' lang='lat' dir='ltr'>ne</span> <span class='ocrx_word' id='word_1_149' title='bbox 657 1702 720 1746; x_wconf 92' lang='lat' dir='ltr'>eis</span> <span class='ocrx_word' id='word_1_150' title='bbox 748 1703 990 1761; x_wconf 88' lang='lat' dir='ltr'>praeterita</span> <span class='ocrx_word' id='word_1_151' title='bbox 1020 1717 1095 1746; x_wconf 88' lang='lat' dir='ltr'>era</span> <span class='ocrx_word' id='word_1_152' title='bbox 1124 1702 1436 1760; x_wconf 84' lang='lat' dir='ltr'>procederent3</span> <span class='ocrx_word' id='word_1_153' title='bbox 1464 1702 1637 1746; x_wconf 89' lang='lat' dir='ltr'>tribuni</span> 
     </span>
    </p>
   </div>
   <div class='ocr_carea' id='block_1_7' title="bbox 33 1771 1636 1830">
    <p class='ocr_par' dir='ltr' id='par_1_9' title="bbox 26 1771 1636 1830">
     <span class='ocr_line' id='line_1_21' title="bbox 33 1771 1636 1830; baseline -0.001 -14.009"><span class='ocrx_word' id='word_1_154' title='bbox 33 1814 35 1819; x_wconf 89' lang='grc'><em>,</em></span> <span class='ocrx_word' id='word_1_155' title='bbox 103 1790 147 1816; x_wconf 77' lang='lat'>20</span> <span class='ocrx_word' id='word_1_156' title='bbox 164 1785 339 1829; x_wconf 90' lang='lat' dir='ltr'>quoque</span> <span class='ocrx_word' id='word_1_157' title='bbox 350 1771 492 1829; x_wconf 90' lang='lat' dir='ltr'>plebis</span> <span class='ocrx_word' id='word_1_158' title='bbox 504 1771 559 1815; x_wconf 88' lang='lat' dir='ltr'>de</span> <span class='ocrx_word' id='word_1_159' title='bbox 575 1772 727 1815; x_wconf 85' lang='lat' dir='ltr'>eadem</span> <span class='ocrx_word' id='word_1_160' title='bbox 743 1787 790 1816; x_wconf 90' lang='lat' dir='ltr'>re</span> <span class='ocrx_word' id='word_1_161' title='bbox 805 1772 863 1815; x_wconf 83' lang='lat' dir='ltr'>ad</span> <span class='ocrx_word' id='word_1_162' title='bbox 878 1772 1092 1830; x_wconf 91' lang='lat' dir='ltr'>populum</span> <span class='ocrx_word' id='word_1_163' title='bbox 1108 1772 1402 1830; x_wconf 82' lang='lat' dir='ltr'>pertulerunt,</span> <span class='ocrx_word' id='word_1_164' title='bbox 1417 1772 1636 1815; x_wconf 86' lang='lat' dir='ltr'>omnium-</span> 
     </span>
    </p>
   </div>
   <div class='ocr_carea' id='block_1_8' title="bbox 0 693 64 3250">
    <p class='ocr_par' dir='ltr' id='par_1_10' title="bbox 0 693 64 3250">
     <span class='ocr_line' id='line_1_22' title="bbox 0 693 64 3250; baseline 0 0"><span class='ocrx_word' id='word_1_165' title='bbox 0 693 64 3250; x_wconf 95' lang='lat' dir='ltr'> </span> 
     </span>
    </p>
   </div>
   <div class='ocr_carea' id='block_1_9' title="bbox 27 1841 1679 2386">
    <p class='ocr_par' dir='ltr' id='par_1_11' title="bbox 27 1841 1679 2386">
     <span class='ocr_line' id='line_1_23' title="bbox 162 1841 1637 1899; baseline 0 -15"><span class='ocrx_word' id='word_1_166' title='bbox 162 1854 248 1898; x_wconf 87' lang='lat' dir='ltr'>que</span> <span class='ocrx_word' id='word_1_167' title='bbox 287 1855 502 1885; x_wconf 90' lang='lat' dir='ltr'>consensu</span> <span class='ocrx_word' id='word_1_168' title='bbox 540 1841 742 1886; x_wconf 88' lang='lat' dir='ltr'>stabilita</span> <span class='ocrx_word' id='word_1_169' title='bbox 781 1844 848 1885; x_wconf 85' lang='lat' dir='ltr'>est</span> <span class='ocrx_word' id='word_1_170' title='bbox 887 1841 1132 1899; x_wconf 83' lang='lat' dir='ltr'>disciplina..</span> <span class='ocrx_word' id='word_1_171' title='bbox 1193 1841 1390 1895; x_wconf 83' lang='lat' dir='ltr'>Quintus</span> <span class='ocrx_word' id='word_1_172' title='bbox 1430 1841 1637 1884; x_wconf 85' lang='lat' dir='ltr'>Metellus</span> 
     </span>
     <span class='ocr_line' id='line_1_24' title="bbox 159 1909 1679 1969; baseline 0.002 -16"><span class='ocrx_word' id='word_1_173' title='bbox 159 1909 469 1954; x_wconf 85' lang='lat' dir='ltr'>Macedonicus</span> <span class='ocrx_word' id='word_1_174' title='bbox 498 1910 546 1954; x_wconf 89' lang='lat' dir='ltr'>in</span> <span class='ocrx_word' id='word_1_175' title='bbox 576 1911 798 1969; x_wconf 85' lang='lat' dir='ltr'>Hispania</span> <span class='ocrx_word' id='word_1_176' title='bbox 827 1911 1023 1969; x_wconf 90' lang='lat' dir='ltr'>quinque</span> <span class='ocrx_word' id='word_1_177' title='bbox 1052 1910 1266 1962; x_wconf 50' lang='lat' dir='ltr'>eohortem</span> <span class='ocrx_word' id='word_1_178' title='bbox 1290 1925 1404 1968; x_wconf 85' lang='lat' dir='ltr'>quae</span> <span class='ocrx_word' id='word_1_179' title='bbox 1433 1910 1636 1954; x_wconf 86' lang='lat' dir='ltr'>hostibus</span> <span class='ocrx_word' id='word_1_180' title='bbox 1653 1925 1679 1956; x_wconf 84' lang='lat' dir='ltr'>e</span> 
     </span>
     <span class='ocr_line' id='line_1_25' title="bbox 158 1979 1635 2037; baseline 0 -15"><span class='ocrx_word' id='word_1_181' title='bbox 158 1983 394 2031; x_wconf 80' lang='lat' dir='ltr'>cesserant,</span> <span class='ocrx_word' id='word_1_182' title='bbox 432 1983 751 2024; x_wconf 85' lang='lat' dir='ltr'>testamentum</span> <span class='ocrx_word' id='word_1_183' title='bbox 791 1979 937 2024; x_wconf 87' lang='lat' dir='ltr'>facere</span> <span class='ocrx_word' id='word_1_184' title='bbox 975 1980 1118 2024; x_wconf 88' lang='lat' dir='ltr'>iussas</span> <span class='ocrx_word' id='word_1_185' title='bbox 1163 1980 1221 2023; x_wconf 85' lang='lat' dir='ltr'>ad</span> <span class='ocrx_word' id='word_1_186' title='bbox 1267 1980 1413 2024; x_wconf 89' lang='lat' dir='ltr'>locum</span> <span class='ocrx_word' id='word_1_187' title='bbox 1457 1994 1635 2037; x_wconf 88' lang='lat' dir='ltr'>recupe-</span> 
     </span>
     <span class='ocr_line' id='line_1_26' title="bbox 27 2049 1637 2108; baseline 0.001 -16"><span class='ocrx_word' id='word_1_188' title='bbox 27 2086 33 2100; x_wconf 72' lang='grc'>.,</span> <span class='ocrx_word' id='word_1_189' title='bbox 161 2049 352 2093; x_wconf 88' lang='lat' dir='ltr'>randum</span> <span class='ocrx_word' id='word_1_190' title='bbox 373 2050 557 2103; x_wconf 76' lang='lat' dir='ltr'>remisit,</span> <span class='ocrx_word' id='word_1_191' title='bbox 576 2050 774 2094; x_wconf 85' lang='lat' dir='ltr'>minatus</span> <span class='ocrx_word' id='word_1_192' title='bbox 799 2065 890 2094; x_wconf 92' lang='lat' dir='ltr'>non</span> <span class='ocrx_word' id='word_1_193' title='bbox 919 2050 1006 2093; x_wconf 89' lang='lat' dir='ltr'>nisi</span> <span class='ocrx_word' id='word_1_194' title='bbox 1034 2053 1135 2108; x_wconf 91' lang='lat' dir='ltr'>post</span> <span class='ocrx_word' id='word_1_195' title='bbox 1155 2050 1389 2093; x_wconf 89' lang='lat' dir='ltr'>uictoriam</span> <span class='ocrx_word' id='word_1_196' title='bbox 1410 2053 1637 2107; x_wconf 88' lang='lat' dir='ltr'>receptum</span> 
     </span>
     <span class='ocr_line' id='line_1_27' title="bbox 42 2118 1638 2177; baseline -0.002 -13.026"><span class='ocrx_word' id='word_1_197' title='bbox 42 2151 43 2154; x_wconf 63' lang='lat'>,</span> <span class='ocrx_word' id='word_1_198' title='bbox 104 2139 146 2176; x_wconf 72' lang='lat'>²⁵</span> <span class='ocrx_word' id='word_1_199' title='bbox 164 2118 234 2164; x_wconf 83' lang='lat' dir='ltr'>in&#39;.</span> <span class='ocrx_word' id='word_1_200' title='bbox 292 2118 497 2170; x_wconf 89' lang='lat' dir='ltr'>Senatus,</span> <span class='ocrx_word' id='word_1_201' title='bbox 531 2133 632 2163; x_wconf 91' lang='lat' dir='ltr'>cum</span> <span class='ocrx_word' id='word_1_202' title='bbox 666 2119 832 2163; x_wconf 88' lang='lat' dir='ltr'>milites</span> <span class='ocrx_word' id='word_1_203' title='bbox 867 2119 1014 2162; x_wconf 90' lang='lat' dir='ltr'>Publii</span> <span class='ocrx_word' id='word_1_204' title='bbox 1049 2119 1217 2163; x_wconf 87' lang='lat' dir='ltr'>Valerii</span> <span class='ocrx_word' id='word_1_205' title='bbox 1256 2119 1452 2177; x_wconf 88' lang='lat' dir='ltr'>turpiter</span> <span class='ocrx_word' id='word_1_206' title='bbox 1490 2119 1638 2177; x_wconf 73' lang='lat' dir='ltr'>fugati</span> 
     </span>
     <span class='ocr_line' id='line_1_28' title="bbox 36 2187 1639 2239; baseline 0 -7"><span class='ocrx_word' id='word_1_207' title='bbox 36 2207 40 2218; x_wconf 67' lang='grc'><strong><em>»</em></strong></span> <span class='ocrx_word' id='word_1_208' title='bbox 163 2190 322 2239; x_wconf 87' lang='lat' dir='ltr'>essent,</span> <span class='ocrx_word' id='word_1_209' title='bbox 353 2187 551 2232; x_wconf 86' lang='lat' dir='ltr'>decreuit</span> <span class='ocrx_word' id='word_1_210' title='bbox 584 2203 640 2232; x_wconf 92' lang='lat' dir='ltr'>ne</span> <span class='ocrx_word' id='word_1_211' title='bbox 679 2189 720 2232; x_wconf 92' lang='lat' dir='ltr'>ei</span> <span class='ocrx_word' id='word_1_212' title='bbox 759 2189 929 2232; x_wconf 82' lang='lat' dir='ltr'>auxilia</span> <span class='ocrx_word' id='word_1_213' title='bbox 968 2189 1341 2232; x_wconf 88' lang='lat' dir='ltr'>submitterentur</span> <span class='ocrx_word' id='word_1_214' title='bbox 1379 2188 1466 2232; x_wconf 89' lang='lat' dir='ltr'>nisi</span> <span class='ocrx_word' id='word_1_215' title='bbox 1506 2188 1639 2232; x_wconf 88' lang='lat' dir='ltr'>uictis</span> 
     </span>
     <span class='ocr_line' id='line_1_29' title="bbox 162 2257 1638 2317; baseline -0.001 -16"><span class='ocrx_word' id='word_1_216' title='bbox 162 2257 378 2302; x_wconf 89' lang='lat' dir='ltr'>hostibus.</span> <span class='ocrx_word' id='word_1_217' title='bbox 436 2258 523 2302; x_wconf 89' lang='lat' dir='ltr'>His</span> <span class='ocrx_word' id='word_1_218' title='bbox 551 2273 659 2302; x_wconf 89' lang='lat' dir='ltr'>uero</span> <span class='ocrx_word' id='word_1_219' title='bbox 686 2258 947 2317; x_wconf 89' lang='lat' dir='ltr'>legionibus,</span> <span class='ocrx_word' id='word_1_220' title='bbox 967 2273 1080 2316; x_wconf 85' lang='lat' dir='ltr'>quae</span> <span class='ocrx_word' id='word_1_221' title='bbox 1102 2258 1269 2302; x_wconf 89' lang='lat' dir='ltr'>Punico</span> <span class='ocrx_word' id='word_1_222' title='bbox 1293 2258 1409 2302; x_wconf 87' lang='lat' dir='ltr'>bello</span> <span class='ocrx_word' id='word_1_223' title='bbox 1430 2258 1638 2301; x_wconf 87' lang='lat' dir='ltr'>militiam</span> 
     </span>
     <span class='ocr_line' id='line_1_30' title="bbox 162 2326 1638 2386; baseline 0 -15"><span class='ocrx_word' id='word_1_224' title='bbox 162 2326 534 2380; x_wconf 88' lang='lat' dir='ltr'>detrectauerant,</span> <span class='ocrx_word' id='word_1_225' title='bbox 573 2329 621 2372; x_wconf 91' lang='lat' dir='ltr'>in</span> <span class='ocrx_word' id='word_1_226' title='bbox 660 2328 882 2373; x_wconf 86' lang='lat' dir='ltr'>Sciliciam</span> <span class='ocrx_word' id='word_1_227' title='bbox 921 2329 1048 2372; x_wconf 91' lang='lat' dir='ltr'>uelut</span> <span class='ocrx_word' id='word_1_228' title='bbox 1086 2328 1295 2386; x_wconf 86' lang='lat' dir='ltr'>relegatis</span> <span class='ocrx_word' id='word_1_229' title='bbox 1341 2342 1422 2386; x_wconf 88' lang='lat' dir='ltr'>per</span> <span class='ocrx_word' id='word_1_230' title='bbox 1468 2331 1638 2386; x_wconf 86' lang='lat' dir='ltr'>septem</span> 
     </span>
    </p>
   </div>
   <div class='ocr_carea' id='block_1_10' title="bbox 163 2458 1639 2563">
    <p class='ocr_par' dir='ltr' id='par_1_12' title="bbox 163 2458 1639 2563">
     <span class='ocr_line' id='line_1_31' title="bbox 163 2458 1639 2519; baseline -0.001 -11"><span class='ocrx_word' id='word_1_231' title='bbox 163 2479 184 2515; x_wconf 77' lang='lat'><strong>7</strong></span> <span class='ocrx_word' id='word_1_232' title='bbox 210 2469 247 2508; x_wconf 72' lang='lat' dir='ltr'>oi</span> <span class='ocrx_word' id='word_1_233' title='bbox 275 2469 362 2508; x_wconf 71' lang='lat' dir='ltr'>ione</span> <span class='ocrx_word' id='word_1_234' title='bbox 378 2470 412 2506; x_wconf 84' lang='lat' dir='ltr'>A</span> <span class='ocrx_word' id='word_1_235' title='bbox 558 2482 597 2509; x_wconf 83' lang='grc' dir='ltr'>ιι</span> <span class='ocrx_word' id='word_1_236' title='bbox 621 2477 704 2519; x_wconf 59' lang='lat' dir='ltr'>pose</span> <span class='ocrx_word' id='word_1_237' title='bbox 719 2458 899 2510; x_wconf 65' lang='lat' dir='ltr'>militaris</span> <span class='ocrx_word' id='word_1_238' title='bbox 915 2474 1000 2509; x_wconf 75' lang='lat' dir='ltr'>aaa,</span> <span class='ocrx_word' id='word_1_239' title='bbox 1018 2473 1060 2509; x_wconf 73' lang='lat' dir='ltr'>et</span> <span class='ocrx_word' id='word_1_240' title='bbox 1078 2470 1120 2507; x_wconf 83' lang='lat' dir='ltr'>s·</span> <span class='ocrx_word' id='word_1_241' title='bbox 1264 2481 1307 2516; x_wconf 87' lang='lat'>14</span> <span class='ocrx_word' id='word_1_242' title='bbox 1332 2470 1456 2508; x_wconf 70' lang='lat' dir='ltr'>amin</span> <span class='ocrx_word' id='word_1_243' title='bbox 1478 2471 1582 2508; x_wconf 67' lang='lat' dir='ltr'><strong>fama</strong></span> <span class='ocrx_word' id='word_1_244' title='bbox 1599 2470 1639 2507; x_wconf 80' lang='lat' dir='ltr'>M</span> 
     </span>
     <span class='ocr_line' id='line_1_32' title="bbox 163 2517 1320 2563; baseline -0.002 -7"><span class='ocrx_word' id='word_1_245' title='bbox 163 2526 210 2563; x_wconf 82' lang='lat'>27</span> <span class='ocrx_word' id='word_1_246' title='bbox 274 2517 319 2555; x_wconf 86' lang='lat' dir='ltr'>’is</span> <span class='ocrx_word' id='word_1_247' title='bbox 337 2517 362 2555; x_wconf 88' lang='lat' dir='ltr'>S</span> <span class='ocrx_word' id='word_1_248' title='bbox 505 2520 551 2556; x_wconf 85' lang='lat'>28</span> <span class='ocrx_word' id='word_1_249' title='bbox 576 2518 739 2557; x_wconf 79' lang='lat' dir='ltr'>siciliam</span> <span class='ocrx_word' id='word_1_250' title='bbox 756 2519 825 2558; x_wconf 75' lang='lat' dir='ltr'>A&#39;:</span> <span class='ocrx_word' id='word_1_251' title='bbox 852 2519 1019 2558; x_wconf 87' lang='lat' dir='ltr'>ciciliam</span> <span class='ocrx_word' id='word_1_252' title='bbox 1035 2519 1103 2556; x_wconf 82' lang='lat' dir='ltr'>SM</span> <span class='ocrx_word' id='word_1_253' title='bbox 1198 2518 1262 2555; x_wconf 84' lang='lat' dir='ltr'>vii.</span> <span class='ocrx_word' id='word_1_254' title='bbox 1280 2518 1320 2554; x_wconf 79' lang='lat' dir='ltr'><strong>M</strong></span> 
     </span>
    </p>
   </div>
   <div class='ocr_carea' id='block_1_11' title="bbox 165 2649 1639 2888">
    <p class='ocr_par' dir='ltr' id='par_1_13' title="bbox 165 2649 1639 2888">
     <span class='ocr_line' id='line_1_33' title="bbox 213 2649 1639 2698; baseline -0.001 -10"><span class='ocrx_word' id='word_1_255' title='bbox 213 2661 235 2688; x_wconf 83' lang='lat'><em>2</em></span> <span class='ocrx_word' id='word_1_256' title='bbox 258 2652 540 2696; x_wconf 69' lang='lat' dir='ltr'>quoninenses:</span> <span class='ocrx_word' id='word_1_257' title='bbox 574 2650 703 2698; x_wconf 85' lang='lat' dir='ltr'>potius</span> <span class='ocrx_word' id='word_1_258' title='bbox 726 2651 977 2698; x_wconf 53' lang='lat' dir='ltr'>Seyom’mseu</span> <span class='ocrx_word' id='word_1_259' title='bbox 1010 2664 1045 2688; x_wconf 89' lang='lat' dir='ltr'>v.</span> <span class='ocrx_word' id='word_1_260' title='bbox 1065 2650 1355 2689; x_wconf 83' lang='lat' dir='ltr'>Gundermanni</span> <span class='ocrx_word' id='word_1_261' title='bbox 1380 2663 1469 2698; x_wconf 89' lang='lat' dir='ltr'>app.</span> <span class='ocrx_word' id='word_1_262' title='bbox 1488 2650 1571 2687; x_wconf 85' lang='lat' dir='ltr'>crit.</span> <span class='ocrx_word' id='word_1_263' title='bbox 1589 2649 1639 2686; x_wconf 86' lang='lat' dir='ltr'>ad</span> 
     </span>
     <span class='ocr_line' id='line_1_34' title="bbox 165 2697 1639 2751; baseline -0.001 -15"><span class='ocrx_word' id='word_1_264' title='bbox 165 2697 403 2736; x_wconf 77' lang='lat' dir='ltr'>Frontinum.</span> <span class='ocrx_word' id='word_1_265' title='bbox 497 2700 662 2735; x_wconf 71' lang='lat' dir='ltr'>Iuriato:</span> <span class='ocrx_word' id='word_1_266' title='bbox 687 2698 750 2736; x_wconf 89' lang='lat' dir='ltr'>i.e.</span> <span class='ocrx_word' id='word_1_267' title='bbox 774 2701 952 2736; x_wconf 69' lang='lat' dir='ltr'>Viriatho.</span> <span class='ocrx_word' id='word_1_268' title='bbox 1060 2701 1083 2736; x_wconf 91' lang='lat'><strong>6</strong></span> <span class='ocrx_word' id='word_1_269' title='bbox 1107 2701 1343 2747; x_wconf 68' lang='lat' dir='ltr'>uicissentqnae</span> <span class='ocrx_word' id='word_1_270' title='bbox 1360 2702 1455 2735; x_wconf 88' lang='lat' dir='ltr'>etc.:</span> <span class='ocrx_word' id='word_1_271' title='bbox 1482 2710 1514 2733; x_wconf 85' lang='lat' dir='ltr'>v.</span> <span class='ocrx_word' id='word_1_272' title='bbox 1534 2697 1639 2751; x_wconf 74' lang='lat' dir='ltr'>Qros.</span> 
     </span>
     <span class='ocr_line' id='line_1_35' title="bbox 165 2745 1639 2793; baseline -0.001 -11"><span class='ocrx_word' id='word_1_273' title='bbox 165 2746 263 2784; x_wconf 62' lang='lat' dir='ltr'>Hm.</span> <span class='ocrx_word' id='word_1_274' title='bbox 280 2758 314 2782; x_wconf 87' lang='lat' dir='ltr'>v.</span> <span class='ocrx_word' id='word_1_275' title='bbox 332 2755 352 2792; x_wconf 91' lang='lat'><em>7</em></span> <span class='ocrx_word' id='word_1_276' title='bbox 373 2745 391 2793; x_wconf 67' lang='grc' dir='ltr'><strong>ξ</strong></span> <span class='ocrx_word' id='word_1_277' title='bbox 414 2753 469 2792; x_wconf 81' lang='lat'>13.</span> <span class='ocrx_word' id='word_1_278' title='bbox 658 2755 698 2793; x_wconf 86' lang='lat'>15</span> <span class='ocrx_word' id='word_1_279' title='bbox 725 2748 900 2783; x_wconf 76' lang='lat' dir='ltr'>Aurelius</span> <span class='ocrx_word' id='word_1_280' title='bbox 916 2749 1011 2783; x_wconf 83' lang='lat' dir='ltr'>etc.:</span> <span class='ocrx_word' id='word_1_281' title='bbox 1037 2746 1210 2783; x_wconf 84' lang='lat' dir='ltr'>Frontin.</span> <span class='ocrx_word' id='word_1_282' title='bbox 1230 2749 1382 2792; x_wconf 75' lang='lat' dir='ltr'>Strutey.</span> <span class='ocrx_word' id='word_1_283' title='bbox 1398 2746 1445 2781; x_wconf 86' lang='lat' dir='ltr'>iv.</span> <span class='ocrx_word' id='word_1_284' title='bbox 1467 2756 1480 2782; x_wconf 85' lang='lat'>1</span> <span class='ocrx_word' id='word_1_285' title='bbox 1505 2746 1546 2792; x_wconf 56' lang='grc' dir='ltr'>ξς</span> <span class='ocrx_word' id='word_1_286' title='bbox 1568 2756 1639 2781; x_wconf 83' lang='grc'>22-</span> 
     </span>
     <span class='ocr_line' id='line_1_36' title="bbox 166 2792 1639 2878; baseline -0.001 -48"><span class='ocrx_word' id='word_1_287' title='bbox 166 2802 249 2878; x_wconf 70' lang='lat' dir='ltr'>25.G</span> <span class='ocrx_word' id='word_1_288' title='bbox 306 2840 331 2877; x_wconf 74' lang='lat' dir='ltr'><strong>d</strong></span> <span class='ocrx_word' id='word_1_289' title='bbox 367 2794 425 2835; x_wconf 86' lang='lat'>26.</span> <span class='ocrx_word' id='word_1_290' title='bbox 445 2794 590 2848; x_wconf 55' lang='grc' dir='ltr'>27οηίεί</span> <span class='ocrx_word' id='word_1_291' title='bbox 607 2794 716 2878; x_wconf 46' lang='lat' dir='ltr'>uter?</span> <span class='ocrx_word' id='word_1_292' title='bbox 738 2795 907 2831; x_wconf 75' lang='lat' dir='ltr'>hostibus.</span> <span class='ocrx_word' id='word_1_293' title='bbox 953 2795 1026 2830; x_wconf 75' lang='lat' dir='ltr'>His</span> <span class='ocrx_word' id='word_1_294' title='bbox 1047 2806 1134 2831; x_wconf 76' lang='lat' dir='ltr'>uere</span> <span class='ocrx_word' id='word_1_295' title='bbox 1157 2795 1376 2840; x_wconf 65' lang='lat' dir='ltr'>leuiont&#39;bus3</span> <span class='ocrx_word' id='word_1_296' title='bbox 1401 2793 1448 2830; x_wconf 85' lang='lat' dir='ltr'>de</span> <span class='ocrx_word' id='word_1_297' title='bbox 1473 2792 1639 2829; x_wconf 85' lang='lat' dir='ltr'>lectione</span> 
     </span>
     <span class='ocr_line' id='line_1_37' title="bbox 165 2851 714 2888; baseline 0.004 -11"><span class='ocrx_word' id='word_1_298' title='bbox 165 2851 201 2879; x_wconf 82' lang='lat' dir='ltr'>v.</span> <span class='ocrx_word' id='word_1_299' title='bbox 251 2852 304 2877; x_wconf 83' lang='lat' dir='ltr'>un</span> <span class='ocrx_word' id='word_1_300' title='bbox 332 2851 504 2878; x_wconf 83' lang='lat' dir='ltr'>ermanm</span> <span class='ocrx_word' id='word_1_301' title='bbox 519 2852 608 2888; x_wconf 82' lang='lat' dir='ltr'>app.</span> <span class='ocrx_word' id='word_1_302' title='bbox 626 2853 683 2878; x_wconf 81' lang='lat' dir='ltr'>cn</span> <span class='ocrx_word' id='word_1_303' title='bbox 704 2869 714 2879; x_wconf 87' lang='lat'>.</span> 
     </span>
    </p>
   </div>
   <div class='ocr_carea' id='block_1_12' title="bbox 1484 2920 1527 2954">
    <p class='ocr_par' dir='ltr' id='par_1_14' title="bbox 1484 2920 1527 2954">
     <span class='ocr_line' id='line_1_38' title="bbox 1484 2920 1527 2954; baseline 0 0"><span class='ocrx_word' id='word_1_304' title='bbox 1484 2920 1527 2954; x_wconf 82' lang='lat'>²9</span> 
     </span>
    </p>
   </div>
  </div>
 </body>
</html>
