1988 3250
167 209 269 245 ou.
285 196 346 259 11]
679 159 1116 241 Pomcmmovs

166 319 367 377 agnoseit
413 321 467 362 ut
511 317 750 361 dumtaxat
791 316 912 358 illius
955 315 1049 358 fere
1091 315 1370 372 amplexibus
1418 314 1632 372 capiatur.

169 388 359 432 Odorem
397 388 641 445 pantherae
679 389 826 429 cetera
867 387 1116 441 oequuntur
1161 384 1372 426 animalia
1418 387 1475 434 et,
1513 383 1631 440 quod

167 457 415 500 mirabilius
441 459 520 507 est,
540 457 681 513 pisces
700 455 747 497 in
767 454 1022 512 gurgitibus
1048 453 1106 496 ad
1133 453 1321 510 speeiem
1348 453 1447 495 auri
1474 467 1630 495 conue-

164 526 322 579 niunt3
351 525 469 568 unde
489 527 535 568 et
557 524 768 568 seuientis
787 523 992 566 luxuriae
1011 522 1253 579 imperator
1266 520 1387 564 Nero
1406 522 1566 573 aureis,
1579 525 1630 564 ut

126 611 146 646 3
165 595 340 646 dicitur,
359 595 528 638 retibus
546 594 812 652 piscabatur.
872 592 991 646 Quid
1011 591 1183 640 multa?

280 675 426 719 Torua
454 675 580 718 leena
608 674 763 732 lupum
793 674 1005 730 sequitur,
1034 673 1166 730 lupus
1197 672 1290 728 ipse
1319 671 1545 728 capellam,

277 734 508 777 florentem
536 733 746 777 eithisum
775 732 977 789 sequitur
1005 731 1171 774 lasciua
1198 730 1377 787 capella,

165 817 211 858 et
229 814 277 858 in
297 814 414 858 hunc
434 814 613 857 modum
634 813 864 870 uoluptate
894 826 975 855 sua
1002 812 1246 855 trahuntur
1269 811 1484 868 plurima;
1514 811 1632 868 quod

165 885 236 940 (ut
262 883 409 942 credo)
439 883 616 926 euenire
644 897 734 926 non
763 885 911 939 posset
940 882 978 924 si
1008 881 1063 924 de
1097 881 1403 924 affectionibus
1433 880 1525 923 suis
1559 880 1630 923 uel

108 963 150 994 ιο
165 953 299 997 bruta
318 953 528 996 animalia
547 953 816 996 dubitarent.
876 951 964 1005 Qui
980 966 1085 1008 ergo
1100 951 1157 993 ad
1173 950 1350 1007 singula
1365 950 1499 993 nescii
1513 953 1631 1000 sunt,

165 1037 254 1080 qua
279 1023 530 1066 temeritate
549 1022 621 1066 uel
641 1022 919 1079 impudentia
942 1020 1282 1079 philosophandi
1313 1020 1630 1077 professionem

166 1092 416 1150 arripiunt?
475 1092 594 1135 Nam
614 1092 730 1136 sicut
758 1092 816 1135 ab
843 1106 894 1135 eo
922 1091 1040 1148 quod
1067 1095 1222 1134 notum
1247 1094 1315 1133 est
1340 1090 1476 1140 notio,
1495 1090 1557 1133 sic
1586 1094 1632 1132 et

165 1161 281 1205 ratio
300 1162 357 1204 ab
376 1176 427 1205 eo
447 1161 564 1219 quod
584 1165 731 1205 ratum
748 1165 826 1211 est,
842 1161 888 1204 id
910 1164 977 1204 est
996 1164 1166 1204 eertum
1188 1163 1233 1203 et
1252 1161 1443 1210 firmum,
1457 1174 1632 1216 grama-

166 1231 252 1276 tice
272 1231 592 1275 denominatur.
652 1231 711 1274 Et
730 1231 929 1288 profecto
949 1231 1095 1273 inanis
1119 1234 1187 1273 est
1213 1230 1328 1272 ratio
1348 1229 1540 1272 hominis
1560 1229 1631 1272 cui

109 1315 151 1351 ιε
166 1301 303 1345 nichil
322 1301 574 1358 persuaderi
594 1304 742 1358 potest
760 1301 868 1358 quin
889 1315 1061 1357 semper
1081 1303 1126 1343 et
1149 1300 1196 1342 in
1227 1299 1432 1342 omnibus
1461 1299 1630 1355 opinio-

165 1384 273 1414 num
306 1370 474 1414 lubrico
512 1370 702 1415 uacillet.
774 1370 893 1424 Quid
923 1370 1041 1413 enim
1074 1370 1113 1412 ei
1146 1369 1426 1426 philosophia
1459 1368 1632 1411 confert

165 1440 242 1498 qui
262 1454 433 1497 semper
450 1440 639 1484 fluctuat
658 1440 952 1498 opinionibus,
973 1443 1019 1483 et
1037 1439 1108 1483 eui
1130 1439 1176 1481 in
1197 1438 1469 1481 ostendenda
1493 1437 1631 1481 felici-

164 1510 273 1554 tatis
292 1510 368 1553 uia
386 1509 572 1553 rationis
591 1510 741 1553 lumen
765 1510 991 1568 extinguit
1011 1513 1057 1552 et
1078 1509 1204 1566 quasi
1231 1508 1407 1551 oculum
1435 1508 1553 1550 eruit
1580 1511 1634 1550 ut

166 1579 339 1624 cautius
367 1583 413 1624 et
441 1580 603 1624 rectius
637 1583 795 1638 pergat
825 1581 974 1624 uiator
1007 1580 1078 1623 cui
1114 1582 1347 1622 ostensura
1381 1580 1449 1620 est
1479 1577 1632 1622 uiam?

104 1659 153 1686 ὀ
167 1648 326 1693 Nonne
346 1652 391 1693 et
410 1650 650 1707 plurimum
671 1650 796 1693 obest
819 1650 885 1692 illi
911 1650 987 1707 qui
1015 1650 1279 1692 excecatur?
1339 1647 1458 1700 Quid
1483 1647 1632 1704 potius

165 1722 373 1776 sequetur
410 1719 487 1776 qui
526 1723 655 1763 tanta
693 1719 1007 1763 contrarietate
1046 1717 1345 1761 distrahitur?
1417 1716 1534 1759 Sane
1573 1717 1631 1759 ad

163 1789 355 1846 patriam
383 1803 512 1832 nemo
540 1789 745 1846 peruenit
774 1789 861 1832 nisi
896 1789 974 1846 qui
1007 1803 1142 1831 unam
1173 1787 1375 1844 sequitur
1408 1786 1555 1837 uiam;
1586 1788 1631 1828 et

166 1857 242 1915 qui
262 1858 381 1902 omni
400 1858 536 1902 uerbo
559 1873 710 1902 aurem
735 1858 1046 1908 accommodat,
1067 1871 1310 1914 numquam
1335 1856 1513 1912 quietus
1533 1856 1630 1899 erit.

166 1926 326 1971 Nonne
345 1928 530 1971 similior
548 1931 616 1971 est
635 1928 846 1986 letargico
861 1931 941 1971 aut
956 1927 1183 1985 insipienti
1205 1927 1299 1969 siue
1321 1926 1477 1968 insano
1497 1940 1630 1982 quam

106 2005 150 2041 ¹5
167 1996 427 2055 philosopho
448 1997 535 2055 qui,
549 2012 649 2041 eum
670 1998 829 2041 somnii
843 1997 1105 2047 meminerit,
1121 2012 1179 2039 an
1193 1996 1425 2039 dormierit
1440 1996 1629 2045 dubitat,

167 2069 224 2119 et,
253 2081 353 2110 eum
382 2067 479 2110 cibo
508 2067 698 2110 satiatus
727 2072 807 2120 est,
834 2083 892 2110 an
923 2068 1099 2111 ieiunus
1128 2067 1188 2110 sit
1219 2066 1370 2116 nescit,
1392 2069 1437 2108 et
1464 2066 1632 2108 nullius

167 2176 362 2222 710itisum
379 2177 410 2213 B
576 2188 599 2224 9
622 2177 820 2215 affectibus
837 2177 903 2214 SM
1075 2187 1119 2222 24
1144 2175 1350 2223 lithargico
1369 2175 1409 2211 M
1586 2183 1629 2221 25

166 2224 329 2271 sompnii
343 2225 402 2261 AS

166 2334 250 2359 mox
267 2323 362 2369 (hat)
380 2324 515 2360 uiderit
527 2336 618 2368 eam,
636 2323 813 2368 stinkil&
829 2325 869 2359 in
885 2325 1008 2359 einum
1024 2324 1185 2368 niminis
1201 2328 1233 2358 et
1248 2323 1493 2368 complectitur
1506 2333 1584 2356 eam
1600 2326 1634 2356 et

167 2371 219 2406 cic
233 2372 544 2416 comprehenditur
557 2377 589 2408 et
605 2373 809 2415 abactam
837 2371 884 2407 ef.
905 2370 1044 2407 Cahier
1060 2372 1092 2406 δε
1111 2369 1254 2406 Martin
1265 2371 1450 2414 Melanyes
1466 2368 1633 2404 d'Arche‘-

166 2418 277 2464 oloyic
300 2417 340 2454 ii.
358 2428 437 2461 221,
456 2429 546 2461 2223
570 2419 637 2455 lib.
656 2421 699 2455 de
715 2420 847 2454 Bestiis
865 2430 978 2464 supra
1003 2418 1071 2454 cit.
1090 2418 1131 2452 ii.
1149 2419 1171 2454 6
1190 2417 1337 2463 (Migne
1356 2419 1399 2452 P.
1418 2418 1462 2453 L.
1480 2416 1631 2452 clxxvii.

169 2466 243 2511 59).
314 2475 336 2501 2
355 2467 504 2502 Odorem
509 2468 712 2512 pantherae
725 2468 797 2503 ete.
812 2479 820 2501 :
847 2478 877 2502 v.
889 2465 954 2501 lib.
970 2468 1013 2501 dc
1023 2467 1155 2501 Besto‘is
1165 2476 1276 2511 supra
1287 2464 1351 2501 cit.
1365 2464 1404 2500 ii.
1416 2475 1460 2509 23
1472 2465 1633 2509 Suryene

168 2516 286 2547 autem
303 2524 326 2547 a
341 2524 472 2557 somno,
489 2515 611 2550 statim
633 2515 761 2550 emittit
783 2513 849 2558 (sc.
868 2511 1071 2560 panthera)
1094 2515 1255 2556 myitum
1271 2525 1344 2558 per
1363 2514 1489 2553 altum,
1507 2513 1629 2546 simul-

167 2570 235 2604 que
258 2561 398 2595 odorem
421 2563 557 2597 nimiae
579 2563 776 2598 suauitatis
798 2574 879 2596 cum
902 2563 1040 2606 ruyitu,
1056 2562 1109 2596 ita
1134 2566 1174 2595 ut
1198 2562 1287 2597 odor
1307 2562 1418 2596 huius
1435 2560 1632 2605 praecellat

168 2607 291 2641 omnia
314 2613 477 2643 aromata
502 2614 534 2643 et
553 2611 750 2655 piqmenta.
810 2609 901 2644 Cum
932 2620 1012 2653 crya
1040 2610 1227 2643 audierint
1257 2619 1377 2643 uocem
1405 2610 1483 2642 eius
1510 2618 1631 2642 omnes

168 2653 305 2696 bestiae,
323 2666 410 2699 quae
434 2656 534 2701 lonyc
558 2657 616 2691 uel
634 2667 749 2710 prope
772 2661 869 2700 aunt,
891 2661 1141 2701 conyreyantcs
1159 2667 1205 2696 ee,
1232 2657 1387 2690 nimiam
1411 2656 1630 2690 suauitatem

168 2701 246 2754 eiu?
277 2707 483 2746 sequuntur.
529 2703 610 2739 Hoc
643 2705 744 2739 mter
774 2713 819 2738 ea
852 2705 908 2739 est
937 2713 1032 2748 quae
1061 2704 1215 2739 auctore
1241 2702 1467 2748 Physiologo
1494 2703 1628 2736 narrat

167 2756 239 2782 sen
268 2748 337 2782 tor.
478 2759 501 2794 4
524 2751 618 2786 Nero
642 2752 737 2786 etc.:
768 2762 804 2785 v.
828 2749 931 2786 Suet.
955 2752 1040 2786 Ner.
1065 2762 1095 2786 e.
1114 2760 1171 2795 30.
1333 2751 1357 2786 6
1384 2751 1505 2784 Torua
1529 2751 1626 2784 etc.:

169 2804 202 2830 v.
253 2805 329 2839 erg.
346 2795 423 2831 Ecl.
439 2794 478 2832 ii.
495 2797 624 2843 63-65.
759 2807 803 2842 23
827 2799 891 2843 qui
906 2799 1006 2833 omni
1022 2797 1126 2832 uerbo
1142 2799 1238 2833 etc.:
1263 2797 1313 2833 cf.
1333 2796 1474 2833 Eccles.
1491 2795 1556 2831 vii.
1582 2805 1629 2832 22

168 2841 239 2876 Sed
253 2845 286 2876 et
301 2843 436 2878 cunctis
449 2845 672 2880 sermonibus
685 2846 749 2891 qui
763 2846 938 2880 dicuntur
949 2856 995 2880 ne
1011 2846 1248 2881 accommodes
1263 2856 1325 2880 cor
1337 2849 1452 2879 tuum.

234 2911 315 2931 ms
328 2912 349 2931 ιι
898 2911 925 2938 0
1475 2912 1518 2947 97

1649 194 1741 243 689
1760 193 1790 232 b

1649 533 1673 562 C

1648 1366 1677 1407 d
