1988 3250
186 220 283 254 cu.
302 207 414 268 xm]
702 208 1140 254 POLICRATICVS
1662 214 1745 264 764
1767 213 1797 252 b

186 342 352 372 errores
391 331 443 371 ut
481 341 615 371 aurea
652 327 860 371 uideatur
895 327 1042 371 secula
1080 328 1333 380 reformare,
1363 332 1408 373 et
1447 330 1550 374 deos
1590 331 1647 374 ab

185 397 379 440 humano
405 411 565 454 genere
588 396 820 440 exulantes
849 396 943 440 eius
970 411 1104 453 opera
1135 401 1363 440 reuocatos
1393 399 1645 443 hominibus
1663 417 1689 448 c

184 468 409 509 contracta
451 465 660 508 societate
700 465 894 508 miscere.
974 464 1260 509 Consentiam
1305 466 1433 510 facile
1473 468 1644 512 littera-

183 534 340 578 tiorem
385 533 586 577 extitisse
626 533 953 587 Quintilianum
998 538 1044 577 et
1090 535 1292 578 acumine
1332 537 1378 578 et
1423 538 1646 593 grauitate

148 621 167 655 5
184 603 356 647 dicendi
394 602 675 660 praecedere;
714 606 763 646 at
788 602 862 646 ille
888 603 1147 661 diligentior
1176 607 1255 654 est,
1275 607 1322 647 et
1353 608 1570 661 quantum
1599 606 1646 648 in

183 672 411 715 rethoricis
440 672 636 715 uincitur
667 675 844 715 tantum
874 672 1015 716 uincit
1045 672 1092 714 in
1122 672 1281 717 ethica.
1342 673 1443 730 Ipse
1474 689 1647 731 quoque

183 740 486 794 Quintilianus
520 741 568 783 in
599 741 772 798 magnis
806 744 852 784 et
886 741 1133 799 praecipuis
1172 742 1299 785 bonis
1340 741 1645 799 frugalitatem

182 809 305 854 ducit
336 813 382 854 et
414 811 463 853 in
493 810 869 854 commendatione
909 810 1002 854 eius
1033 814 1188 854 tantus
1219 815 1287 854 est
1325 815 1378 855 ut
1417 812 1488 855 uel
1528 812 1647 855 solus

182 879 320 936 possit
350 880 558 925 sufficere.
617 880 726 933 Quis
759 882 909 923 tamen
944 883 1012 923 est
1044 880 1120 936 qui
1155 895 1245 924 non
1279 880 1465 925 laudet?
1536 882 1647 935 Quis

126 967 167 992 ιο
182 962 271 991 non
311 963 407 991 eam
445 948 732 992 necessariam
781 948 954 992 credit?
1032 948 1102 992 Ne
1151 953 1301 992 tamen
1341 964 1369 992 a
1407 950 1648 994 luxuriosis

183 1032 347 1075 arguar
366 1032 528 1061 auarus
559 1017 833 1076 frugalitatis
862 1018 1079 1070 laudator,
1100 1033 1197 1063 eam
1228 1019 1487 1062 liberalitati
1518 1020 1648 1063 credo

183 1090 229 1130 et
249 1086 393 1131 fateor
411 1088 625 1131 coherere.
685 1086 837 1131 Cicero
857 1088 990 1131 michi
1011 1089 1139 1132 testis
1166 1092 1234 1132 est
1263 1092 1309 1131 et
1339 1089 1482 1132 Iulius
1513 1089 1649 1133 Cesar

183 1160 230 1200 et
262 1156 339 1199 alii
368 1171 476 1214 quos
504 1171 632 1200 nemo
661 1156 915 1201 tenacitatis
944 1157 1201 1201 insimulare
1231 1162 1494 1216 praesumet.
1556 1159 1646 1201 Ad-

182 1241 337 1270 uersus
351 1227 463 1270 hanc
483 1226 624 1270 multa
643 1227 845 1284 superius
865 1227 985 1271 dicta
1004 1233 1120 1279 sunt,
1136 1232 1182 1272 et
1202 1228 1484 1271 liberalitatis
1504 1228 1646 1272 officia

124 1311 166 1345 ¹⁵
184 1310 240 1339 ex
259 1295 384 1339 libris
411 1295 662 1339 Officiorum
689 1295 818 1340 facile
838 1297 1124 1342 innotescent.
1184 1298 1247 1341 Vt
1273 1301 1423 1341 tamen
1452 1298 1642 1341 liberali·
1658 1304 1688 1345 d

183 1365 292 1408 tatis
339 1365 555 1423 ingenuae
604 1365 739 1408 facies
786 1365 1048 1418 denudetur,
1097 1367 1253 1410 modus
1302 1367 1376 1410 ille
1426 1367 1642 1424 largiendi

181 1434 371 1478 nobilior
399 1437 444 1478 et
471 1434 736 1478 laudabilior
764 1439 832 1479 est
860 1439 906 1479 et
934 1436 1099 1494 absque
1139 1438 1259 1480 omni
1298 1437 1646 1480 contradictione

182 1504 376 1562 optimus
405 1504 481 1561 qui
510 1518 632 1561 spem
662 1506 1030 1549 remunerationis
1060 1506 1268 1550 excludit.
1329 1506 1558 1563 Siquidem
1587 1507 1645 1550 ad

182 1573 516 1616 retributionem
543 1573 660 1626 dare,
680 1589 707 1616 a
733 1574 1001 1618 liberalitate
1021 1575 1215 1619 alienum
1244 1578 1311 1619 est
1341 1580 1387 1619 et
1413 1580 1643 1620 consenta-

122 1658 166 1683 ιο
181 1657 313 1686 neum
332 1642 559 1686 auaritiae.
618 1643 735 1686 Nam
756 1642 991 1696 fenerator,
1011 1648 1064 1687 ut
1083 1644 1183 1702 plus
1203 1645 1399 1702 recipiat,
1418 1645 1643 1689 interdum

180 1711 347 1769 aliquid
367 1712 673 1770 praelargitur.
733 1713 861 1756 Vnde
882 1713 1045 1758 Cocus:

294 1803 480 1871 Munera
509 1804 625 1872 quod
655 1805 833 1848 senibus
863 1806 1097 1873 uiduisque
1128 1806 1328 1863 ingentia
1357 1806 1512 1856 mittis,

295 1863 1064 1989 Soildsiffiuffliiridliilugstgiicglililags‘}
1090 1865 1365 1980 ΐθοξῗιῖἒοίαε
1396 1938 1496 1972 uno,

123 1994 163 2028 ²⁵
295 1979 940 2096 sissfflmffifflnszdffdffs&
968 1987 1362 2096 {ffiffis‘ffim

352 2093 510 2137 callida
538 2094 599 2138 sic
628 2096 790 2139 stultas
817 2097 982 2154 decipit
1011 2112 1110 2140 esca
1139 2097 1268 2140 feras.

297 2150 415 2204 Quid
444 2152 504 2195 sit
532 2152 696 2210 largiri,
726 2154 834 2211 quid
863 2155 923 2197 sit
953 2156 1117 2198 donare
1147 2155 1329 2206 docebo,

351 2209 390 2252 si
419 2210 581 2263 nescis3
619 2211 746 2263 dona,
776 2211 1044 2270 Gargiliane‚
1073 2213 1220 2257 michi.

183 2353 201 2391 5
228 2345 507 2393 diligentiorem
523 2347 563 2384 Μ
659 2351 715 2387 est
730 2361 797 2393 om.
814 2349 854 2386 M

181 2465 406 2514 dispicientss
454 2467 670 2506 Notandum
688 2471 746 2507 eet
769 2470 999 2509 Frontonem
1017 2471 1057 2508 in
1075 2471 1245 2519 epistolis
1270 2484 1360 2519 quas
1386 2472 1566 2510 habemus
1591 2473 1639 2510 de

181 2513 326 2551 Seneca
348 2513 447 2552 male
473 2515 649 2560 sensiam
681 2517 764 2554 vide
789 2518 848 2555 ed.
874 2518 999 2555 Naber
1022 2532 1086 2567 pp.
1111 2530 1188 2566 155,
1209 2522 1287 2566 156,
1313 2531 1393 2566 224.
1557 2523 1593 2564 6,
1616 2530 1637 2566 7

180 2562 264 2607 Ipse
279 2573 412 2609 quoque
430 2564 681 2607 Quintilianus
695 2566 788 2602 etc.:
815 2578 846 2601 v.
863 2568 953 2602 Inst.
975 2569 1034 2603 Or.
1052 2579 1090 2603 x.
1109 2578 1128 2613 3
1148 2567 1166 2614 ξ
1186 2569 1244 2604 26.
1420 2578 1463 2604 12
1492 2569 1636 2605 Cicero:

181 2620 213 2644 v.
247 2608 348 2644 Tusa.
376 2610 478 2656 Disp.
511 2609 568 2646 iii.
597 2613 618 2648 8
642 2611 683 2658 §§
718 2614 843 2658 16-18‚
868 2613 934 2649 ubi
962 2614 1195 2660 frugalitatis
1223 2614 1355 2651 laudes
1383 2615 1488 2658 dicit,
1519 2619 1558 2652 et
1591 2616 1637 2652 de

181 2655 424 2709 cohaerentia
438 2668 547 2694 verae
563 2657 803 2696 liberalitatis
824 2672 909 2697 cum
926 2661 1149 2708 frugalitate
1166 2663 1208 2698 de
1227 2664 1293 2708 Off.
1310 2662 1335 2698 i.
1358 2674 1400 2707 14
1419 2663 1436 2709 ξ
1456 2674 1512 2707 44,
1531 2663 1572 2698 ἰί.
1596 2665 1637 2699 16

181 2704 223 2749 ᾗς
245 2711 369 2748 55-57.
512 2706 632 2740 Iulius
651 2707 776 2742 Cesar:
801 2719 837 2743 v.
854 2719 966 2754 supra
982 2721 1012 2745 c.
1031 2719 1051 2754 7
1070 2710 1220 2755 (7340).
1408 2719 1446 2756 15
1474 2723 1519 2745 ex
1534 2712 1639 2746 libris

181 2751 411 2832 Εορἳοίοωωε
436 2761 468 2786 v.
485 2750 560 2788 cic.
571 2753 614 2788 de
632 2754 698 2798 Off.
716 2753 740 2790 i.
755 2764 808 2798 14.
1006 2766 1047 2793 21
1073 2758 1344 2802 praelaryitur:
1367 2756 1473 2794 deest
1490 2757 1530 2792 in
1549 2757 1636 2794 Lex.

211 2797 346 2833 ore-de
362 2796 438 2833 Vit.
597 2801 724 2838 Cocus:
749 2799 819 2838 i.e.
841 2802 1051 2846 Martialis;
1075 2815 1110 2839 v.
1126 2815 1240 2849 supra
1265 2804 1313 2840 ad
1337 2803 1401 2839 vii.
1425 2815 1465 2840 12
1485 2805 1567 2851 (665
1582 2807 1637 2845 Β).

181 2853 225 2880 22
251 2845 408 2880 Munera
424 2846 517 2882 etc.:
543 2845 706 2884 Martial.
722 2849 850 2895 Epiyr.
868 2849 916 2886 iv.
935 2851 992 2896 56.
1135 2861 1180 2897 23
1204 2853 1322 2887 iuste:
1348 2853 1410 2887 uis
1422 2857 1456 2887 te
1472 2851 1639 2888 Martial.

235 2914 355 2934 *¹⁸⁸⁸
856 2920 882 2947 ἰ’
909 2910 928 2947 t
1461 2927 1525 2959 3²1
