1988 3250
210 211 292 253 75⁷
310 211 342 242 a
690 200 952 246 IOANNIS
991 201 1506 247 SARESBERIENSIS
1601 200 1709 263 [ΗΒ.
1725 214 1821 247 vlu

357 323 552 366 seruitus
578 323 753 381 turpior
775 336 909 380 quam
934 321 1202 367 uoluntaria.
1261 322 1325 366 At
1349 337 1431 367 nos
1453 323 1559 382 iugo
1585 337 1613 366 a
1639 323 1824 368 fortuna

358 392 567 450 imposito
596 393 896 437 subiacentem
934 395 1163 449 tamquam
1202 392 1413 436 miserum
1460 393 1685 450 uilemque
1731 392 1822 436 cal-

355 476 537 515 camus3
579 462 699 520 quod
727 476 835 506 uero
863 476 944 505 nos
978 462 1145 505 nostris
1177 462 1425 506 ceruicibus
1454 461 1702 513 inferimus,
1731 476 1824 505 non

356 531 557 588 patimur
570 531 844 589 reprehendi.
896 531 1104 574 Inuenies
1119 531 1239 574 inter
1257 545 1408 574 seruos
1422 531 1616 588 aliquem
1635 530 1824 588 pecunia

356 599 614 653 fortiorem3
661 600 865 644 inuenies
904 599 1132 643 dominum
1172 614 1249 656 spe
1295 600 1409 643 lucri
1447 600 1596 644 oscula
1634 600 1824 643 aliorum
1843 620 1863 655 5

330 710 332 713 ,
357 683 588 712 seruorum
606 669 813 713 manibus
832 669 1106 727 infigentem.
1166 668 1270 712 Non
1291 683 1395 726 ergo
1421 668 1604 712 fortuna
1623 668 1825 711 homines

358 739 575 782 estimabo
594 738 671 782 sed
686 738 896 782 moribus.
946 738 1045 781 Sibi
1061 738 1248 795 quisque
1263 737 1342 780 dat
1358 752 1511 789 mores,
1524 737 1824 781 conditionem

357 821 485 851 casus
513 807 726 866 assignat.
786 807 1167 860 Quemadmodum
1198 806 1364 850 stultus
1391 809 1458 850 est
1487 807 1566 863 qui
1596 809 1825 864 empturus

357 890 520 933 equum
539 891 629 919 non
652 877 800 934 ipsum
825 876 1043 933 conspicit
1069 875 1146 918 sed
1171 878 1363 918 stratum
1393 876 1488 918 eius
1508 890 1558 919 ac
1579 875 1741 926 frenos,
1761 875 1825 919 sic

356 945 648 989 stultissimus
663 947 732 989 est
744 946 822 1002 qui
841 945 1066 988 hominem
1086 947 1166 987 aut
1186 959 1243 987 ex
1262 947 1386 988 ueste
1401 947 1481 987 aut
1500 958 1557 988 ex
1571 944 1825 988 conditione
1846 957 1887 982 10

355 1015 656 1058 estimandum
683 1017 826 1072 putat.
885 1014 990 1057 Non
1017 1016 1096 1065 est,
1116 1013 1179 1056 mi
1207 1013 1475 1071 Euuangele,
1495 1013 1613 1070 quod
1632 1014 1826 1057 amicum

357 1086 535 1127 tantum
556 1084 603 1127 in
623 1083 722 1127 foro
742 1084 848 1127 etin
868 1084 992 1127 curia
1012 1098 1221 1141 quaeras3
1250 1083 1288 1126 si
1309 1083 1550 1141 diligenter
1568 1083 1825 1138 attenderis,

309 1155 339 1195 b
358 1153 558 1197 inuenies
591 1156 637 1196 et
671 1153 803 1197 domi.
862 1153 931 1196 Tu
964 1153 1095 1196 modo
1129 1153 1234 1195 uiue
1265 1167 1366 1196 cum
1406 1167 1535 1196 seruo
1565 1153 1823 1206 clementem

356 1223 541 1267 comiter
574 1237 748 1280 quoque
780 1225 826 1266 et
859 1222 910 1266 in
942 1236 1189 1266 sermonem
1218 1222 1346 1265 illum
1376 1225 1423 1266 et
1451 1223 1501 1266 in
1529 1222 1825 1266 necessarium

356 1306 691 1349 nonnumquam
715 1292 904 1335 admitte
933 1292 1179 1336 consilium.
1239 1291 1358 1335 Nam
1390 1295 1436 1336 et
1465 1292 1654 1336 maiores
1683 1292 1826 1336 nostri
1846 1303 1886 1339 ¹⁵

356 1375 533 1404 omnem
581 1361 775 1404 dominis
822 1361 1058 1413 inuidiam,
1096 1376 1272 1405 omnem
1321 1362 1463 1405 seruis
1511 1361 1826 1406 contumeliam

355 1431 654 1483 detrahentes,
684 1431 914 1474 dominum
944 1433 1116 1488 patrem
1152 1430 1360 1484 familias,
1391 1446 1542 1474 seruos
1580 1431 1827 1474 familiares

354 1499 704 1557 appellauerunt.
764 1499 927 1544 Colant
940 1514 1046 1558 ergo
1065 1502 1112 1543 te
1126 1500 1276 1557 potius
1296 1500 1414 1543 serui
1435 1500 1517 1553 tui,
1532 1500 1667 1544 michi
1686 1500 1826 1552 crede,

355 1583 490 1626 quam
510 1569 710 1620 timeant,
729 1583 809 1613 nec
838 1569 923 1612 tibi
951 1584 1110 1627 parum
1130 1569 1337 1613 uideatur
1356 1584 1449 1613 esse
1470 1570 1588 1627 quod
1609 1570 1694 1613 diis
1714 1570 1825 1613 satis

355 1641 437 1682 est.
509 1638 628 1682 Nam
654 1639 773 1696 quod
803 1639 965 1683 colitur
988 1638 1123 1682 etiam
1150 1641 1339 1682 amatur.
1401 1638 1494 1683 Nec
1524 1642 1672 1696 potest
1701 1654 1825 1683 amor
1844 1661 1889 1686 20

355 1722 458 1752 cum
486 1708 647 1752 timore
676 1708 862 1752 misceri.
922 1708 1049 1751 Vnde
1079 1708 1198 1751 enim
1236 1711 1370 1765 putas
1410 1709 1825 1766 arrogantissimum

356 1777 470 1821 illud
507 1792 709 1822 manasse
748 1777 1035 1835 prouerbium
1075 1777 1194 1834 quod
1236 1778 1431 1821 iactatur
1470 1778 1656 1821 totidem
1697 1779 1826 1823 nobis

356 1847 506 1891 hostes
537 1862 630 1891 esse
668 1850 778 1904 quot
812 1847 995 1891 seruos?
1053 1846 1157 1890 Non
1192 1847 1405 1891 habemus
1436 1848 1584 1892 hostes
1618 1848 1718 1891 illos
1749 1848 1826 1892 sed

356 1916 557 1967 facimus,
595 1931 696 1960 cum
739 1916 788 1959 in
827 1916 926 1960 illos
965 1917 1268 1974 superbissimi
1309 1917 1740 1961 contumeliosissimi
1780 1920 1828 1961 et

313 2002 341 2033 c
357 1985 649 2030 crudelissimi
670 2000 834 2036 sumus,
847 1988 893 2029 et
912 1985 969 2028 ad
990 1986 1159 2029 rabiem
1180 2001 1261 2030 nos
1281 1990 1446 2043 cogunt
1458 1987 1611 2030 uenire
1631 1987 1825 2039 deliciae,
1845 2003 1886 2043 23

355 2058 410 2099 ut
430 2054 640 2112 quicquid
661 2070 750 2098 non
770 2070 827 2098 ex
848 2055 1081 2099 uoluntate
1101 2055 1389 2113 responderit,
1409 2056 1522 2098 iram
1543 2055 1826 2114 furoremque

355 2128 578 2182 prouocet.
640 2123 772 2167 Domi
794 2124 912 2167 enim
933 2124 1062 2168 nobis
1087 2125 1258 2168 animos
1283 2125 1512 2168 induimus
1532 2125 1826 2180 tirannorum,

357 2197 404 2238 et
422 2208 511 2238 non
532 2197 750 2251 quantum
770 2193 907 2246 decet,
927 2194 1003 2237 sed
1024 2197 1241 2251 quantum
1262 2194 1376 2246 licet,
1398 2209 1600 2239 exercere
1620 2195 1827 2240 uolumus

357 2263 405 2306 in
426 2277 587 2307 seruos.
649 2263 779 2314 Nam,
799 2266 852 2306 ut
877 2266 1024 2306 cetera
1047 2264 1326 2307 crudelitatis
1349 2278 1514 2322 genera
1540 2268 1826 2322 praeteream,

357 2336 465 2377 sunt
508 2332 585 2390 qui
619 2332 726 2375 dum
759 2347 807 2375 se
839 2347 1015 2376 mensae
1048 2333 1186 2391 copiis
1220 2336 1266 2376 et
1300 2333 1517 2377 auiditate
1552 2334 1826 2387 distendunt,
1845 2354 1888 2392 30

354 2402 695 2446 circumstantes
725 2415 877 2445 seruos
908 2416 1086 2446 mouere
1116 2402 1242 2446 labra
1271 2417 1351 2447 nec
1380 2403 1429 2446 in
1460 2403 1543 2447 hoc
1564 2403 1743 2461 quidem
1773 2406 1827 2448 ut

359 2538 405 2567 10
427 2539 472 2565 ex
491 2527 711 2565 conditione
727 2529 795 2564 aut
812 2538 858 2564 ex
875 2529 980 2565 ueste
998 2526 1038 2564 M
1186 2537 1223 2565 11
1252 2527 1436 2574 euangele
1453 2527 1478 2565 S
1624 2529 1666 2567 18
1690 2528 1828 2576 apella·

357 2577 494 2612 uerunt
511 2575 535 2611 S
702 2586 749 2611 20
773 2574 888 2622 quod]
906 2574 972 2622 qui
991 2575 1015 2611 S
1182 2585 1227 2612 22
1252 2587 1406 2613 manase
1423 2575 1448 2613 S
1614 2585 1658 2624 25
1685 2579 1828 2624 cogunt

356 2634 426 2661 no·
442 2622 538 2660 CBA
680 2631 724 2668 27
751 2626 1002 2669 tyrannorum
1021 2621 1061 2659 M

406 2753 424 2791 5
452 2746 631 2780 aliorum:
658 2746 862 2781 alienor-um
888 2743 1051 2781 Macrob.
1247 2755 1290 2790 19
1315 2757 1379 2782 nec
1402 2747 1468 2782 tibi
1486 2757 1626 2793 parum
1656 2747 1830 2783 uideatur

358 2804 449 2829 me:
488 2791 611 2828 Verba
638 2791 821 2829 Macrobii
855 2791 1087 2830 abbreviavit
1119 2792 1289 2830 loannes.
1527 2804 1574 2830 20
1607 2795 1705 2830 Nam
1731 2795 1826 2841 quod

356 2841 508 2877 coliturz
534 2840 674 2877 Deinde
691 2842 754 2887 qui
770 2841 902 2877 colitur
916 2839 1083 2877 Meci-ob.
1229 2850 1273 2887 27
1294 2845 1483 2888 prouocet:
1510 2846 1626 2878 euocet
1643 2840 1810 2879 Macrob.

468 2911 535 2955 30⁸
