1988 3250
151 197 253 232 oar.
264 184 386 249 ιιι]
496 233 503 239 ,
671 183 1113 232 POLIORATICVS
1642 185 1724 236 619
1743 192 1775 226 a

150 305 452 364 amplificandi
490 304 671 355 formae,
709 318 824 362 quae
862 317 943 350 nec
982 303 1040 347 ad
1079 293 1359 361 praesidendi
1398 304 1627 362 pertinent
1708 347 1711 350 ,

150 375 463 421 auctoritatem
512 378 559 418 et
606 373 892 419 uniuersitati
943 373 1008 416 rei
1057 372 1260 430 publicae
1309 387 1627 431 usquequaque

150 445 401 517 proficiunt.
480 443 604 488 Haec
642 446 794 487 autem
832 444 904 488 tot
941 444 1049 486 sunt
1098 444 1152 486 ut
1191 456 1262 486 res
1309 441 1488 500 publica
1535 457 1626 486 non

4 535 50 578 «Α
151 500 374 573 octipedes
413 528 593 559 cancros
627 512 705 557 sed
740 515 787 556 et
820 511 1074 570 centipedes
1107 511 1271 570 pedum
1306 512 1626 555 numerositate

4 623 27 630 ,,
109 601 133 638 ⁸
152 584 451 635 transcendat,
490 586 536 628 et
575 582 754 640 quidem
794 596 900 640 prae
935 580 1227 625 multitudine
1270 581 1496 624 numerari
1537 594 1626 624 non

23 646 35 655 ’
150 657 350 712 possunt,
379 668 481 699 cum
519 655 671 697 tamen
709 666 799 696 non
839 650 1018 698 infinita
1049 650 1142 694 sint
1179 665 1260 708 per
1293 652 1515 699 naturam,
1549 650 1626 693 sed

151 723 258 782 quia
277 726 371 767 tam
390 723 542 767 uariae
569 723 740 781 figurae
766 724 875 768 sunt
899 723 953 764 ut
972 720 1123 763 nullus
1149 734 1362 777 umquam
1382 718 1625 762 officiorum

150 793 341 851 scriptor
378 793 426 837 in
468 792 668 850 singulas
716 791 883 850 species
932 804 1084 834 eorum
1134 789 1343 847 specialia
1391 792 1627 847 praecepta
1644 789 1674 828 b

151 862 336 907 dederit.
417 861 738 905 Verumtamen
787 859 906 918 quod
953 858 1159 918 generale
1208 861 1277 902 est
1325 857 1532 902 omnibus
1581 862 1628 900 et

29 966 30 969 η
90 947 136 976 ιο
151 931 340 990 singulis
359 934 635 989 procuratur,
656 934 709 974 ut
728 929 839 988 legis
858 929 1027 976 scilicet
1046 928 1212 972 limites
1231 941 1321 971 non
1342 926 1560 970 excedant
1581 931 1627 970 et

150 1001 210 1046 ad
243 1000 466 1060 publicam
495 1000 740 1044 utilitatem
766 999 918 1045 omnia
947 997 1212 1042 referantur.
1272 996 1450 1040 Debent
1476 1000 1627 1039 autem

150 1070 412 1128 obsequium
460 1069 674 1113 inferiora
730 1068 1033 1127 superioribus
1086 1081 1200 1125 quae
1256 1066 1407 1110 omnia
1462 1065 1627 1109 eisdem

35 1165 37 1172 v
129 1139 348 1187 ‚uicissim
382 1139 547 1183 debent
580 1138 875 1184 necessarium
909 1137 1158 1182 subsidium
1193 1135 1439 1195 prouidere.
1499 1134 1627 1178 Vnde

13 1255 15 1258 Α
153 1208 420 1254 Plutarchus
439 1224 492 1253 ea
511 1209 620 1253 dicit
647 1208 695 1252 in
721 1207 926 1253 omnibus
952 1205 1213 1264 exequenda
1238 1220 1352 1264 quae
1380 1204 1627 1248 humiliori·

36 1299 38 1301 ’
91 1271 134 1331 ἰε
151 1278 248 1330 bus,
287 1279 334 1322 id
374 1282 442 1323 est
479 1278 774 1330 multitudini,
808 1279 1027 1336 prosunt;
1076 1290 1182 1319 nam
1213 1275 1416 1333 paucitas
1454 1288 1629 1332 semper

150 1348 355 1408 pluribus
383 1348 512 1392 cedit.
572 1348 638 1391 Ea
667 1361 773 1405 ergo
807 1361 941 1393 causa
969 1345 1168 1389 instituti
1199 1347 1306 1388 sunt
1335 1343 1627 1402 magistratus

150 1420 206 1463 ut
243 1433 272 1462 a
309 1418 501 1462 subditis
540 1417 730 1461 iniuriae
769 1415 1087 1478 propulsentur
1115 1415 1299 1472 ipsaque
1339 1428 1409 1457 res
1448 1413 1627 1471 publica

151 1488 278 1547 quasi
299 1487 476 1531 illorum
496 1487 671 1546 opificio
691 1486 913 1533 calcietur.
975 1485 1057 1529 Est
1082 1485 1202 1529 enim
1223 1484 1349 1542 quasi
1370 1483 1628 1527 discalciata

19 1602 37 1609 ‚
88 1608 91 1611 ¹
129 1557 331 1616 ·quando
350 1557 536 1601 iniuriis·
553 1556 806 1615 exponitur,
826 1570 915 1616 quo
944 1554 1082 1599 nichil
1111 1557 1260 1612 potest
1289 1547 1628 1611 ignominiosius

93 1643 138 1671 ao
153 1641 246 1671 esse
285 1627 543 1685 gerentibus
581 1626 907 1684 magistratum.
969 1624 1175 1669 Afflictus
1209 1638 1402 1680 namque
1435 1623 1627 1681 populus
1645 1634 1670 1665 c

0 1694 2 1701 '
153 1697 281 1756 quasi
300 1696 512 1755 principis
531 1696 775 1754 podagram
795 1695 947 1753 arguit
966 1698 1013 1738 et
1031 1694 1269 1738 conuincit.
1324 1693 1449 1736 Tunc
1473 1698 1624 1736 autem

9 1810 15 1822 ιη
151 1766 292 1811 totius
326 1765 390 1809 rei
429 1765 631 1824 publicae
670 1765 792 1812 salus
831 1764 1065 1808 incolumis
1104 1763 1418 1822 praeclaraque
1458 1763 1556 1812 erit,
1587 1763 1627 1806 si

28 1848 29 1852 ’
91 1880 93 1882 ,
151 1835 380 1895 superiora
414 1835 612 1879 membra
645 1850 691 1879 se
722 1834 985 1895 impendant
1019 1833 1308 1877 inferioribus
1337 1836 1384 1876 et
1413 1832 1628 1876 inferiora

8 1906 33 2002 ξ,
87 1911 92 1918 “
150 1905 452 1964 superioribus
479 1905 578 1963 pari
618 1905 715 1949 iure
743 1904 1052 1962 respondeant,
1081 1906 1136 1947 ut
1171 1902 1350 1960 singula
1378 1902 1471 1946 sint
1500 1902 1626 1959 quasi

8 1995 32 2038 335
93 1993 136 2029 ¹⁵
152 1975 340 2020 aliorum
360 1975 418 2018 ad
438 1974 629 2018 inuicem
656 1974 856 2021 membra
875 1977 922 2018 et
949 1973 996 2017 in
1023 1988 1075 2017 eo
1101 1973 1187 2016 sibi
1219 1972 1406 2030 quisque
1433 1972 1627 2027 maxime

151 2045 304 2091 credat
342 2058 436 2088 esse
474 2044 726 2090 consultum
765 2043 813 2086 in
853 2057 942 2101 quo
980 2042 1081 2086 aliis
1120 2042 1278 2086 utilius
1317 2042 1495 2085 nouerit
1534 2056 1627 2085 esse

151 2116 444 2172 prospectum.

154 2243 262 2304 Cap.
280 2258 350 2290 21.
389 2244 504 2288 Rem
527 2243 767 2302 publicam
794 2244 859 2289 ad
884 2248 1085 2288 naturae
1111 2242 1472 2287 similitudinem
1502 2242 1626 2287 ordi·

297 2315 524 2366 nondam,
552 2318 590 2358 et
622 2313 832 2359 ordinem
863 2313 919 2357 ab
951 2313 1118 2371 apibus
1151 2313 1486 2369 mutuandum.

95 2426 139 2462 30
213 2405 496 2464 Scripserunt
523 2404 579 2449 de
608 2388 656 2451 re
691 2392 869 2463 publica
898 2405 982 2448 etsi
1012 2404 1190 2448 diuerso
1224 2403 1356 2447 modo
1390 2402 1546 2448 Cicero
1581 2407 1627 2448 et

155 2475 294 2527 Plato,
313 2490 413 2520 cum
439 2475 554 2518 alter
572 2474 717 2533 qualis
744 2489 837 2518 esse
864 2474 1025 2518 debeat
1051 2473 1321 2523 disseruerit,
1341 2473 1456 2517 alter
1481 2473 1626 2530 qualis

0 2522 37 2558 ῥα
153 2543 294 2588 fuerit
321 2559 349 2588 a
377 2544 618 2589 maioribus
647 2544 870 2589 instituta.
929 2544 1059 2588 Hanc
1085 2547 1236 2587 tamen
1266 2546 1454 2600 uterque
1483 2547 1530 2586 et
1558 2542 1624 2584 in·

0 2602 26 2676 ζν
55 2635 59 2640 -
154 2613 341 2658 stitutae
389 2616 436 2657 et
479 2613 782 2658 instituendae
820 2613 1106 2672 praescripsit
1146 2612 1398 2663 formulam,
1437 2614 1490 2655 ut
1528 2612 1626 2654 uita

0 2661 33 2781 Ξ(
203 2743 228 2778 4
251 2735 424 2780 octipedes
439 2745 606 2772 moros:
630 2746 663 2770 v.
682 2733 746 2771 Ov.
767 2734 866 2771 Fast.
883 2733 910 2770 i.
930 2744 1012 2780 313.
1185 2743 1219 2780 5,
1238 2734 1262 2770 6
1281 2745 1374 2779 prae
1393 2735 1627 2769 multitudine

0 2779 31 2802 '⁴2
156 2782 347 2818 numeram·
362 2793 435 2818 mm
447 2786 620 2838 pssunt.
645 2793 677 2819 v.
694 2780 788 2819 Gen.
804 2781 922 2819 xxxii.
945 2792 1000 2819 12.
1158 2791 1206 2828 30
1228 2783 1459 2828 Ser-ipsemnt
1476 2784 1570 2818 etc.:
1595 2793 1626 2816 v.

158 2827 326 2865 Macrob.
345 2830 476 2867 comm.
493 2830 534 2865 in
549 2831 671 2866 somn.
689 2831 785 2876 Scip.
801 2828 829 2866 i.
849 2839 879 2867 1.

1473 2909 1516 2942 59
