1988 3250
304 227 377 270 7³4
395 219 426 259 d
769 217 1029 262 IOANNIS
1068 215 1582 261 SARESBERIENSIS
1689 213 1799 275 [ΜΒ.
1813 226 1905 260 VIII

442 337 648 395 pudicam
696 338 927 382 lectionem
976 338 1322 380 arbitrabantur.
1383 335 1637 379 Noluerunt
1685 336 1802 380 enim
1851 350 1904 379 ea

442 407 679 450 liberorum
709 422 889 450 suorum
916 408 1086 451 animos
1116 406 1268 458 imbui,
1287 420 1343 448 ne
1373 406 1473 462 plus
1502 406 1698 449 moribus
1726 409 1904 449 noceret

441 491 574 534 quam
614 477 804 534 ingeniis
843 477 1081 534 prodesset.
1141 476 1300 532 Itaque
1339 475 1584 517 maximum
1615 478 1791 532 poetam
1823 477 1904 518 aut

440 549 558 589 certe
577 561 748 589 summo
767 546 1031 603 proximum,
1052 545 1157 602 quia
1183 545 1362 587 domum
1389 544 1474 586 sibi
1494 544 1685 587 inuisam
1705 544 1903 588 obscenis

442 615 688 658 maledictis
707 615 979 659 lacerauerat
1004 615 1261 664 carminum,
1280 613 1414 656 exilio
1440 613 1700 657 multarunt.
1759 613 1905 657 Simili
1923 628 1942 662 5

308 702 379 743 715
396 704 427 734 a
443 684 536 728 fere
585 686 806 728 sententia
854 685 1175 741 condempnata
1223 685 1291 725 est
1338 682 1521 725 lasciuia
1568 683 1813 726 carminum
1857 683 1906 726 in

444 754 633 797 Nasone.
692 754 922 810 Numquid
938 753 1107 796 licitum
1124 755 1191 795 est
1206 751 1351 794 audiri
1372 751 1419 793 in
1434 751 1602 808 poculis
1621 751 1738 808 quod
1758 752 1908 795 ieiuna

442 823 656 866 sobrietas
690 838 779 865 non
815 823 1008 865 audebat
1042 822 1226 865 audire?
1298 820 1463 862 Eadem
1502 820 1662 863 ciuitas
1701 821 1906 864 omnibus

443 892 519 948 qui
539 906 618 949 per
637 892 830 948 aliquam
852 891 1076 948 religionis
1103 889 1429 932 simulationem
1449 889 1661 932 alimenta
1686 889 1906 932 inhertiae

443 961 714 1018 quaerebant
740 961 909 1004 clausas
941 960 1132 1003 habebat
1158 962 1322 1016 portas,
1349 958 1602 1002 mendacem
1629 961 1674 1002 et
1707 958 1904 1002 fucosam
1926 976 1969 1001 ιο

443 1031 799 1088 superstitionem
832 1029 1178 1073 submouendam
1211 1043 1303 1071 esse
1339 1028 1608 1071 existimans.
1680 1027 1721 1070 Ii
1755 1030 1905 1071 tamen

444 1100 520 1157 qui
563 1100 890 1157 superstitionis
929 1099 1013 1142 sibi
1063 1098 1224 1142 conscii
1263 1100 1369 1140 sunt
1407 1097 1689 1154 praecipuam
1733 1099 1905 1154 partem

442 1169 680 1212 nendicant
714 1169 832 1226 apud
862 1183 935 1211 eos
965 1168 1040 1224 qui
1071 1166 1215 1210 laudis
1245 1181 1392 1209 amore
1422 1169 1712 1210 macerantur.
1772 1166 1908 1210 Porro

441 1238 556 1281 sicut
575 1253 760 1281 auarum
781 1253 808 1280 a
823 1238 958 1294 largo,
974 1237 1039 1279 ita
1059 1240 1105 1280 et
1123 1236 1357 1294 prodigum
1379 1236 1570 1293 quadam
1590 1236 1904 1279 contrarietate

441 1307 617 1350 differre
651 1309 916 1350 censuerunt
951 1306 1027 1363 qui
1062 1306 1150 1349 duo
1180 1306 1314 1348 unius
1345 1306 1515 1363 opinati
1546 1308 1652 1348 sunt
1681 1319 1774 1348 esse
1803 1319 1905 1348 con·
1925 1326 1965 1361 ¹⁵

441 1377 593 1428 traria,
631 1377 882 1433 quantitate
925 1376 1124 1426 alterum,
1171 1375 1361 1418 alterum
1401 1375 1640 1432 qualitate;
1685 1374 1903 1432 siquidem

443 1445 800 1503 magnanimitati
839 1445 1056 1487 timiditas
1095 1444 1358 1487 aduersatur
1396 1444 1612 1501 qualitate
1643 1444 1764 1496 mali,
1798 1443 1905 1486 dum

442 1515 646 1558 audenda
685 1514 844 1557 metuit
857 1528 867 1566 ;
906 1516 952 1557 et
982 1514 1167 1556 audacia
1201 1513 1463 1570 quantitate,
1495 1513 1601 1556 dum
1636 1513 1737 1570 plus
1772 1527 1905 1570 quam

442 1583 646 1627 audenda
671 1584 925 1643 praesumit.
985 1583 1279 1640 Prodigalitas
1309 1583 1459 1640 itaque
1489 1583 1711 1640 eroganda
1740 1585 1786 1626 et
1815 1598 1905 1627 non

396 1667 425 1705 b
443 1653 665 1711 eroganda
694 1652 926 1710 profundit
961 1653 1007 1694 in
1040 1668 1113 1695 eas
1144 1667 1214 1695 res
1246 1667 1358 1710 quae
1390 1652 1558 1695 nullam
1588 1654 1694 1695 sunt
1724 1652 1904 1696 omnino
1925 1673 1968 1699 ao

442 1725 522 1766 aut
541 1723 718 1765 breuem
739 1722 972 1765 habiturae
992 1722 1260 1765 memoriam.
1315 1721 1445 1765 Hanc
1464 1724 1613 1765 autem
1634 1722 1904 1773 effusionem,

442 1794 619 1835 auctore
660 1791 880 1841 Cicerone,
914 1791 1238 1834 commendasse
1271 1790 1416 1834 dictus
1455 1793 1523 1834 est
1561 1790 1818 1835 Teofrastus
1857 1791 1905 1834 in

442 1861 556 1905 libro
588 1876 716 1918 quem
749 1861 815 1903 De
845 1861 1029 1904 Diuitiis
1058 1860 1245 1918 scripsit.
1305 1860 1360 1903 In
1391 1875 1478 1917 quo
1504 1860 1646 1903 multa
1672 1861 1906 1918 praeclare,

443 1931 553 1974 illud
587 1930 776 1974 absurde
812 1930 928 1987 quod
964 1930 1131 1973 multus
1166 1930 1214 1972 in
1243 1930 1467 1973 laudanda
1495 1930 1826 1988 magnificentia
1860 1934 1906 1975 et

443 2000 730 2058 apparatione
774 1999 1054 2057 popularium
1092 2014 1325 2043 munerum
1364 1999 1608 2056 taliumque
1646 2003 1905 2058 sumptuum
1925 2029 1967 2064 ,5

444 2070 702 2113 facultatem
732 2068 925 2119 {ructum
952 2069 1211 2112 diuitiarum
1242 2071 1383 2126 putat.
1444 2069 1622 2122 Quanto
1651 2069 1907 2114 Aristotiles

442 2139 625 2197 grauius
657 2142 703 2181 et
737 2138 885 2181 uerius
917 2139 996 2181 has
1031 2139 1316 2196 pecuniarum
1350 2138 1633 2195 reprehendit
1663 2138 1907 2192 effusiones,

443 2208 702 2266 praesertim
732 2223 830 2251 cum
857 2223 997 2265 neque
1027 2208 1278 2251 necessitati
1309 2208 1577 2251 subueniant
1605 2222 1686 2252 nec
1714 2211 1909 2266 augeant

441 2278 718 2335 dignitatem,
739 2278 921 2334 ipsaque
942 2278 1019 2320 illa
1039 2278 1272 2321 delectatio
1293 2277 1504 2320 delinitae
1525 2277 1827 2322 multitudinis
1847 2278 1904 2323 ad

442 2349 575 2391 breue
608 2348 904 2404 exiguumque
939 2351 1114 2405 tempus
1143 2348 1214 2399 sit,
1244 2362 1381 2405 eaque
1412 2362 1440 2390 a
1468 2346 1692 2391 leuissimo
1721 2363 1905 2407 quoque,
1925 2375 1972 2410 ³0

446 2479 483 2508 ιι
514 2468 563 2506 Hi
582 2467 720 2505 0¹13M:
749 2467 812 2503 Hii
830 2467 853 2503 S
964 2477 1004 2512 17
1030 2468 1132 2504 mala
1149 2466 1318 2504 0²13A¹M
1428 2467 1469 2504 18
1495 2465 1751 2512 quantitatem
1770 2467 1908 2506 cBAs·

443 2527 488 2554 π
514 2516 689 2554 cicerone
706 2518 862 2552 auctore
882 2514 920 2551 Μ
1016 2515 1246 2553 theofrastus
1262 2515 1337 2551 AM
1478 2523 1521 2561 25
1547 2513 1790 2561 apparitione
1807 2515 1893 2554 c¹M

494 2636 523 2675 ς,
542 2629 565 2664 6
591 2628 713 2662 Simili
727 2629 808 2672 sere
830 2628 1007 2662 sentent-‘a
1034 2628 1130 2663 etc.:
1165 2626 1190 2662 i.
1206 2637 1238 2663 e.
1264 2625 1498 2674 relegatione
1522 2625 1572 2662 ad
1596 2625 1753 2672 'Pomos3
1783 2639 1815 2665 v.
1842 2627 1908 2667 Ov.

447 2676 553 2712 Tme.
575 2674 613 2710 ii.
633 2685 712 2717 21¹.
731 2683 821 2714 212:
849 2672 924 2710 Sid.
943 2674 1063 2720 Apoll.
1087 2676 1205 2710 Car-m.
1231 2674 1337 2710 xxiii.
1361 2675 1424 2720 158
1442 2685 1545 2720 seqq.
1722 2676 1744 2711 8
1768 2676 1909 2713 Eadem

442 2724 598 2760 ciuicae:
624 2735 672 2758 uc.
691 2734 786 2768 quae
805 2720 918 2758 libros
935 2721 1150 2757 Archilochi
1174 2721 1365 2768 exportari
1387 2721 1521 2765 iussit;
1546 2732 1578 2756 v.
1595 2720 1679 2757 Val.
1705 2721 1805 2759 Max.
1828 2722 1868 2760 ii.
1885 2724 1910 2761 6

445 2770 464 2818 ξ
485 2780 517 2815 7.
619 2779 659 2815 ¹5
684 2771 748 2816 qui
764 2771 834 2805 duo
851 2771 945 2806 etc.:
972 2781 1003 2806 v.
1023 2768 1154 2805 Boeth.
1172 2769 1219 2805 ad
1239 2768 1350 2805 Arist.
1372 2770 1489 2815 Catey.
1509 2780 1540 2806 c.
1564 2777 1616 2805 II.
1640 2768 1728 2815 13b.
1749 2772 1794 2815 36
1804 2782 1906 2818 seqq.

444 2820 502 2862 (in
522 2820 638 2863 Caeeq.
658 2818 768 2853 Arist.
790 2816 849 2861 iv;
878 2815 929 2852 Mi
962 2828 1007 2853 ne
1026 2818 1066 2853 Ρ.
1087 2818 1128 2852 1..
1156 2817 1241 2853 lxiv.
1269 2817 1363 2862 281).
1555 2825 1602 2852 20
1621 2818 1818 2864 profundit
1834 2821 1908 2856 eto.

444 2866 579 2912 (unque
597 2864 643 2901 ad
660 2866 849 2911 gambaro:
876 2876 906 2900 v.
956 2863 1000 2900 ic.
1019 2866 1063 2900 de
1081 2866 1146 2910 Off.
1168 2863 1207 2903 ii.
1230 2865 1271 2902 16
1291 2863 1333 2911 ἐξ
1354 2872 1480 2911 55-57.

555 2946 618 2980 ²³⁴
