1988 3250
154 220 254 255 car.
268 207 378 271 x1x]
672 209 1113 257 POLICRATICVS
1642 215 1720 257 618
1739 227 1769 257 a

153 327 382 372 uirtutem.
443 327 539 373 Nec
569 331 720 373 tamen
749 329 1026 387 propositum
1053 344 1201 374 meum
1232 332 1301 374 est
1327 331 1392 375 rei
1416 331 1627 378 militaris

151 397 225 442 hic
243 401 386 442 artem
406 398 581 442 tradere
601 413 715 456 quae
736 398 915 456 quidem
934 399 1133 442 maxima
1147 402 1216 442 est
1236 402 1282 443 et
1301 403 1627 457 pernecessaria

151 470 199 512 et
225 468 320 512 sine
346 483 436 526 qua
464 468 534 524 (ut
559 468 708 512 uerbis
735 468 964 512 Plutarchi
991 469 1113 525 utar)
1140 484 1324 513 mancus
1344 471 1532 527 quilibet
1559 472 1626 515 in-

151 536 373 595 telligitur
411 538 703 597 principatus.
783 537 928 591 Quam
968 537 1007 581 si
1046 538 1148 596 quis
1187 538 1379 582 ediscere
1419 539 1627 594 uoluerit,

113 625 134 661 5
150 606 284 651 adeat
313 606 529 652 Catonem
570 607 877 660 Censorinum,
906 607 1028 666 legat
1059 611 1106 651 et
1139 608 1218 651 illa
1248 623 1362 665 quae
1393 607 1626 654 Cornelius

151 674 318 727 Celsus,
339 690 452 734 quae
482 676 628 728 Iulius
657 676 828 735 Iginus,
857 691 970 733 quae
1001 676 1214 734 Vegetius
1244 677 1456 730 Renatus,
1486 678 1625 729 cuius,

151 759 202 790 eo
227 745 344 803 quod
369 745 697 804 elegantissime
724 748 770 789 et
796 745 1135 803 diligentissime
1163 746 1227 789 rei
1254 746 1462 790 militaris
1482 750 1625 791 artem

145 815 340 859 <tradidit
369 815 473 859 licet
503 815 707 874 exempla
734 815 1063 873 perstrinxerit,
1093 815 1224 873 plura
1253 816 1448 869 inserui;
1491 816 1623 874 legat,

150 884 345 942 inquam,
375 899 488 942 quae
521 884 597 928 isti
627 885 817 943 posteris
856 885 1198 942 praescribenda
1226 885 1467 930 duxerunt,
1527 886 1623 931 Hoc
1640 892 1670 931 b

30 967 33 998 ζ
87 963 136 1000 to
150 956 301 999 tamen
322 954 369 997 in
393 954 591 998 omnium
619 954 785 998 artium
813 954 1012 998 utilitate
1038 958 1247 999 uersatur
1265 959 1319 999 ut
1342 970 1624 1013 nequaquam

149 1024 397 1083 praeceptis
437 1024 700 1068 exercitium
740 1024 871 1069 desit.
947 1024 1080 1078 Nam,
1115 1025 1231 1068 sicut
1269 1026 1335 1069 ait
1375 1025 1541 1077 Cicero,
1576 1026 1625 1069 in

149 1107 509 1152 unamquamque
547 1109 641 1138 rem
685 1094 792 1137 dare
840 1098 1077 1153 praecepta
1126 1094 1389 1139 facillimum
1429 1100 1497 1139 est
1545 1096 1624 1139 sed

149 1177 248 1208 eam
286 1162 522 1208 efficaciter
561 1163 721 1221 exequi
769 1163 1177 1207 laboriosissimum.
1257 1164 1387 1219 Quod
1428 1180 1535 1208 uero
1575 1166 1623 1208 in

149 1233 395 1291 praeceptis
435 1233 713 1290 eloquentiae
751 1233 810 1277 ad
858 1233 1136 1276 Herennium
1176 1234 1372 1277 scribens
1420 1234 1475 1277 de
1525 1239 1623 1278 arte

91 1317 132 1354 τε
149 1302 325 1348 dicendi
358 1302 559 1353 asseruit,
590 1317 687 1346 eam
719 1302 886 1346 scilicet
915 1302 1182 1347 inefficacem
1212 1306 1258 1347 et
1291 1303 1497 1347 inutilem
1528 1319 1622 1348 esse

149 1372 245 1416 sine
270 1386 355 1416 usu
387 1374 433 1416 et
459 1372 776 1416 exercitatione
808 1372 996 1423 dicendi,
1016 1372 1073 1416 ad
1100 1387 1252 1416 omnes
1281 1376 1400 1417 artes
1427 1374 1623 1417 arbitror

149 1441 509 1486 transferendum
540 1445 761 1499 quatenus
800 1457 889 1486 non
918 1443 1157 1486 firmantur
1186 1457 1271 1486 usu
1300 1458 1380 1487 nec
1410 1443 1623 1488 exercitio

149 1510 440 1564 roborantur;
469 1510 580 1554 adeo
610 1511 789 1568 quidem
820 1515 885 1565 ut,
914 1512 952 1555 si
983 1515 1125 1555 artem
1155 1527 1373 1570 usumque
1403 1513 1624 1563 dissocies,

148 1580 304 1625 utilior
329 1580 390 1624 sit
416 1595 523 1624 usus
550 1595 709 1639 expers
735 1581 846 1624 artis
874 1596 1008 1639 quam
1036 1596 1109 1625 ars
1137 1597 1250 1639 quae
1277 1582 1347 1626 sui
1375 1597 1505 1626 usum
1534 1598 1624 1627 non

90 1668 134 1695 20
149 1649 298 1695 habet.
356 1649 475 1694 Nam
497 1653 542 1694 et
562 1650 711 1694 Dauid
731 1650 779 1693 in
800 1650 942 1694 funda
962 1654 1008 1694 et
1028 1651 1187 1709 lapide,
1207 1666 1395 1709 quorum
1416 1653 1624 1710 peritiam

150 1722 197 1765 et
234 1734 365 1764 usum
405 1720 611 1773 habebat,
653 1720 930 1779 Allophilum
969 1721 1134 1765 strauit
1173 1725 1219 1764 et
1257 1722 1305 1764 in
1344 1722 1502 1766 baculo
1541 1736 1623 1766 suo
1640 1736 1665 1767 c

149 1790 333 1848 aggredi
364 1804 499 1834 ausus
529 1793 597 1834 est
626 1790 776 1834 uirum
806 1791 980 1835 cunctis
1010 1791 1255 1834 terribilem
1285 1795 1331 1834 et
1362 1791 1622 1836 bellatorem

149 1859 208 1903 ab
238 1859 534 1903 adolescentia
568 1874 676 1912 sua;
721 1860 962 1918 reiecitque
994 1860 1176 1904 loricam
1210 1861 1378 1918 regiam
1415 1865 1461 1904 et
1497 1876 1624 1905 arma

4 1930 23 1966 'I
149 1929 310 1987 quibus
328 1929 599 1974 exercitatus
614 1944 703 1973 non
726 1929 876 1974 fuerat
891 1933 1017 1974 ratus
1032 1930 1182 1974 omnia
1196 1945 1289 1974 esse
1305 1930 1623 1988 impedimento

6 2011 31 2125 ἒξ.
87 2060 95 2086 ‚⁴
137 2050 173 2081 '2
195 2044 345 2099 tradere
362 2046 487 2082 artem
503 2045 544 2081 M
610 2091 618 2100 ⁸
740 2092 748 2100 .
767 2045 951 2083 manchus
969 2044 994 2082 S
1083 2092 1091 2100 ·
1182 2047 1204 2083 8
1228 2045 1347 2083 tradit
1363 2045 1397 2081 A
1542 2057 1624 2101 pre-

26 2121 30 2127 .
147 2093 346 2129 strinxerit
363 2091 404 2128 M
512 2101 552 2140 15
580 2092 710 2130 discen
737 2105 751 2128 1
769 2092 809 2129 M
915 2103 960 2130 22
987 2095 1112 2130 cuntis
1129 2093 1158 2130 C
1265 2104 1310 2140 23
1336 2092 1623 2131 adholescentia

147 2138 183 2176 A
322 2149 369 2186 24
393 2151 473 2178 esse
489 2139 617 2177 omnia
633 2140 674 2177 M

197 2254 219 2292 3
243 2245 454 2281 Plutarchi:
479 2244 521 2281 in
538 2246 772 2282 Institutione
791 2246 949 2281 Traiani
960 2258 968 2287 ;
993 2257 1026 2282 v.
1043 2244 1148 2281 infra
1163 2245 1211 2281 ad
1234 2245 1300 2282 fin.
1322 2257 1406 2292 cap.
1601 2254 1620 2292 5

153 2291 320 2329 Catonem
333 2294 404 2330 etc.
419 2303 428 2329 τ
451 2305 484 2330 v.
497 2293 630 2339 Veget.
643 2291 668 2328 i.
682 2294 703 2329 8
719 2305 810 2340 quae
826 2294 913 2330 Cato
924 2294 986 2330 ille
999 2293 1191 2329 censorius
1202 2295 1244 2328 de
1254 2295 1452 2340 disciplina
1465 2294 1626 2329 militari

149 2340 304 2386 ccv-ipati,
318 2352 410 2388 quae
430 2341 618 2377 Cornelius
638 2341 760 2377 Celeia
775 2342 849 2377 etc.
1007 2341 1031 2376 6
1054 2342 1178 2376 Iulius
1192 2342 1344 2386 Iqinus:
1369 2354 1400 2378 ν.
1417 2339 1513 2377 Gell.
1532 2341 1557 2377 i.
1579 2350 1622 2386 14

152 2385 172 2435 ξ
193 2396 210 2424 1
231 2387 353 2424 Iulius
375 2389 546 2434 Hyyinus
570 2391 610 2424 in
636 2389 727 2424 libro
751 2389 794 2424 de
819 2390 897 2424 uita
921 2389 1091 2434 rebusque
1115 2390 1329 2424 inlustrium
1352 2391 1543 2425 uirorum:
1571 2388 1621 2425 cf.

151 2444 266 2481 supra.
279 2446 311 2471 v.
329 2444 350 2479 7
370 2436 455 2482 (556
465 2436 524 2482 Α).
718 2444 758 2472 11
784 2438 878 2472 sicut
894 2438 948 2471 ait
969 2436 1091 2471 Cicero
1106 2448 1114 2472 z
1142 2448 1174 2471 V.
1192 2437 1294 2471 Rhet.
1311 2438 1362 2471 ad
1378 2437 1538 2472 Herem.
1555 2435 1581 2473 i.
1602 2446 1618 2472 1

6 2489 29 2531 s*
153 2479 172 2528 ξ
193 2491 211 2517 1
236 2483 279 2518 de
301 2493 340 2518 re
363 2484 478 2519 dicere
501 2484 727 2529 incipiemus,
750 2485 784 2518 si
807 2488 840 2519 te
863 2495 979 2518 unum
1003 2485 1098 2518 illud
1122 2486 1376 2526 monuerimus,
1403 2489 1519 2519 artem
1543 2485 1623 2519 aine

20 2540 22 2542 ’
150 2529 370 2566 adsiduitate
397 2532 541 2566 dicendi
566 2542 638 2566 non
668 2532 822 2566 multum
856 2532 996 2573 iuuare,
1027 2536 1067 2566 ut
1099 2532 1286 2577 intelleqas
1315 2533 1412 2567 hano
1444 2533 1622 2567 rationem

0 2591 2 2619 g
80 2594 85 2600 ·
146 2578 411 2622 praeceptionis
425 2579 474 2613 ad
490 2579 777 2614 exercitationem
793 2579 1062 2614 adcommodare
1077 2584 1244 2624 oportere.
1368 2580 1411 2615 16
1435 2580 1484 2614 ad
1501 2590 1622 2614 omnes

18 2638 22 2648 ι
150 2627 247 2659 arm
255 2624 326 2662 etc.
341 2634 351 2660 ε
377 2625 426 2661 cf.
436 2625 569 2671 Veget.
583 2624 638 2661 iii.
655 2635 698 2661 10
709 2625 758 2661 ad
769 2624 857 2663 init.
871 2627 1000 2662 Omnes
1012 2631 1108 2662 artes
1118 2628 1309 2672 omniaque
1320 2637 1428 2672 opera
1438 2628 1620 2662 cotidiano

150 2681 221 2706 usu
236 2675 269 2706 et
283 2672 362 2717 iugi
375 2674 627 2709 exercitatione
638 2675 846 2719 pmficiunt.
991 2683 1039 2709 20
1063 2675 1191 2709 Dauid
1207 2675 1301 2710 etc-z
1326 2686 1359 2710 v.
1381 2684 1394 2710 1
1416 2673 1507 2719 Reg.
1531 2672 1618 2708 xvii.

151 2726 199 2762 23
212 2727 312 2763 seqq.
429 2721 469 2755 in
478 2722 606 2766 sunda
623 2725 655 2755 et
671 2721 814 2766 lapide:
846 2731 859 2756 1
881 2720 974 2767 Reg.
990 2720 1078 2756 xvii.
1100 2730 1156 2767 50.
1320 2731 1361 2757 21
1390 2722 1620 2766 Allophilum

151 2766 305 2801 strauitx
321 2777 354 2800 v.
368 2764 537 2803 Ambros.
553 2769 594 2802 in
604 2769 664 2802 Ps.
676 2769 797 2805 cxviii.
810 2768 946 2814 Expos.
964 2767 1057 2804 xvii.
1071 2778 1116 2812 24
1130 2767 1275 2814 (Migne
1288 2770 1330 2805 P.
1346 2769 1390 2804 L.
1410 2780 1467 2803 xv.
1490 2768 1594 2812 1461)
1609 2780 1619 2810 3

151 2810 376 2858 ἀλλοφύλους
386 2824 455 2860 pro
466 2815 697 2850 philisthaeis
707 2815 845 2860 passim
855 2815 999 2851 habent
1011 2815 1119 2851 LXX.
1168 2817 1211 2851 in
1221 2816 1344 2851 baculo
1354 2827 1437 2851 suo:
1450 2827 1482 2850 v.
1498 2826 1512 2851 1
1527 2815 1619 2862 Reg.

149 2856 238 2894 xvii.
255 2868 312 2903 4ο.
455 2871 511 2905 22,
530 2871 574 2908 23
599 2862 801 2899 bellatorem
817 2863 862 2898 ab
878 2864 1116 2899 adolescentia
1130 2873 1220 2899 cua:
1246 2875 1278 2898 v.
1300 2873 1314 2900 1
1332 2862 1424 2909 Reg.
1441 2861 1530 2898 xvii.
1547 2872 1605 2908 33.

203 2930 285 2950 vnn
298 2930 320 2950 n
865 2922 884 2950 1
1465 2922 1509 2960 57
