1988 3250
185 209 282 242 oAr.
296 195 421 258 xvn]
706 197 1142 243 POLICRATICVS
1662 203 1739 252 778
1761 212 1784 242 c

184 318 312 362 litate
323 317 521 375 insignis,
537 317 614 374 qui
628 317 885 375 Pompeium
899 317 989 361 leto
1001 317 1242 375 dampnare
1257 333 1392 363 ausus
1405 323 1486 364 aut
1500 320 1649 378 potius

183 401 327 430 mores
344 387 624 430 tirannorum
645 388 772 429 sueta
791 386 1149 443 praesumptione
1173 388 1425 445 exprimens
1445 390 1534 433 ait:

302 466 381 510 Ius
410 469 456 509 et
485 466 555 509 fas
583 465 747 509 multos
776 464 960 518 faciunt,
990 465 1236 517 Tholomee,
1266 471 1485 511 nocentes.
1667 476 1695 514 d

299 524 393 568 Dat
421 539 556 581 penas
585 523 768 567 laudata
796 524 917 574 fides,
946 538 1046 566 cum
1077 525 1269 567 sustinet
1299 526 1480 582 (inquit)

145 599 165 642 ⁵
298 581 1000 697 25221203253251’322355322
1013 582 1390 683 affieegefflg,

300 701 353 742 ut
381 698 563 749 distant,
593 701 645 741 ut
673 698 852 741 flamma
880 698 1005 749 mari,
1034 698 1098 742 sic
1127 698 1237 741 utile
1267 702 1397 742 recto.

299 755 582 813 Sceptrorum
612 756 682 799 uis
711 759 808 799 tota
836 755 964 813 perit,
993 756 1030 799 si
1060 756 1251 813 pendere
1280 756 1399 800 iusta

299 814 468 872 incipit,
487 814 736 871 euertitque
765 814 879 858 acies
909 818 1131 871 respectus
1161 815 1346 857 honesti.

126 891 169 916 10
300 872 503 916 Libertas
531 872 743 916 scelerum
772 876 840 915 est
898 886 981 915 uae
1011 887 1149 929 regna
1178 873 1324 915 inuisa
1352 876 1518 924 tuetur,

299 930 585 988 sublatusque
614 930 770 974 modus
798 930 843 998 gl
903 930 947 974 ii.
1007 930 1167 974 Facere
1196 931 1346 974 omnia
1374 946 1477 974 seue

300 1003 390 1032 non
419 989 598 1046 impune
628 988 742 1039 licet,
771 988 857 1031 msi
887 1003 987 1032 cum
1018 988 1140 1033 facis.
1200 989 1344 1032 Exeat
1372 989 1476 1032 aula

300 1047 377 1104 qui
405 1047 506 1090 uult
535 1061 627 1090 esse
656 1047 779 1104 pius;
809 1046 955 1090 uirtus
984 1050 1030 1090 et
1059 1061 1232 1090 summa
1261 1051 1457 1104 potestas

299 1119 389 1148 non
417 1108 599 1158 coeunt;
627 1119 800 1162 semper
828 1107 998 1148 metuet
1027 1119 1158 1162 quem
1187 1120 1293 1148 seua
1322 1105 1566 1163 pudebunt.

126 1200 168 1235 ¹5
187 1182 304 1243 Ergo
327 1187 550 1243 respectus
575 1185 748 1229 honesti
779 1188 824 1229 et
850 1185 957 1229 iusti
987 1186 1198 1229 minimus
1225 1189 1305 1230 aut
1328 1186 1478 1229 nullus
1505 1189 1573 1229 est
1603 1186 1649 1229 in

185 1253 298 1298 facie
332 1254 609 1298 tirannorum
622 1268 632 1308 ;
667 1257 724 1306 et,
743 1255 837 1298 siue
867 1255 1147 1299 ecclesiastici
1177 1255 1272 1299 siue
1302 1255 1516 1298 mundani
1546 1256 1649 1306 sint,

182 1323 331 1367 omnia
360 1338 485 1381 posse
514 1324 683 1375 uolunt,
711 1327 1072 1382 contempnentes
1104 1324 1212 1382 quid
1246 1325 1493 1382 potentiam
1523 1328 1648 1368 ante-

182 1392 311 1436 cedat
343 1393 456 1436 hanc
490 1395 536 1436 et
565 1396 786 1450 sequatur.
845 1393 1055 1451 Vtrisque
1091 1397 1241 1437 tamen
1276 1394 1357 1437 hoc
1392 1394 1646 1451 persuaderi
1666 1409 1750 1454 779
1796 1410 1825 1438 a

184 1461 355 1513 uellem,
369 1462 571 1506 diuinum
592 1463 788 1507 nondum
809 1464 1032 1521 expirasse
1052 1463 1265 1507 iudicium
1281 1478 1368 1520 quo
1388 1464 1648 1522 primigenis

127 1550 169 1575 20
185 1535 232 1576 et
259 1532 416 1576 semini
445 1547 596 1576 eorum
625 1533 843 1578 inflictum
871 1537 960 1587 est3
991 1533 1120 1591 quod,
1145 1534 1250 1591 quia
1279 1534 1519 1578 noluerunt
1547 1549 1648 1578 cum

183 1605 373 1660 possent,
388 1602 605 1647 inflictum
621 1606 700 1654 est,
715 1618 770 1647 ne
785 1604 957 1662 possint
970 1604 1104 1647 etiam
1126 1604 1324 1647 iustitiae
1344 1604 1648 1661 obtemperare

181 1685 282 1715 cum
310 1671 482 1717 uolunt.
538 1671 656 1716 Nam
686 1676 732 1717 et
760 1674 995 1731 prouerbio
1024 1673 1110 1717 dici
1140 1674 1274 1718 solet:
1311 1674 1428 1727 Quia
1454 1674 1530 1731 qui
1558 1689 1647 1716 non

182 1740 283 1784 uult
319 1755 420 1785 cum
458 1744 615 1799 potest,
648 1757 737 1786 non
776 1743 932 1800 utique
970 1744 1136 1800 poterit
1174 1758 1274 1788 cum
1306 1744 1438 1787 uolet.
1499 1743 1648 1786 Huius

182 1810 308 1854 uerbi
346 1813 392 1854 et
434 1826 622 1870 magnus
660 1812 852 1856 Basilius
890 1815 1045 1856 auctor
1084 1815 1162 1856 est.
1222 1813 1423 1871 Rogatus
1462 1813 1580 1856 enim
1620 1827 1648 1855 a

184 1918 206 1946 2
230 1910 474 1956 tyrannorum
492 1909 533 1946 M
674 1921 695 1958 3
720 1910 938 1957 ptholomeo
955 1910 1017 1948 CA
1152 1920 1195 1957 ¹9
1220 1909 1426 1958 exspirasse
1443 1910 1471 1947 C
1603 1922 1645 1948 21

185 1959 446 2004 optemperare
462 1957 495 1994 A

234 2045 251 2073 1
277 2038 486 2085 Pompeium
501 2041 567 2076 leto
582 2040 784 2085 dampnare
799 2051 912 2076 ausus
925 2049 934 2075 :
960 2051 993 2075 v.
1005 2038 1095 2076 Luc.
1109 2040 1239 2076 Pham.
1252 2038 1328 2076 viii.
1341 2040 1423 2086 483.
1536 2050 1557 2087 3
1582 2042 1649 2076 Ius

186 2086 294 2131 etsas
308 2087 400 2122 etc.:
422 2085 507 2123 Luc.
525 2087 653 2122 Plura.
669 2085 736 2122 viii
753 2087 930 2134 484-495.
1065 2097 1088 2132 9
1112 2090 1225 2123 acies:
1250 2099 1351 2123 arces
1367 2086 1455 2124 Luc.
1605 2099 1648 2134 19

179 2133 417 2178 primiqenis:
442 2132 468 2169 i.
481 2144 512 2170 e.
531 2133 650 2170 Adam
667 2135 708 2170 et
726 2133 863 2171 Hevae.
971 2145 1017 2179 ²4
1042 2136 1202 2180 Royatus
1217 2136 1304 2171 etc.:
1322 2135 1430 2171 Hanc
1447 2135 1646 2172 historiam

185 2180 318 2216 narrat
343 2182 476 2216 auctor
498 2179 608 2218 Vitae
635 2181 671 2218 S.
701 2180 833 2218 Basilii
856 2181 998 2219 Graece
1022 2181 1188 2229 scriptae
1214 2184 1254 2219 et
1278 2182 1349 2218 Am
1379 2182 1547 2219 hilochio
1572 2183 1649 2220 Ico-

185 2225 312 2263 niensi
336 2226 430 2263 falso
454 2227 670 2274 attributae,
696 2240 729 2266 c.
755 2239 800 2274 34
828 2229 938 2275 (Acta
961 2230 1023 2266 SS.
1049 2229 1130 2266 Iun.
1157 2229 1196 2266 ii.
1223 2240 1314 2275 944:
1397 2229 1484 2278 igne
1510 2232 1646 2267 Patrol.

190 2273 313 2310 Graec.
336 2273 570 2328 prix—cccii).
619 2275 731 2312 Istius
746 2275 856 2313 Vitae
874 2278 1027 2314 exstant
1042 2278 1119 2313 tres
1135 2276 1473 2324 interpretationes
1490 2277 1646 2315 Latinae

186 2331 282 2357 saec.
307 2332 362 2356 ιιι
385 2321 639 2368 antiquiorem
665 2335 696 2359 v.
723 2323 1048 2360 Bollandistarum
1071 2325 1242 2361 Biblioth.
1267 2326 1428 2370 haqioqr.
1454 2327 1537 2361 Lat.
1567 2335 1644 2372 153,

191 2376 269 2414 154.
311 2368 356 2404 In
375 2368 541 2406 versione
558 2381 671 2416 quam
688 2371 790 2418 typis
805 2371 995 2408 commisit
1012 2372 1140 2408 Roswe
1167 2373 1236 2409 dus
1252 2374 1292 2409 ct
1308 2372 1347 2408 in
1366 2372 1488 2409 altera
1506 2376 1515 2391 ‘
1528 2385 1626 2419 quae
1637 2375 1646 2388 ’

189 2413 329 2470 (¹¹.¹⁵.⁸·i¹⁵
352 2414 469 2462 idem)
494 2417 504 2436 ‘
517 2416 700 2472 hactenus
723 2418 883 2455 barbaro
906 2421 946 2455 et
970 2419 1055 2456 rudi
1077 2422 1113 2456 st
1140 2384 1187 2462 fo,
1205 2419 1349 2457 inserto
1374 2419 1580 2467 interprete
1605 2421 1646 2457 in

186 2460 288 2498 Vitis
303 2462 456 2499 Patrum
469 2465 528 2501 est
543 2464 738 2512 divulgata
748 2465 758 2480 ⁹
775 2465 880 2503 deest
896 2466 967 2503 hoc
984 2467 1030 2503 de
1047 2431 1271 2504 mulyjercula
1287 2467 1498 2514 capitulum
1512 2481 1520 2510 ;
1546 2469 1646 2514 quod

187 2509 318 2547 tamen
340 2509 513 2568 continet
535 2522 580 2548 ea
603 2523 700 2569 quae
724 2524 771 2550 ex
790 2513 1015 2572 cod3Casin.
1040 2525 1106 2561 139
1126 2515 1326 2569 edigierunt
1345 2515 1524 2552 monachi
1544 2516 1646 2553 Casi-

188 2558 509 2658 xsffissnizssf·
531 2559 1117 2654 fflssffieessxtfflffzi
1133 2563 1647 2655 {Sissmffiissnavfflnssffi

188 2661 274 2688 vere
291 2651 420 2696 fuerit)
438 2651 649 2698 capitulum
665 2654 907 2692 exhibentem
923 2658 967 2692 do
982 2658 1165 2702 scriptura
1189 2669 1298 2704 quam
1314 2659 1548 2694 mulierculae
1555 2661 1647 2704 fecit

187 2697 359 2742 Basilius,
368 2709 414 2734 ex
424 2699 553 2736 codice
561 2699 834 2738 Marchianensi
844 2703 1098 2740 vetustissimo
1109 2715 1147 2740 se
1159 2704 1195 2741 le
1227 2703 1296 2741 'sse
1306 2706 1470 2741 testatur
1480 2705 1648 2752 Roswey-

188 2745 258 2781 dus
270 2747 358 2790 (Vit.
367 2747 466 2782 Patr.
476 2757 515 2792 p.
525 2749 589 2784 128
603 2757 646 2790 133
662 2747 791 2795 Migne
806 2751 847 2785 P.
859 2751 902 2785 L.
917 2750 1038 2786 lxxiii.
1052 2751 1136 2797 320)
1149 2762 1187 2788 se
1227 2763 1303 2788 non
1319 2752 1423 2798 typis
1434 2752 1645 2794 commisit3

187 2804 301 2876 3:335
311 2792 1038 2892 fi‘affssffisszgffisszsszz‘ssiz{ffffsskkfsg
1071 2797 1289 2882 ¹³⁸²⁰⁰¹i⁸i⁸'
1306 2810 1407 2882 {¹1⁰³}
1426 2799 1552 2854 *¹³⁰⁸-
1570 2811 1647 2837 ⁰⁰⁶²

1047 2857 1206 2883 numera
1224 2857 1289 2882 nm
1333 2857 1382 2882 au
1424 2858 1567 2883 inveni.

1473 2918 1537 2955 ³4⁷
