1988 3250
231 171 330 206 σΑΡ.
345 160 480 218 xxlv]
757 157 1205 206 POLICRATICVS'
1711 156 1782 207 817
1794 154 1836 196 d

228 281 544 326 inuolueretur.
587 280 756 334 Quinta
766 279 1072 324 maturitatem
1086 279 1262 323 ciuilem
1277 281 1455 338 promit,
1469 283 1514 324 et
1529 283 1694 325 etatem

228 350 430 408 depingit
443 350 636 394 uicinam
652 349 880 400 senectuti,
895 349 1030 392 immo
1049 363 1163 405 quae
1182 349 1323 406 ipsam
1340 350 1428 392 iam
1444 351 1695 408 ingreditur

228 421 509 463 senectutem.
582 419 701 462 Nam
740 421 787 462 et
824 420 1004 476 patrum
1043 418 1231 461 honores
1275 419 1440 470 recolit,
1474 420 1694 462 maiorum

227 488 484 531 memoriam
506 491 756 539 ueneratur,
779 489 836 538 et,
865 487 991 544 quasi
1021 487 1079 530 ad
1109 487 1332 530 tumulum
1362 488 1582 531 Anchisae
1609 489 1694 532 sol-

187 569 208 605 5
226 556 392 600 lemnes
411 557 600 602 celebret
619 557 758 609 ludos,
782 557 830 600 in
856 557 927 600 his
956 556 1064 615 ipsis
1090 556 1213 600 exilii
1243 556 1313 600 sui
1333 557 1556 600 miseriam
1576 571 1694 601 reco-

225 626 409 684 gnoscit.
467 626 588 670 Dum
622 641 729 670 uero
758 626 862 670 hinc
891 626 1128 684 egreditur,
1158 626 1323 669 transit
1351 626 1409 668 ad
1441 629 1617 669 sextum
1648 630 1695 669 et

225 695 398 740 amissis
418 695 627 740 Palinuro
647 699 693 740 et
713 696 894 749 Miseno,
913 696 1023 740 duce
1042 696 1209 739 scilicet
1227 695 1398 753 nauigii
1425 695 1694 738 dormitante

226 767 272 808 et
300 766 525 809 temerarii
552 766 709 824 praelii
740 766 976 817 incentore,
1006 780 1107 810 cum
1138 766 1229 809 iam
1261 764 1472 823 frigescat
1511 765 1694 808 affectus

225 834 430 892 uiresque
449 836 668 888 deficiant,
687 851 778 880 non
796 838 890 879 tam
911 838 1181 879 senectutem
1201 835 1340 878 sentit
1363 848 1495 891 quam
1521 834 1693 877 senium

169 918 211 944 ιο
228 907 275 950 et
303 905 429 949 uelut
458 906 677 964 quendam
707 905 963 949 descensum
993 904 1050 948 ad
1082 904 1262 957 inferos,
1292 904 1370 947 ubi
1405 904 1531 961 quasi
1562 903 1694 947 rebus
1711 905 1783 944 818
1798 915 1828 943 a

226 974 448 1019 inutiliter
465 975 602 1034 gestis
621 976 760 1019 totius
780 977 1008 1018 anteactae
1028 974 1149 1019 uitae
1169 977 1451 1032 recognoscat
1466 988 1634 1017 errores
1649 978 1696 1017 et

226 1045 369 1088 discat
392 1045 480 1088 alia
507 1045 584 1088 uia
612 1044 902 1089 incedendum
934 1059 1027 1088 esse
1059 1044 1130 1087 his
1161 1044 1238 1101 qui
1266 1044 1425 1087 uolunt
1454 1043 1511 1086 ad
1546 1043 1695 1087 dulces

226 1113 440 1158 Lauiniae
459 1115 712 1173 complexus
732 1117 778 1158 et
797 1113 934 1158 fatale
955 1128 1140 1171 regnum
1156 1113 1317 1157 Italiae
1332 1114 1458 1171 quasi
1479 1113 1536 1156 ad
1557 1128 1695 1170 quan-

228 1183 331 1226 dam
351 1198 496 1228 arcem
525 1183 815 1227 beatitudinis
834 1183 1075 1242 peruenire.
1137 1182 1325 1227 Constat
1344 1183 1462 1226 enim
1483 1182 1602 1240 apud
1622 1197 1697 1226 eos

169 1266 210 1301 15
229 1253 307 1310 qui
336 1255 529 1297 mentem
559 1253 818 1312 diligentius
846 1255 1183 1311 perscrutantur
1204 1256 1436 1296 auctorum
1467 1253 1696 1295 Maronem

227 1322 430 1381 geminae
459 1323 684 1367 doctrinae
712 1323 831 1366 uires
859 1322 1113 1374 declarasse,
1137 1322 1244 1366 dum
1265 1322 1467 1365 uanitate
1493 1322 1697 1379 figmenti

226 1392 386 1450 poetici
405 1392 731 1450 philosophicae
742 1392 926 1436 uirtutis
938 1392 1131 1435 inuoluit
1145 1392 1347 1436 archana.
1407 1391 1530 1435 Licet
1545 1394 1697 1434 autem

226 1461 282 1505 de
293 1461 438 1520 prima
451 1462 730 1520 corruptione
749 1462 998 1520 specialiter
1017 1461 1186 1506 dictum
1206 1462 1279 1512 sit,
1298 1464 1445 1518 potest
1465 1464 1509 1504 et
1529 1461 1583 1503 de
1603 1461 1696 1503 sin-

226 1531 344 1589 gulis
370 1530 609 1575 manifesta
635 1532 806 1575 ratione
829 1532 1068 1575 monstrari
1095 1532 1200 1589 quia
1225 1534 1388 1574 natura
1418 1531 1610 1574 hominis
1639 1531 1698 1574 ab

169 1609 212 1634 ²0
227 1601 521 1646 adolescentia
540 1615 621 1644 sua
639 1615 780 1659 prona
800 1605 867 1644 est
881 1601 939 1644 ad
953 1601 1119 1644 malum
1136 1617 1147 1652 ;
1178 1604 1230 1644 ut
1250 1615 1306 1643 ex
1327 1615 1414 1658 quo
1435 1600 1574 1643 libero
1593 1600 1698 1644 licet

226 1671 431 1729 depresso
449 1673 643 1728 coeperit
661 1671 730 1714 uti
750 1671 947 1722 arbitrio,
961 1686 1041 1729 per
1059 1686 1106 1714 se
1125 1670 1256 1714 cadat
1275 1673 1432 1728 sponte
1452 1670 1499 1712 in
1519 1670 1696 1728 culpam

227 1743 274 1785 et
307 1740 410 1784 inde
443 1740 602 1784 merito
633 1755 714 1784 suo
748 1755 956 1798 praeceps
994 1740 1254 1798 prolabatur
1287 1740 1334 1783 in
1366 1754 1552 1797 penam;
1583 1740 1694 1798 erigi
1711 1740 1740 1780 b

226 1811 377 1854 tamen
391 1824 670 1868 nequaquam
685 1812 832 1868 potest
846 1810 902 1853 ad
918 1810 1095 1862 bonum,
1106 1810 1193 1853 nisi
1208 1810 1355 1868 gratia
1374 1809 1458 1852 Dei
1474 1812 1698 1866 supponat

228 1893 410 1923 manum
443 1894 580 1924 suam.
639 1879 753 1924 Lata
786 1882 853 1924 est
884 1895 989 1938 ergo
1022 1880 1338 1938 Epicureorum
1377 1880 1454 1922 uia
1492 1882 1538 1923 et
1576 1878 1699 1922 haud

171 1954 212 1990 ²5
230 1948 411 1992 dubiam
438 1948 561 1993 ducit
587 1949 644 1993 ad
673 1952 877 2003 mortem,
895 1965 974 2008 per
1003 1950 1199 2008 pericula
1224 1952 1387 2000 tamen,
1410 1964 1490 2007 per
1516 1963 1698 2000 errores,

229 2032 310 2076 per
331 2018 650 2063 amaritudines
675 2022 722 2063 et
747 2034 826 2077 per
852 2020 1126 2063 omnimodas
1152 2019 1388 2070 uanitates,
1409 2021 1461 2062 ut
1484 2018 1623 2062 letum
1651 2022 1698 2061 et

230 2087 430 2144 quietum
449 2088 715 2146 tranquillae
734 2089 856 2132 uitae
884 2092 1053 2133 statum
1083 2089 1131 2132 in
1156 2104 1208 2132 ea
1231 2089 1381 2132 nullus
1401 2088 1604 2131 inueniat
1623 2087 1697 2130 uel

230 2156 287 2202 ad
306 2156 433 2199 illum
451 2157 632 2201 tandem
652 2172 704 2202 ea
723 2158 910 2202 ducente
928 2159 1171 2217 perueniat.
1232 2158 1363 2210 Nam,
1387 2161 1440 2201 ut
1465 2156 1697 2200 beatitudo

229 2225 518 2283 possideatur,
555 2241 645 2270 non
687 2228 816 2270 uanis
855 2228 931 2271 sed
971 2228 1090 2271 ueris
1128 2228 1421 2271 insistendum
1455 2229 1523 2270 est
1557 2226 1695 2269 bonis.

171 2299 215 2333 30
230 2294 359 2338 Vana
378 2295 495 2338 enim
510 2296 721 2340 cultorem
737 2311 866 2340 suu-m
879 2298 1147 2356 proturbant
1161 2298 1209 2340 in
1225 2297 1430 2341 tenebras
1443 2297 1696 2347 exteriores,

232 2438 254 2465 2
278 2427 355 2464 imo
373 2427 398 2464 S
550 2439 585 2474 4,
604 2437 622 2476 5
649 2429 835 2468 solemnes
854 2430 908 2468 B:
933 2431 1162 2479 sollempnes
1178 2432 1260 2470 AS:
1286 2431 1460 2469 solennes
1476 2431 1517 2467 M
1674 2440 1693 2478 5

230 2474 306 2522 his]
325 2474 372 2512 iis
390 2474 473 2511 BA:
498 2475 574 2512 hiis
591 2476 616 2513 S
773 2479 794 2514 8
818 2479 1020 2516 temerario
1037 2478 1062 2516 S
1225 2490 1269 2516 10
1292 2480 1406 2516 uelud
1421 2478 1481 2516 AS
1652 2488 1668 2516 1

230 2522 367 2560 ithalie
382 2521 407 2558 S
551 2533 595 2570 23
621 2523 808 2571 subponat
825 2525 849 2563 S
978 2537 1025 2573 24
1050 2538 1320 2574 epycureorum
1338 2527 1366 2564 C
1461 2526 1556 2562 haut
1573 2524 1667 2562 CBA

284 2662 299 2687 1
330 2653 466 2696 Quinta
482 2665 491 2689 :
515 2651 541 2689 i.
555 2664 590 2690 e.
607 2654 733 2689 uirilis
747 2659 856 2691 aetas.
1056 2656 1079 2692 6
1102 2661 1263 2692 sea-tum:
1289 2655 1356 2702 qui
1373 2657 1430 2692 est
1446 2655 1494 2692 de
1510 2661 1694 2694 senectute.

236 2699 281 2736 16
305 2700 467 2745 geminae
482 2701 666 2736 doctrinae
683 2703 756 2738 etc.
770 2712 780 2738 z
805 2714 839 2738 v.
855 2701 966 2739 Bern.
985 2701 1150 2739 Silvestr.
1169 2714 1230 2749 ap.
1243 2702 1383 2740 cousin
1399 2703 1470 2740 loc.
1481 2702 1546 2740 cit.
1561 2715 1600 2749 p.
1615 2705 1698 2750 358.

235 2756 290 2792 19,
307 2756 355 2783 20
377 2747 423 2782 ab
437 2749 674 2784 adolescentia
690 2749 762 2784 etc.
775 2761 784 2784 ι
808 2760 840 2786 ν.
853 2748 923 2786 loc.
937 2761 1051 2796 supra
1066 2750 1130 2786 cit.
1148 2751 1214 2796 815
1230 2759 1264 2787 c.
1363 2760 1409 2794 24
1425 2752 1520 2786 Lata
1535 2752 1607 2787 etc.
1622 2764 1630 2786 :
1647 2751 1695 2788 cf.

233 2793 346 2831 Matt.
363 2793 425 2830 vii.
445 2804 499 2842 13.
597 2805 644 2842 30
667 2796 708 2831 in
725 2797 886 2832 tenebrae
902 2799 993 2833 etc.:
1018 2809 1050 2834 v,
1068 2797 1181 2834 Matt.
1198 2796 1275 2834 viii.
1297 2806 1349 2842 12,
1364 2796 1454 2834 xxii.
1475 2807 1527 2843 13,
1543 2809 1626 2834 xxv.
1637 2808 1696 2844 30.

286 2865 368 2885 wm
381 2865 403 2885 u
915 2857 943 2897 3
962 2857 995 2885 n
1519 2861 1586 2896 417
