<?xml version="1.0" encoding="UTF-8"?>
<!DOCTYPE html PUBLIC "-//W3C//DTD XHTML 1.0 Transitional//EN"
    "http://www.w3.org/TR/xhtml1/DTD/xhtml1-transitional.dtd">
<html xmlns="http://www.w3.org/1999/xhtml" xml:lang="en" lang="en">
 <head>
  <title>
</title>
<meta http-equiv="Content-Type" content="text/html;charset=utf-8" />
  <meta name='ocr-system' content='tesseract 3.04.00' />
  <meta name='ocr-capabilities' content='ocr_page ocr_carea ocr_par ocr_line ocrx_word'/>
</head>
<body>
  <div class='ocr_page' id='page_1' title='image "./policraticisived02john_0229.png"; bbox 0 0 1988 3250; ppageno 0'>
   <div class='ocr_carea' id='block_1_1' title="bbox 147 215 1762 277">
    <p class='ocr_par' dir='ltr' id='par_1_1' title="bbox 147 215 1762 277">
     <span class='ocr_line' id='line_1_1' title="bbox 147 215 1762 277; baseline -0.001 -17"><span class='ocrx_word' id='word_1_1' title='bbox 147 226 246 260; x_wconf 71' lang='lat' dir='ltr'>oAr.</span> <span class='ocrx_word' id='word_1_2' title='bbox 261 215 377 277; x_wconf 84' lang='lat' dir='ltr'>xxv]</span> <span class='ocrx_word' id='word_1_3' title='bbox 660 215 1098 262; x_wconf 83' lang='lat' dir='ltr'><strong>POLIGRATICVS</strong></span> <span class='ocrx_word' id='word_1_4' title='bbox 1627 226 1713 270; x_wconf 81' lang='lat'>⁷0⁵</span> <span class='ocrx_word' id='word_1_5' title='bbox 1731 227 1762 258; x_wconf 75' lang='lat' dir='ltr'>a</span> 
     </span>
    </p>
   </div>
   <div class='ocr_carea' id='block_1_2' title="bbox 87 336 1656 1503">
    <p class='ocr_par' dir='ltr' id='par_1_2' title="bbox 145 336 1611 602">
     <span class='ocr_line' id='line_1_2' title="bbox 146 336 1610 394; baseline 0.001 -15"><span class='ocrx_word' id='word_1_6' title='bbox 146 336 411 394; x_wconf 81' lang='lat' dir='ltr'><strong>coepiscopis</strong></span> <span class='ocrx_word' id='word_1_7' title='bbox 431 336 586 394; x_wconf 87' lang='lat' dir='ltr'>parcit.</span> <span class='ocrx_word' id='word_1_8' title='bbox 636 336 730 381; x_wconf 89' lang='lat' dir='ltr'>Nec</span> <span class='ocrx_word' id='word_1_9' title='bbox 745 339 895 380; x_wconf 86' lang='lat' dir='ltr'>tamen</span> <span class='ocrx_word' id='word_1_10' title='bbox 911 337 1055 393; x_wconf 90' lang='lat' dir='ltr'>ipsum</span> <span class='ocrx_word' id='word_1_11' title='bbox 1071 336 1267 380; x_wconf 90' lang='lat' dir='ltr'>inuidiae</span> <span class='ocrx_word' id='word_1_12' title='bbox 1283 337 1396 381; x_wconf 90' lang='lat' dir='ltr'>uitio</span> <span class='ocrx_word' id='word_1_13' title='bbox 1416 338 1610 382; x_wconf 91' lang='lat' dir='ltr'>arbitror</span> 
     </span>
     <span class='ocr_line' id='line_1_3' title="bbox 146 405 1610 463; baseline 0.002 -15"><span class='ocrx_word' id='word_1_14' title='bbox 146 405 387 458; x_wconf 83' lang='lat' dir='ltr'>laborasse3</span> <span class='ocrx_word' id='word_1_15' title='bbox 422 406 498 449; x_wconf 87' lang='lat' dir='ltr'>sed</span> <span class='ocrx_word' id='word_1_16' title='bbox 533 406 604 448; x_wconf 91' lang='lat' dir='ltr'>uir</span> <span class='ocrx_word' id='word_1_17' title='bbox 632 406 826 463; x_wconf 89' lang='lat' dir='ltr'>prudens</span> <span class='ocrx_word' id='word_1_18' title='bbox 856 405 974 462; x_wconf 93' lang='lat' dir='ltr'>quod</span> <span class='ocrx_word' id='word_1_19' title='bbox 1003 406 1258 448; x_wconf 90' lang='lat' dir='ltr'>hominibus</span> <span class='ocrx_word' id='word_1_20' title='bbox 1289 407 1610 463; x_wconf 91' lang='lat' dir='ltr'>quodammodo</span> 
     </span>
     <span class='ocr_line' id='line_1_4' title="bbox 145 474 1610 533; baseline 0.001 -16"><span class='ocrx_word' id='word_1_21' title='bbox 145 474 393 532; x_wconf 90' lang='lat' dir='ltr'>ingenitum</span> <span class='ocrx_word' id='word_1_22' title='bbox 420 477 488 518; x_wconf 89' lang='lat' dir='ltr'>est</span> <span class='ocrx_word' id='word_1_23' title='bbox 515 475 740 532; x_wconf 71' lang='lat' dir='ltr'>eleganter</span> <span class='ocrx_word' id='word_1_24' title='bbox 763 474 992 531; x_wconf 75' lang='lat' dir='ltr'>expressit.</span> <span class='ocrx_word' id='word_1_25' title='bbox 1053 474 1113 517; x_wconf 87' lang='lat' dir='ltr'>Et</span> <span class='ocrx_word' id='word_1_26' title='bbox 1141 474 1257 518; x_wconf 83' lang='lat' dir='ltr'>forte</span> <span class='ocrx_word' id='word_1_27' title='bbox 1277 476 1359 518; x_wconf 87' lang='lat' dir='ltr'>hoc</span> <span class='ocrx_word' id='word_1_28' title='bbox 1379 476 1464 519; x_wconf 92' lang='lat' dir='ltr'>sibi</span> <span class='ocrx_word' id='word_1_29' title='bbox 1484 491 1610 533; x_wconf 88' lang='lat' dir='ltr'>prae-</span> 
     </span>
     <span class='ocr_line' id='line_1_5' title="bbox 145 542 1611 602; baseline 0.002 -16"><span class='ocrx_word' id='word_1_30' title='bbox 145 542 267 587; x_wconf 83' lang='lat' dir='ltr'>fatus</span> <span class='ocrx_word' id='word_1_31' title='bbox 305 547 433 601; x_wconf 90' lang='lat' dir='ltr'>pater</span> <span class='ocrx_word' id='word_1_32' title='bbox 470 544 682 602; x_wconf 91' lang='lat' dir='ltr'>imposuit</span> <span class='ocrx_word' id='word_1_33' title='bbox 720 547 773 587; x_wconf 88' lang='lat' dir='ltr'>ut</span> <span class='ocrx_word' id='word_1_34' title='bbox 812 543 874 586; x_wconf 90' lang='lat' dir='ltr'>sic</span> <span class='ocrx_word' id='word_1_35' title='bbox 914 543 1212 586; x_wconf 76' lang='lat' dir='ltr'><strong>laborantium</strong></span> <span class='ocrx_word' id='word_1_36' title='bbox 1252 545 1410 587; x_wconf 90' lang='lat' dir='ltr'>turbae</span> <span class='ocrx_word' id='word_1_37' title='bbox 1454 554 1611 602; x_wconf 87' lang='lat' dir='ltr'>sponte</span> 
     </span>
    </p>

    <p class='ocr_par' dir='ltr' id='par_1_3' title="bbox 108 612 1612 947">
     <span class='ocr_line' id='line_1_6' title="bbox 108 612 1612 670; baseline 0.001 -15"><span class='ocrx_word' id='word_1_38' title='bbox 108 626 127 661; x_wconf 76' lang='lat'>⁵</span> <span class='ocrx_word' id='word_1_39' title='bbox 144 615 369 656; x_wconf 87' lang='lat' dir='ltr'>consertus</span> <span class='ocrx_word' id='word_1_40' title='bbox 398 613 632 670; x_wconf 79' lang='lat' dir='ltr'>benignius</span> <span class='ocrx_word' id='word_1_41' title='bbox 664 613 908 656; x_wconf 80' lang='lat' dir='ltr'>audiretur.</span> <span class='ocrx_word' id='word_1_42' title='bbox 968 613 1085 656; x_wconf 88' lang='lat' dir='ltr'>Sane</span> <span class='ocrx_word' id='word_1_43' title='bbox 1115 613 1259 656; x_wconf 91' lang='lat' dir='ltr'>Iulius</span> <span class='ocrx_word' id='word_1_44' title='bbox 1290 612 1426 656; x_wconf 85' lang='lat' dir='ltr'>Cesar</span> <span class='ocrx_word' id='word_1_45' title='bbox 1455 614 1612 657; x_wconf 88' lang='lat' dir='ltr'>audita</span> 
     </span>
     <span class='ocr_line' id='line_1_7' title="bbox 145 681 1611 740; baseline 0.001 -15"><span class='ocrx_word' id='word_1_46' title='bbox 145 681 327 726; x_wconf 84' lang='lat' dir='ltr'>Catonis</span> <span class='ocrx_word' id='word_1_47' title='bbox 346 684 487 725; x_wconf 92' lang='lat' dir='ltr'>morte</span> <span class='ocrx_word' id='word_1_48' title='bbox 507 682 686 726; x_wconf 91' lang='lat' dir='ltr'>tandem</span> <span class='ocrx_word' id='word_1_49' title='bbox 707 697 960 739; x_wconf 90' lang='lat' dir='ltr'>compassus</span> <span class='ocrx_word' id='word_1_50' title='bbox 981 684 1049 725; x_wconf 87' lang='lat' dir='ltr'>est</span> <span class='ocrx_word' id='word_1_51' title='bbox 1070 682 1296 725; x_wconf 88' lang='lat' dir='ltr'>laboribus</span> <span class='ocrx_word' id='word_1_52' title='bbox 1317 686 1363 725; x_wconf 92' lang='lat' dir='ltr'>et</span> <span class='ocrx_word' id='word_1_53' title='bbox 1383 684 1611 740; x_wconf 90' lang='lat' dir='ltr'>erumpnis</span> 
     </span>
     <span class='ocr_line' id='line_1_8' title="bbox 145 750 1610 809; baseline 0.001 -15"><span class='ocrx_word' id='word_1_54' title='bbox 145 750 341 802; x_wconf 85' lang='lat' dir='ltr'>extincti,</span> <span class='ocrx_word' id='word_1_55' title='bbox 363 754 408 794; x_wconf 94' lang='lat' dir='ltr'>et</span> <span class='ocrx_word' id='word_1_56' title='bbox 435 751 660 809; x_wconf 83' lang='lat' dir='ltr'>egregium</span> <span class='ocrx_word' id='word_1_57' title='bbox 686 751 828 794; x_wconf 91' lang='lat' dir='ltr'>ciuem</span> <span class='ocrx_word' id='word_1_58' title='bbox 855 751 987 794; x_wconf 90' lang='lat' dir='ltr'>rebus</span> <span class='ocrx_word' id='word_1_59' title='bbox 1014 751 1221 794; x_wconf 90' lang='lat' dir='ltr'>humanis</span> <span class='ocrx_word' id='word_1_60' title='bbox 1251 751 1434 795; x_wconf 88' lang='lat' dir='ltr'>defleuit</span> <span class='ocrx_word' id='word_1_61' title='bbox 1464 767 1610 795; x_wconf 85' lang='lat' dir='ltr'>exem-</span> 
     </span>
     <span class='ocr_line' id='line_1_9' title="bbox 143 820 1611 878; baseline 0.001 -14"><span class='ocrx_word' id='word_1_62' title='bbox 143 823 282 878; x_wconf 85' lang='lat' dir='ltr'>ptum.</span> <span class='ocrx_word' id='word_1_63' title='bbox 341 820 519 864; x_wconf 85' lang='lat' dir='ltr'>Publice</span> <span class='ocrx_word' id='word_1_64' title='bbox 547 823 697 864; x_wconf 90' lang='lat' dir='ltr'>tamen</span> <span class='ocrx_word' id='word_1_65' title='bbox 726 820 952 864; x_wconf 89' lang='lat' dir='ltr'>confessus</span> <span class='ocrx_word' id='word_1_66' title='bbox 982 824 1050 864; x_wconf 86' lang='lat' dir='ltr'>est</span> <span class='ocrx_word' id='word_1_67' title='bbox 1085 821 1203 878; x_wconf 93' lang='lat' dir='ltr'>quod</span> <span class='ocrx_word' id='word_1_68' title='bbox 1234 824 1279 863; x_wconf 90' lang='lat' dir='ltr'>et</span> <span class='ocrx_word' id='word_1_69' title='bbox 1309 820 1423 864; x_wconf 87' lang='lat' dir='ltr'>Cato</span> <span class='ocrx_word' id='word_1_70' title='bbox 1450 822 1611 865; x_wconf 87' lang='lat' dir='ltr'>uirtuti</span> 
     </span>
     <span class='ocr_line' id='line_1_10' title="bbox 145 889 1611 947; baseline 0.001 -15"><span class='ocrx_word' id='word_1_71' title='bbox 145 889 238 933; x_wconf 88' lang='lat' dir='ltr'>eius</span> <span class='ocrx_word' id='word_1_72' title='bbox 257 889 480 933; x_wconf 89' lang='lat' dir='ltr'>inuiderat</span> <span class='ocrx_word' id='word_1_73' title='bbox 495 892 540 933; x_wconf 92' lang='lat' dir='ltr'>et</span> <span class='ocrx_word' id='word_1_74' title='bbox 555 890 671 947; x_wconf 92' lang='lat' dir='ltr'>quod</span> <span class='ocrx_word' id='word_1_75' title='bbox 692 890 786 947; x_wconf 92' lang='lat' dir='ltr'>ipse</span> <span class='ocrx_word' id='word_1_76' title='bbox 802 889 986 933; x_wconf 87' lang='lat' dir='ltr'>Catonis</span> <span class='ocrx_word' id='word_1_77' title='bbox 1006 890 1173 947; x_wconf 86' lang='lat' dir='ltr'>gloriae</span> <span class='ocrx_word' id='word_1_78' title='bbox 1195 890 1435 933; x_wconf 87' lang='lat' dir='ltr'>inuidebat.</span> <span class='ocrx_word' id='word_1_79' title='bbox 1487 891 1611 944; x_wconf 84' lang='lat' dir='ltr'>Quae</span> 
     </span>
    </p>

    <p class='ocr_par' dir='ltr' id='par_1_4' title="bbox 87 958 1656 1295">
     <span class='ocr_line' id='line_1_11' title="bbox 87 958 1610 1016; baseline 0 -13"><span class='ocrx_word' id='word_1_80' title='bbox 87 971 130 998; x_wconf 73' lang='grc' dir='ltr'>ιο</span> <span class='ocrx_word' id='word_1_81' title='bbox 145 973 250 1004; x_wconf 86' lang='lat' dir='ltr'>uero</span> <span class='ocrx_word' id='word_1_82' title='bbox 279 958 337 1002; x_wconf 87' lang='lat' dir='ltr'>ad</span> <span class='ocrx_word' id='word_1_83' title='bbox 370 959 561 1016; x_wconf 83' lang='lat' dir='ltr'>gratiam</span> <span class='ocrx_word' id='word_1_84' title='bbox 591 959 685 1002; x_wconf 92' lang='lat' dir='ltr'>sine</span> <span class='ocrx_word' id='word_1_85' title='bbox 715 959 886 1002; x_wconf 90' lang='lat' dir='ltr'>inuidia</span> <span class='ocrx_word' id='word_1_86' title='bbox 915 959 991 1002; x_wconf 88' lang='lat' dir='ltr'>uia</span> <span class='ocrx_word' id='word_1_87' title='bbox 1018 959 1351 1016; x_wconf 80' lang='lat' dir='ltr'>expeditissima</span> <span class='ocrx_word' id='word_1_88' title='bbox 1381 960 1441 1002; x_wconf 89' lang='lat' dir='ltr'>sit</span> <span class='ocrx_word' id='word_1_89' title='bbox 1475 975 1610 1003; x_wconf 83' lang='lat' dir='ltr'>senex</span> 
     </span>
     <span class='ocr_line' id='line_1_12' title="bbox 145 1027 1656 1086; baseline 0.001 -15"><span class='ocrx_word' id='word_1_90' title='bbox 145 1027 271 1071; x_wconf 92' lang='lat' dir='ltr'>docet</span> <span class='ocrx_word' id='word_1_91' title='bbox 304 1027 351 1071; x_wconf 93' lang='lat' dir='ltr'>in</span> <span class='ocrx_word' id='word_1_92' title='bbox 383 1028 564 1080; x_wconf 88' lang='lat' dir='ltr'>Andria,</span> <span class='ocrx_word' id='word_1_93' title='bbox 597 1028 703 1071; x_wconf 90' lang='lat' dir='ltr'>dum</span> <span class='ocrx_word' id='word_1_94' title='bbox 742 1029 884 1072; x_wconf 88' lang='lat' dir='ltr'>filium</span> <span class='ocrx_word' id='word_1_95' title='bbox 925 1029 1130 1072; x_wconf 89' lang='lat' dir='ltr'>omnibus</span> <span class='ocrx_word' id='word_1_96' title='bbox 1162 1028 1357 1086; x_wconf 90' lang='lat' dir='ltr'>obsequi,</span> <span class='ocrx_word' id='word_1_97' title='bbox 1388 1031 1609 1073; x_wconf 90' lang='lat' dir='ltr'>neminem</span> <span class='ocrx_word' id='word_1_98' title='bbox 1627 1036 1656 1075; x_wconf 88' lang='lat' dir='ltr'>b</span> 
     </span>
     <span class='ocr_line' id='line_1_13' title="bbox 144 1096 1611 1157; baseline 0.001 -17"><span class='ocrx_word' id='word_1_99' title='bbox 144 1096 288 1141; x_wconf 89' lang='lat' dir='ltr'>ledere</span> <span class='ocrx_word' id='word_1_100' title='bbox 327 1096 476 1140; x_wconf 84' lang='lat' dir='ltr'>refert.</span> <span class='ocrx_word' id='word_1_101' title='bbox 534 1097 614 1141; x_wconf 92' lang='lat' dir='ltr'>Ait</span> <span class='ocrx_word' id='word_1_102' title='bbox 654 1112 826 1155; x_wconf 90' lang='lat' dir='ltr'>quoque</span> <span class='ocrx_word' id='word_1_103' title='bbox 866 1098 1114 1155; x_wconf 86' lang='lat' dir='ltr'>sequendae</span> <span class='ocrx_word' id='word_1_104' title='bbox 1154 1098 1447 1142; x_wconf 83' lang='lat' dir='ltr'>beatitudinis</span> <span class='ocrx_word' id='word_1_105' title='bbox 1482 1103 1611 1157; x_wconf 89' lang='lat' dir='ltr'>pater</span> 
     </span>
     <span class='ocr_line' id='line_1_14' title="bbox 144 1165 1612 1224; baseline 0.002 -16"><span class='ocrx_word' id='word_1_106' title='bbox 144 1165 422 1224; x_wconf 87' lang='lat' dir='ltr'>Augustinus</span> <span class='ocrx_word' id='word_1_107' title='bbox 456 1166 561 1223; x_wconf 86' lang='lat' dir='ltr'>quia</span> <span class='ocrx_word' id='word_1_108' title='bbox 590 1166 767 1210; x_wconf 86' lang='lat' dir='ltr'>dentem</span> <span class='ocrx_word' id='word_1_109' title='bbox 797 1167 1003 1211; x_wconf 89' lang='lat' dir='ltr'>caninum</span> <span class='ocrx_word' id='word_1_110' title='bbox 1035 1167 1106 1210; x_wconf 89' lang='lat' dir='ltr'>uel</span> <span class='ocrx_word' id='word_1_111' title='bbox 1135 1167 1325 1211; x_wconf 89' lang='lat' dir='ltr'>euitabit</span> <span class='ocrx_word' id='word_1_112' title='bbox 1355 1169 1612 1212; x_wconf 84' lang='lat' dir='ltr'>cautissima</span> 
     </span>
     <span class='ocr_line' id='line_1_15' title="bbox 146 1234 1610 1295; baseline 0.003 -18"><span class='ocrx_word' id='word_1_113' title='bbox 146 1234 374 1279; x_wconf 87' lang='lat' dir='ltr'>humilitas</span> <span class='ocrx_word' id='word_1_114' title='bbox 404 1235 475 1279; x_wconf 89' lang='lat' dir='ltr'>uel</span> <span class='ocrx_word' id='word_1_115' title='bbox 510 1236 718 1280; x_wconf 88' lang='lat' dir='ltr'>retundet</span> <span class='ocrx_word' id='word_1_116' title='bbox 751 1237 1017 1280; x_wconf 88' lang='lat' dir='ltr'>solidissima</span> <span class='ocrx_word' id='word_1_117' title='bbox 1046 1238 1236 1290; x_wconf 86' lang='lat' dir='ltr'>ueritas;</span> <span class='ocrx_word' id='word_1_118' title='bbox 1273 1238 1362 1280; x_wconf 91' lang='lat' dir='ltr'>alia</span> <span class='ocrx_word' id='word_1_119' title='bbox 1391 1238 1610 1295; x_wconf 88' lang='lat' dir='ltr'>siquidem</span> 
     </span>
    </p>

    <p class='ocr_par' dir='ltr' id='par_1_5' title="bbox 88 1304 1610 1503">
     <span class='ocr_line' id='line_1_16' title="bbox 88 1304 1609 1357; baseline 0.005 -13"><span class='ocrx_word' id='word_1_120' title='bbox 88 1315 129 1352; x_wconf 67' lang='grc' dir='ltr'>ιε</span> <span class='ocrx_word' id='word_1_121' title='bbox 147 1304 315 1348; x_wconf 89' lang='lat' dir='ltr'>uirtute</span> <span class='ocrx_word' id='word_1_122' title='bbox 343 1319 472 1349; x_wconf 90' lang='lat' dir='ltr'>nemo</span> <span class='ocrx_word' id='word_1_123' title='bbox 502 1305 788 1350; x_wconf 84' lang='lat' dir='ltr'>detractionis</span> <span class='ocrx_word' id='word_1_124' title='bbox 822 1306 1015 1350; x_wconf 89' lang='lat' dir='ltr'>declinat</span> <span class='ocrx_word' id='word_1_125' title='bbox 1049 1307 1233 1357; x_wconf 74' lang='lat' dir='ltr'>aculeos,</span> <span class='ocrx_word' id='word_1_126' title='bbox 1264 1307 1429 1350; x_wconf 89' lang='lat' dir='ltr'>liberae</span> <span class='ocrx_word' id='word_1_127' title='bbox 1459 1313 1609 1351; x_wconf 89' lang='lat' dir='ltr'>tamen</span> 
     </span>
     <span class='ocr_line' id='line_1_17' title="bbox 144 1374 1610 1434; baseline 0.003 -17"><span class='ocrx_word' id='word_1_128' title='bbox 144 1374 492 1431; x_wconf 86' lang='lat' dir='ltr'>reprehensionis</span> <span class='ocrx_word' id='word_1_129' title='bbox 531 1375 745 1419; x_wconf 82' lang='lat' dir='ltr'>medelam</span> <span class='ocrx_word' id='word_1_130' title='bbox 786 1390 894 1419; x_wconf 88' lang='lat' dir='ltr'>sana</span> <span class='ocrx_word' id='word_1_131' title='bbox 941 1391 1065 1420; x_wconf 88' lang='lat' dir='ltr'>mens</span> <span class='ocrx_word' id='word_1_132' title='bbox 1108 1377 1291 1420; x_wconf 87' lang='lat' dir='ltr'>minime</span> <span class='ocrx_word' id='word_1_133' title='bbox 1334 1382 1610 1434; x_wconf 82' lang='lat' dir='ltr'>aspernatur,</span> 
     </span>
     <span class='ocr_line' id='line_1_18' title="bbox 143 1442 1458 1503; baseline 0.002 -16"><span class='ocrx_word' id='word_1_134' title='bbox 143 1442 248 1488; x_wconf 88' lang='lat' dir='ltr'>licet</span> <span class='ocrx_word' id='word_1_135' title='bbox 267 1443 361 1488; x_wconf 89' lang='lat' dir='ltr'>iure</span> <span class='ocrx_word' id='word_1_136' title='bbox 381 1444 576 1488; x_wconf 91' lang='lat' dir='ltr'>conuitia</span> <span class='ocrx_word' id='word_1_137' title='bbox 595 1445 841 1502; x_wconf 89' lang='lat' dir='ltr'>puniantur</span> <span class='ocrx_word' id='word_1_138' title='bbox 861 1445 1107 1503; x_wconf 87' lang='lat' dir='ltr'>famosique</span> <span class='ocrx_word' id='word_1_139' title='bbox 1128 1446 1278 1490; x_wconf 85' lang='lat' dir='ltr'>libelli.</span> <span class='ocrx_word' id='word_1_140' title='bbox 1339 1447 1458 1490; x_wconf 88' lang='lat' dir='ltr'>Nam</span> 
     </span>
    </p>
   </div>
   <div class='ocr_carea' id='block_1_3' title="bbox 88 1533 1611 1812">
    <p class='ocr_par' dir='ltr' id='par_1_6' title="bbox 88 1533 1611 1812">
     <span class='ocr_line' id='line_1_19' title="bbox 258 1533 1520 1595; baseline 0.004 -18"><span class='ocrx_word' id='word_1_141' title='bbox 258 1533 295 1577; x_wconf 90' lang='lat' dir='ltr'>si</span> <span class='ocrx_word' id='word_1_142' title='bbox 325 1534 442 1578; x_wconf 90' lang='lat' dir='ltr'>mala</span> <span class='ocrx_word' id='word_1_143' title='bbox 470 1535 716 1579; x_wconf 88' lang='lat' dir='ltr'>condiderit</span> <span class='ocrx_word' id='word_1_144' title='bbox 745 1536 792 1579; x_wconf 92' lang='lat' dir='ltr'>in</span> <span class='ocrx_word' id='word_1_145' title='bbox 822 1552 953 1594; x_wconf 90' lang='lat' dir='ltr'>quem</span> <span class='ocrx_word' id='word_1_146' title='bbox 984 1538 1083 1595; x_wconf 91' lang='lat' dir='ltr'>quis</span> <span class='ocrx_word' id='word_1_147' title='bbox 1113 1539 1322 1590; x_wconf 89' lang='lat' dir='ltr'>carmina,</span> <span class='ocrx_word' id='word_1_148' title='bbox 1352 1539 1422 1582; x_wconf 89' lang='lat' dir='ltr'>ius</span> <span class='ocrx_word' id='word_1_149' title='bbox 1453 1543 1520 1583; x_wconf 88' lang='lat' dir='ltr'>est</span> 
     </span>
     <span class='ocr_line' id='line_1_20' title="bbox 255 1592 577 1651; baseline 0.006 -15"><span class='ocrx_word' id='word_1_150' title='bbox 255 1592 552 1651; x_wconf 84' lang='lat' dir='ltr'>iudiciumque</span> <span class='ocrx_word' id='word_1_151' title='bbox 568 1608 577 1646; x_wconf 94' lang='lat'>;</span> 
     </span>
     <span class='ocr_line' id='line_1_21' title="bbox 88 1682 1611 1748; baseline 0.005 -22"><span class='ocrx_word' id='word_1_152' title='bbox 88 1700 130 1726; x_wconf 76' lang='lat' dir='ltr'>ao</span> <span class='ocrx_word' id='word_1_153' title='bbox 146 1684 191 1726; x_wconf 90' lang='lat' dir='ltr'>et</span> <span class='ocrx_word' id='word_1_154' title='bbox 210 1682 420 1727; x_wconf 89' lang='lat' dir='ltr'>aduersus</span> <span class='ocrx_word' id='word_1_155' title='bbox 445 1685 759 1730; x_wconf 86' lang='lat' dir='ltr'>conuitiatores</span> <span class='ocrx_word' id='word_1_156' title='bbox 779 1687 950 1744; x_wconf 89' lang='lat' dir='ltr'>pridem</span> <span class='ocrx_word' id='word_1_157' title='bbox 971 1687 1044 1730; x_wconf 82' lang='lat' dir='ltr'>lex</span> <span class='ocrx_word' id='word_1_158' title='bbox 1065 1691 1133 1731; x_wconf 87' lang='lat' dir='ltr'>est</span> <span class='ocrx_word' id='word_1_159' title='bbox 1152 1692 1343 1746; x_wconf 84' lang='lat' dir='ltr'>accepta,</span> <span class='ocrx_word' id='word_1_160' title='bbox 1363 1689 1611 1748; x_wconf 90' lang='lat' dir='ltr'>chorusque</span> 
     </span>
     <span class='ocr_line' id='line_1_22' title="bbox 145 1750 1330 1812; baseline 0.004 -17"><span class='ocrx_word' id='word_1_161' title='bbox 145 1750 199 1795; x_wconf 89' lang='lat' dir='ltr'>de</span> <span class='ocrx_word' id='word_1_162' title='bbox 218 1751 369 1810; x_wconf 91' lang='lat' dir='ltr'>inepta</span> <span class='ocrx_word' id='word_1_163' title='bbox 387 1752 567 1798; x_wconf 88' lang='lat' dir='ltr'>licentia</span> <span class='ocrx_word' id='word_1_164' title='bbox 586 1756 962 1812; x_wconf 87' lang='lat' dir='ltr'>praesumentium</span> <span class='ocrx_word' id='word_1_165' title='bbox 983 1758 1029 1799; x_wconf 89' lang='lat' dir='ltr'>et</span> <span class='ocrx_word' id='word_1_166' title='bbox 1048 1756 1330 1801; x_wconf 89' lang='lat' dir='ltr'>abutentium</span> 
     </span>
    </p>
   </div>
   <div class='ocr_carea' id='block_1_4' title="bbox 314 1833 1282 1892">
    <p class='ocr_par' dir='ltr' id='par_1_7' title="bbox 314 1833 1282 1892">
     <span class='ocr_line' id='line_1_23' title="bbox 314 1833 1282 1892; baseline 0.005 -16"><span class='ocrx_word' id='word_1_167' title='bbox 314 1833 507 1892; x_wconf 90' lang='lat' dir='ltr'>turpiter</span> <span class='ocrx_word' id='word_1_168' title='bbox 534 1834 722 1880; x_wconf 89' lang='lat' dir='ltr'>obticuit</span> <span class='ocrx_word' id='word_1_169' title='bbox 751 1836 927 1880; x_wconf 88' lang='lat' dir='ltr'>sublato</span> <span class='ocrx_word' id='word_1_170' title='bbox 957 1837 1054 1881; x_wconf 90' lang='lat' dir='ltr'>iure</span> <span class='ocrx_word' id='word_1_171' title='bbox 1084 1838 1282 1882; x_wconf 87' lang='lat' dir='ltr'>nocendi.</span> 
     </span>
    </p>
   </div>
   <div class='ocr_carea' id='block_1_5' title="bbox 88 1957 1651 2161">
    <p class='ocr_par' dir='ltr' id='par_1_8' title="bbox 88 1957 1651 2161">
     <span class='ocr_line' id='line_1_24' title="bbox 145 1957 1651 2022; baseline 0.005 -19"><span class='ocrx_word' id='word_1_172' title='bbox 145 1957 252 2017; x_wconf 86' lang='lat' dir='ltr'>Cap.</span> <span class='ocrx_word' id='word_1_173' title='bbox 275 1970 340 2016; x_wconf 87' lang='lat'>25.</span> <span class='ocrx_word' id='word_1_174' title='bbox 372 1960 436 2003; x_wconf 83' lang='lat' dir='ltr'>De</span> <span class='ocrx_word' id='word_1_175' title='bbox 455 1960 676 2005; x_wconf 75' lang='lat' dir='ltr'>libertatis</span> <span class='ocrx_word' id='word_1_176' title='bbox 696 1976 848 2006; x_wconf 81' lang='lat' dir='ltr'>amore</span> <span class='ocrx_word' id='word_1_177' title='bbox 867 1967 906 2006; x_wconf 79' lang='lat' dir='ltr'>et</span> <span class='ocrx_word' id='word_1_178' title='bbox 916 1964 1088 2021; x_wconf 78' lang='lat' dir='ltr'>fauore</span> <span class='ocrx_word' id='word_1_179' title='bbox 1099 1983 1117 2015; x_wconf 90' lang='lat'><em>;</em></span> <span class='ocrx_word' id='word_1_180' title='bbox 1148 1968 1188 2007; x_wconf 83' lang='lat' dir='ltr'>et</span> <span class='ocrx_word' id='word_1_181' title='bbox 1209 1965 1263 2008; x_wconf 78' lang='lat' dir='ltr'>de</span> <span class='ocrx_word' id='word_1_182' title='bbox 1278 1965 1349 2008; x_wconf 78' lang='lat' dir='ltr'>his</span> <span class='ocrx_word' id='word_1_183' title='bbox 1369 1965 1453 2022; x_wconf 77' lang='lat' dir='ltr'>qui</span> <span class='ocrx_word' id='word_1_184' title='bbox 1473 1965 1607 2010; x_wconf 78' lang='lat' dir='ltr'>libere</span> <span class='ocrx_word' id='word_1_185' title='bbox 1626 1982 1651 2012; x_wconf 88' lang='lat' dir='ltr'>c</span> 
     </span>
     <span class='ocr_line' id='line_1_25' title="bbox 259 2028 1606 2093; baseline 0.005 -21"><span class='ocrx_word' id='word_1_186' title='bbox 259 2028 381 2073; x_wconf 79' lang='lat' dir='ltr'>dicta</span> <span class='ocrx_word' id='word_1_187' title='bbox 404 2030 606 2087; x_wconf 75' lang='lat' dir='ltr'>patienti</span> <span class='ocrx_word' id='word_1_188' title='bbox 640 2032 800 2076; x_wconf 76' lang='lat' dir='ltr'>animo</span> <span class='ocrx_word' id='word_1_189' title='bbox 831 2033 1027 2078; x_wconf 70' lang='lat' dir='ltr'>maiores</span> <span class='ocrx_word' id='word_1_190' title='bbox 1058 2035 1252 2078; x_wconf 76' lang='lat' dir='ltr'>tulerint</span> <span class='ocrx_word' id='word_1_191' title='bbox 1268 2054 1287 2086; x_wconf 88' lang='lat'><em>;</em></span> <span class='ocrx_word' id='word_1_192' title='bbox 1327 2039 1365 2078; x_wconf 79' lang='lat' dir='ltr'>et</span> <span class='ocrx_word' id='word_1_193' title='bbox 1399 2035 1452 2078; x_wconf 81' lang='lat' dir='ltr'>de</span> <span class='ocrx_word' id='word_1_194' title='bbox 1482 2035 1606 2093; x_wconf 80' lang='lat' dir='ltr'>diffe-</span> 
     </span>
     <span class='ocr_line' id='line_1_26' title="bbox 88 2099 919 2161; baseline 0.006 -21"><span class='ocrx_word' id='word_1_195' title='bbox 88 2125 130 2161; x_wconf 75' lang='lat'>,5</span> <span class='ocrx_word' id='word_1_196' title='bbox 260 2099 411 2143; x_wconf 71' lang='lat' dir='ltr'>remia</span> <span class='ocrx_word' id='word_1_197' title='bbox 429 2100 624 2144; x_wconf 78' lang='lat' dir='ltr'>ledoriae</span> <span class='ocrx_word' id='word_1_198' title='bbox 645 2105 684 2144; x_wconf 81' lang='lat' dir='ltr'>et</span> <span class='ocrx_word' id='word_1_199' title='bbox 702 2102 919 2146; x_wconf 72' lang='lat' dir='ltr'>sco‘matis.</span> 
     </span>
    </p>
   </div>
   <div class='ocr_carea' id='block_1_6' title="bbox 88 2189 1610 2529">
    <p class='ocr_par' dir='ltr' id='par_1_9' title="bbox 146 2189 1609 2462">
     <span class='ocr_line' id='line_1_27' title="bbox 204 2189 1608 2254; baseline 0.006 -22"><span class='ocrx_word' id='word_1_200' title='bbox 204 2189 403 2234; x_wconf 89' lang='lat' dir='ltr'>Libertas</span> <span class='ocrx_word' id='word_1_201' title='bbox 435 2206 539 2250; x_wconf 89' lang='lat' dir='ltr'>ergo</span> <span class='ocrx_word' id='word_1_202' title='bbox 569 2193 624 2236; x_wconf 87' lang='lat' dir='ltr'>de</span> <span class='ocrx_word' id='word_1_203' title='bbox 658 2193 846 2251; x_wconf 86' lang='lat' dir='ltr'>singulis</span> <span class='ocrx_word' id='word_1_204' title='bbox 876 2209 957 2252; x_wconf 91' lang='lat' dir='ltr'>pro</span> <span class='ocrx_word' id='word_1_205' title='bbox 992 2196 1181 2239; x_wconf 87' lang='lat' dir='ltr'>arbitrio</span> <span class='ocrx_word' id='word_1_206' title='bbox 1213 2196 1393 2247; x_wconf 87' lang='lat' dir='ltr'>iudicat,</span> <span class='ocrx_word' id='word_1_207' title='bbox 1414 2200 1460 2240; x_wconf 93' lang='lat' dir='ltr'>et</span> <span class='ocrx_word' id='word_1_208' title='bbox 1495 2212 1608 2254; x_wconf 87' lang='lat' dir='ltr'>quae</span> 
     </span>
     <span class='ocr_line' id='line_1_28' title="bbox 146 2258 1607 2322; baseline 0.007 -22"><span class='ocrx_word' id='word_1_209' title='bbox 146 2258 265 2301; x_wconf 88' lang='lat' dir='ltr'>sanis</span> <span class='ocrx_word' id='word_1_210' title='bbox 302 2259 426 2304; x_wconf 91' lang='lat' dir='ltr'>uidet</span> <span class='ocrx_word' id='word_1_211' title='bbox 463 2262 658 2306; x_wconf 89' lang='lat' dir='ltr'>moribus</span> <span class='ocrx_word' id='word_1_212' title='bbox 696 2263 888 2313; x_wconf 81' lang='lat' dir='ltr'>obuiare,</span> <span class='ocrx_word' id='word_1_213' title='bbox 929 2266 1247 2322; x_wconf 88' lang='lat' dir='ltr'>reprehendere</span> <span class='ocrx_word' id='word_1_214' title='bbox 1286 2282 1375 2310; x_wconf 91' lang='lat' dir='ltr'>non</span> <span class='ocrx_word' id='word_1_215' title='bbox 1415 2270 1607 2310; x_wconf 90' lang='lat' dir='ltr'>ueretur.</span> 
     </span>
     <span class='ocr_line' id='line_1_29' title="bbox 148 2326 1608 2393; baseline 0.006 -23"><span class='ocrx_word' id='word_1_216' title='bbox 148 2326 300 2370; x_wconf 85' lang='lat' dir='ltr'>Nichil</span> <span class='ocrx_word' id='word_1_217' title='bbox 347 2332 495 2373; x_wconf 90' lang='lat' dir='ltr'>autem</span> <span class='ocrx_word' id='word_1_218' title='bbox 543 2331 778 2393; x_wconf 88' lang='lat' dir='ltr'>gloriosius</span> <span class='ocrx_word' id='word_1_219' title='bbox 821 2333 1028 2377; x_wconf 86' lang='lat' dir='ltr'>libertate</span> <span class='ocrx_word' id='word_1_220' title='bbox 1074 2339 1251 2392; x_wconf 87' lang='lat' dir='ltr'>praeter</span> <span class='ocrx_word' id='word_1_221' title='bbox 1299 2336 1527 2388; x_wconf 87' lang='lat' dir='ltr'>uirtutem,</span> <span class='ocrx_word' id='word_1_222' title='bbox 1570 2337 1608 2379; x_wconf 90' lang='lat' dir='ltr'>si</span> 
     </span>
     <span class='ocr_line' id='line_1_30' title="bbox 149 2397 1609 2462; baseline 0.008 -24"><span class='ocrx_word' id='word_1_223' title='bbox 149 2399 298 2439; x_wconf 89' lang='lat' dir='ltr'>tamen</span> <span class='ocrx_word' id='word_1_224' title='bbox 346 2397 526 2443; x_wconf 86' lang='lat' dir='ltr'>libertas</span> <span class='ocrx_word' id='word_1_225' title='bbox 556 2401 692 2444; x_wconf 64' lang='lat' dir='ltr'>&#39;recte</span> <span class='ocrx_word' id='word_1_226' title='bbox 740 2416 768 2445; x_wconf 91' lang='lat' dir='ltr'>a</span> <span class='ocrx_word' id='word_1_227' title='bbox 818 2403 988 2447; x_wconf 88' lang='lat' dir='ltr'>uirtute</span> <span class='ocrx_word' id='word_1_228' title='bbox 1041 2405 1302 2462; x_wconf 88' lang='lat' dir='ltr'>seiungitur.</span> <span class='ocrx_word' id='word_1_229' title='bbox 1389 2405 1609 2449; x_wconf 89' lang='lat' dir='ltr'>Omnibus</span> 
     </span>
    </p>

    <p class='ocr_par' dir='ltr' id='par_1_10' title="bbox 88 2464 1610 2529">
     <span class='ocr_line' id='line_1_31' title="bbox 88 2464 1610 2529; baseline 0.008 -23"><span class='ocrx_word' id='word_1_230' title='bbox 88 2477 133 2512; x_wconf 77' lang='lat'>30</span> <span class='ocrx_word' id='word_1_231' title='bbox 149 2464 266 2507; x_wconf 87' lang='lat' dir='ltr'>enim</span> <span class='ocrx_word' id='word_1_232' title='bbox 299 2468 415 2510; x_wconf 88' lang='lat' dir='ltr'>recte</span> <span class='ocrx_word' id='word_1_233' title='bbox 446 2468 718 2525; x_wconf 88' lang='lat' dir='ltr'>sapientibus</span> <span class='ocrx_word' id='word_1_234' title='bbox 757 2471 898 2528; x_wconf 90' lang='lat' dir='ltr'>liquet</span> <span class='ocrx_word' id='word_1_235' title='bbox 933 2473 1038 2529; x_wconf 89' lang='lat' dir='ltr'>quia</span> <span class='ocrx_word' id='word_1_236' title='bbox 1069 2473 1251 2516; x_wconf 85' lang='lat' dir='ltr'>libertas</span> <span class='ocrx_word' id='word_1_237' title='bbox 1284 2489 1390 2517; x_wconf 89' lang='lat' dir='ltr'>uera</span> <span class='ocrx_word' id='word_1_238' title='bbox 1430 2475 1610 2518; x_wconf 90' lang='lat' dir='ltr'>aliunde</span> 
     </span>
    </p>
   </div>
   <div class='ocr_carea' id='block_1_7' title="bbox 147 2574 1607 2667">
    <p class='ocr_par' dir='ltr' id='par_1_11' title="bbox 147 2574 1607 2667">
     <span class='ocr_line' id='line_1_32' title="bbox 151 2574 1607 2629; baseline 0.008 -19"><span class='ocrx_word' id='word_1_239' title='bbox 151 2583 194 2619; x_wconf 86' lang='lat'>14</span> <span class='ocrx_word' id='word_1_240' title='bbox 218 2575 393 2612; x_wconf 83' lang='lat' dir='ltr'>retondet</span> <span class='ocrx_word' id='word_1_241' title='bbox 408 2574 447 2611; x_wconf 82' lang='lat'>0¹</span> <span class='ocrx_word' id='word_1_242' title='bbox 466 2588 476 2614; x_wconf 71' lang='grc' dir='ltr'><strong>ε</strong></span> <span class='ocrx_word' id='word_1_243' title='bbox 501 2577 680 2616; x_wconf 86' lang='lat' dir='ltr'>recondet</span> <span class='ocrx_word' id='word_1_244' title='bbox 697 2577 834 2616; x_wconf 85' lang='lat' dir='ltr'>c¹BAs</span> <span class='ocrx_word' id='word_1_245' title='bbox 956 2590 1000 2627; x_wconf 90' lang='lat'>19</span> <span class='ocrx_word' id='word_1_246' title='bbox 1020 2587 1102 2628; x_wconf 76' lang='lat' dir='ltr'>poet</span> <span class='ocrx_word' id='word_1_247' title='bbox 1116 2580 1375 2629; x_wconf 87' lang='lat' dir='ltr'>iudiciumque</span> <span class='ocrx_word' id='word_1_248' title='bbox 1391 2585 1476 2620; x_wconf 81' lang='lat' dir='ltr'>add.</span> <span class='ocrx_word' id='word_1_249' title='bbox 1493 2585 1550 2621; x_wconf 83' lang='lat' dir='ltr'>est</span> <span class='ocrx_word' id='word_1_250' title='bbox 1567 2583 1607 2620; x_wconf 79' lang='lat' dir='ltr'>M</span> 
     </span>
     <span class='ocr_line' id='line_1_33' title="bbox 147 2622 658 2667; baseline 0.006 -10"><span class='ocrx_word' id='word_1_251' title='bbox 147 2622 193 2658; x_wconf 88' lang='lat'>28</span> <span class='ocrx_word' id='word_1_252' title='bbox 213 2627 296 2667; x_wconf 71' lang='lat' dir='ltr'>post</span> <span class='ocrx_word' id='word_1_253' title='bbox 311 2624 436 2660; x_wconf 84' lang='lat' dir='ltr'>autem</span> <span class='ocrx_word' id='word_1_254' title='bbox 452 2626 534 2661; x_wconf 80' lang='lat' dir='ltr'>add.</span> <span class='ocrx_word' id='word_1_255' title='bbox 551 2627 608 2662; x_wconf 83' lang='lat' dir='ltr'>est</span> <span class='ocrx_word' id='word_1_256' title='bbox 623 2625 658 2660; x_wconf 79' lang='lat' dir='ltr'>A</span> 
     </span>
    </p>
   </div>
   <div class='ocr_carea' id='block_1_8' title="bbox 147 2719 1608 2913">
    <p class='ocr_par' dir='ltr' id='par_1_12' title="bbox 147 2719 1608 2913">
     <span class='ocr_line' id='line_1_34' title="bbox 197 2719 1606 2773; baseline 0.008 -20"><span class='ocrx_word' id='word_1_257' title='bbox 197 2726 215 2764; x_wconf 86' lang='lat'>5</span> <span class='ocrx_word' id='word_1_258' title='bbox 242 2719 363 2772; x_wconf 70' lang='lat' dir='ltr'>IuJius</span> <span class='ocrx_word' id='word_1_259' title='bbox 381 2721 490 2757; x_wconf 67' lang='lat' dir='ltr'>Cesar</span> <span class='ocrx_word' id='word_1_260' title='bbox 504 2723 595 2759; x_wconf 86' lang='lat' dir='ltr'>etc.:</span> <span class='ocrx_word' id='word_1_261' title='bbox 614 2735 647 2760; x_wconf 84' lang='lat' dir='ltr'>v.</span> <span class='ocrx_word' id='word_1_262' title='bbox 663 2723 748 2761; x_wconf 80' lang='lat' dir='ltr'>val.</span> <span class='ocrx_word' id='word_1_263' title='bbox 767 2723 867 2760; x_wconf 83' lang='lat' dir='ltr'>Max.</span> <span class='ocrx_word' id='word_1_264' title='bbox 886 2737 917 2760; x_wconf 90' lang='lat' dir='ltr'>v.</span> <span class='ocrx_word' id='word_1_265' title='bbox 939 2735 954 2762; x_wconf 88' lang='lat'>1</span> <span class='ocrx_word' id='word_1_266' title='bbox 977 2725 995 2773; x_wconf 66' lang='grc' dir='ltr'><strong>ξ</strong></span> <span class='ocrx_word' id='word_1_267' title='bbox 1019 2737 1073 2763; x_wconf 86' lang='grc' dir='ltr'>ιο.</span> <span class='ocrx_word' id='word_1_268' title='bbox 1210 2738 1245 2763; x_wconf 84' lang='lat'>11</span> <span class='ocrx_word' id='word_1_269' title='bbox 1275 2729 1445 2764; x_wconf 81' lang='lat' dir='ltr'>Andria:</span> <span class='ocrx_word' id='word_1_270' title='bbox 1470 2741 1503 2763; x_wconf 88' lang='lat' dir='ltr'>v.</span> <span class='ocrx_word' id='word_1_271' title='bbox 1521 2728 1606 2764; x_wconf 86' lang='lat' dir='ltr'>Ter.</span> 
     </span>
     <span class='ocr_line' id='line_1_35' title="bbox 147 2765 1607 2822; baseline 0.008 -22"><span class='ocrx_word' id='word_1_272' title='bbox 147 2765 245 2802; x_wconf 73' lang='lat' dir='ltr'>And.</span> <span class='ocrx_word' id='word_1_273' title='bbox 277 2777 307 2819; x_wconf 46' lang='grc' dir='ltr'>ι..</span> <span class='ocrx_word' id='word_1_274' title='bbox 332 2776 361 2802; x_wconf 92' lang='lat'>1.</span> <span class='ocrx_word' id='word_1_275' title='bbox 392 2777 434 2813; x_wconf 82' lang='lat'>35</span> <span class='ocrx_word' id='word_1_276' title='bbox 453 2779 552 2815; x_wconf 77' lang='lat' dir='ltr'>seqq.</span> <span class='ocrx_word' id='word_1_277' title='bbox 768 2781 809 2816; x_wconf 87' lang='lat'>13</span> <span class='ocrx_word' id='word_1_278' title='bbox 835 2774 1084 2819; x_wconf 56' lang='lat' dir='ltr'>Augustinus:</span> <span class='ocrx_word' id='word_1_279' title='bbox 1120 2773 1227 2810; x_wconf 85' lang='lat' dir='ltr'>Nihil</span> <span class='ocrx_word' id='word_1_280' title='bbox 1256 2774 1472 2811; x_wconf 86' lang='lat' dir='ltr'>huiusmodi</span> <span class='ocrx_word' id='word_1_281' title='bbox 1505 2777 1607 2822; x_wconf 85' lang='lat' dir='ltr'>apud</span> 
     </span>
     <span class='ocr_line' id='line_1_36' title="bbox 149 2811 1608 2866; baseline 0.008 -19"><span class='ocrx_word' id='word_1_282' title='bbox 149 2811 402 2866; x_wconf 46' lang='lat' dir='ltr'>§agustinum</span> <span class='ocrx_word' id='word_1_283' title='bbox 427 2815 549 2852; x_wconf 87' lang='lat' dir='ltr'>adhuc</span> <span class='ocrx_word' id='word_1_284' title='bbox 573 2816 740 2854; x_wconf 83' lang='lat' dir='ltr'>invenire</span> <span class='ocrx_word' id='word_1_285' title='bbox 764 2818 884 2864; x_wconf 90' lang='lat' dir='ltr'>potui.</span> <span class='ocrx_word' id='word_1_286' title='bbox 1049 2823 1088 2857; x_wconf 86' lang='lat'>18</span> <span class='ocrx_word' id='word_1_287' title='bbox 1115 2823 1148 2856; x_wconf 74' lang='lat' dir='ltr'>si</span> <span class='ocrx_word' id='word_1_288' title='bbox 1172 2823 1272 2858; x_wconf 85' lang='lat' dir='ltr'>mala</span> <span class='ocrx_word' id='word_1_289' title='bbox 1295 2824 1391 2860; x_wconf 86' lang='lat' dir='ltr'>etc.:</span> <span class='ocrx_word' id='word_1_290' title='bbox 1418 2823 1507 2859; x_wconf 91' lang='lat' dir='ltr'>Hor.</span> <span class='ocrx_word' id='word_1_291' title='bbox 1531 2825 1608 2859; x_wconf 82' lang='lat' dir='ltr'>Sat.</span> 
     </span>
     <span class='ocr_line' id='line_1_37' title="bbox 149 2861 1219 2913; baseline 0.01 -19"><span class='ocrx_word' id='word_1_292' title='bbox 149 2871 190 2896; x_wconf 88' lang='lat' dir='ltr'>u.</span> <span class='ocrx_word' id='word_1_293' title='bbox 214 2869 242 2895; x_wconf 91' lang='lat'>1.</span> <span class='ocrx_word' id='word_1_294' title='bbox 262 2861 316 2903; x_wconf 89' lang='lat'>82,</span> <span class='ocrx_word' id='word_1_295' title='bbox 333 2861 390 2907; x_wconf 89' lang='lat'>83.</span> <span class='ocrx_word' id='word_1_296' title='bbox 547 2873 592 2900; x_wconf 81' lang='lat'>22</span> <span class='ocrx_word' id='word_1_297' title='bbox 617 2867 774 2911; x_wconf 71' lang='lat' dir='ltr'>turpiter</span> <span class='ocrx_word' id='word_1_298' title='bbox 789 2867 882 2902; x_wconf 62' lang='lat' dir='ltr'>eta:</span> <span class='ocrx_word' id='word_1_299' title='bbox 909 2866 999 2904; x_wconf 86' lang='lat' dir='ltr'>Hor.</span> <span class='ocrx_word' id='word_1_300' title='bbox 1017 2870 1062 2904; x_wconf 77' lang='lat' dir='ltr'>A.</span> <span class='ocrx_word' id='word_1_301' title='bbox 1079 2870 1120 2904; x_wconf 90' lang='lat' dir='ltr'>P.</span> <span class='ocrx_word' id='word_1_302' title='bbox 1139 2870 1219 2913; x_wconf 88' lang='lat'>284.</span> 
     </span>
    </p>
   </div>
   <div class='ocr_carea' id='block_1_9' title="bbox 203 2915 1499 2967">
    <p class='ocr_par' dir='ltr' id='par_1_13' title="bbox 203 2915 1499 2967">
     <span class='ocr_line' id='line_1_38' title="bbox 203 2915 1499 2967; baseline 0.005 -18"><span class='ocrx_word' id='word_1_303' title='bbox 203 2930 283 2950; x_wconf 73' lang='lat' dir='ltr'>wnu</span> <span class='ocrx_word' id='word_1_304' title='bbox 298 2930 318 2950; x_wconf 85' lang='lat' dir='ltr'>u</span> <span class='ocrx_word' id='word_1_305' title='bbox 839 2927 864 2954; x_wconf 77' lang='lat'>1·</span> <span class='ocrx_word' id='word_1_306' title='bbox 883 2915 905 2954; x_wconf 83' lang='lat' dir='ltr'><strong>f</strong></span> <span class='ocrx_word' id='word_1_307' title='bbox 1436 2934 1499 2967; x_wconf 76' lang='lat'>217</span> 
     </span>
    </p>
   </div>
  </div>
 </body>
</html>
