1988 3250
241 233 325 273 729
344 227 370 263 e
689 219 889 264 IOANN
890 219 950 264 IS
990 217 1503 264 SARESBERIENSIS
1634 215 1744 277 [ΗΒ.
1758 224 1852 262 VIII

388 341 663 399 Campanam
696 341 922 384 luxuriam
955 340 1057 384 urbi
1091 340 1229 383 fuisse
1266 339 1502 397 perutilem
1543 339 1854 384 historicorum

388 410 643 455 testimonio
673 410 842 454 celebre
875 413 962 462 est;
993 410 1212 453 inuictum
1246 409 1363 452 enim
1394 409 1530 452 armis
1556 409 1854 452 Hannibalem

388 480 605 524 illecebris
624 480 716 523 suis
735 479 964 536 complexa
984 479 1183 522 Romano
1206 478 1340 520 militi
1367 478 1634 521 uincendum
1654 477 1855 521 tradidit.

388 550 474 593 Illa
481 549 873 607 uigilantissimum
881 548 1048 598 ducem,
1055 548 1132 590 illa
1139 548 1382 591 exercitum
1396 547 1657 591 acerrimum
1667 547 1856 604 dapibus

341 623 371 663 d
389 619 537 676 largis,
544 618 822 662 habundanti
835 618 941 660 uino
954 620 1283 674 unguentorum
1296 617 1557 674 fragrantia,
1570 616 1755 660 Veneris
1770 629 1855 659 usu
1872 628 1895 666 s

389 689 620 732 lasciuiore
636 688 692 730 ad
708 702 940 744 sompnum
957 689 1002 729 et
1017 686 1193 729 delitias
1209 686 1423 729 euocauit.
1482 687 1547 729 Ac
1563 689 1660 729 tum
1676 686 1855 728 demum

388 757 533 801 fracta
553 761 599 800 et
617 759 801 800 contusa
820 756 986 799 Punica
1006 755 1162 798 feritas
1182 758 1260 806 est,
1280 770 1379 798 cum
1399 754 1601 812 Seplasia
1620 758 1665 798 et
1680 755 1856 798 Albana

388 830 534 870 castra
557 841 650 869 esse
670 828 920 883 coeperunt.
980 825 1099 878 Quid
1119 839 1224 882 ergo
1251 825 1376 867 uitiis
1396 825 1484 868 hiis
1504 824 1650 868 fedius
1670 827 1716 868 et
1735 824 1855 866 dam-

387 896 570 953 pnosius
605 895 766 952 quibus
805 895 952 937 uirtus
987 894 1209 944 atteritur,
1249 894 1463 937 uictoriae
1502 894 1856 951 relanguescunt,

388 965 534 1022 sopita
554 964 697 1021 gloria
716 964 763 1006 in
784 963 1016 1006 infamiam
1037 963 1231 1006 uertitur
1250 963 1475 1019 animique
1494 963 1664 1020 pariter
1687 966 1733 1006 et
1761 978 1854 1006 cor·-
1876 978 1919 1004 ro

387 1033 508 1091 poris
533 1033 652 1076 uires
672 1033 782 1076 adeo
807 1034 1124 1090 expugnantur
1152 1035 1205 1074 ut
1234 1032 1404 1074 nescias
1433 1032 1492 1074 ab
1518 1032 1777 1075 hostibusne
1797 1047 1855 1075 an

387 1103 445 1146 ab
471 1103 560 1145 illis
583 1102 680 1159 capi
705 1101 993 1159 perniciosius
1020 1101 1273 1144 habendum
1300 1101 1390 1146 sitz
1450 1102 1567 1144 Vrbs
1587 1101 1856 1145 Volumnen-

387 1173 515 1223 sium,
535 1172 747 1229 opulenta
766 1171 951 1222 diuitiis,
970 1173 1129 1213 ornata
1155 1170 1353 1214 moribus
1374 1174 1419 1214 et
1439 1171 1612 1228 legibus
1638 1171 1856 1223 ordinata,

386 1245 522 1299 caput
543 1241 748 1284 Etruriae
769 1240 1030 1283 habebatur.
1092 1239 1180 1283 Sed
1201 1243 1436 1297 postquam
1451 1240 1632 1283 luxuria
1651 1240 1857 1298 prolapsa

387 1314 466 1362 est,
498 1311 545 1353 in
577 1309 849 1368 profundum
884 1309 1149 1352 iniuriarum
1185 1312 1231 1352 et
1264 1310 1559 1367 turpitudinis
1594 1309 1769 1361 decidit,
1803 1313 1857 1353 ut
1877 1323 1918 1359 τε

387 1395 617 1424 seruorum
667 1394 713 1422 se
756 1379 1125 1422 insolentissimae
1171 1379 1463 1422 dominationi
1510 1379 1740 1430 subiceret,
1779 1379 1856 1436 qui

238 1469 322 1510 730
338 1470 370 1500 a
388 1449 520 1507 primi
561 1448 798 1491 admodum
838 1448 968 1505 pauci
1004 1448 1275 1491 senatorium
1311 1448 1510 1491 ordinem
1546 1448 1714 1491 intrare
1748 1448 1857 1499 ausi,

387 1533 493 1562 mox
513 1518 767 1561 uniuersam
789 1531 880 1560 rem
902 1516 1126 1573 publicam
1152 1520 1492 1574 occupauerunt,
1513 1519 1781 1560 testamenta
1799 1517 1858 1560 ad

387 1586 623 1630 arbitrium
644 1601 773 1629 suum
795 1586 927 1629 scribi
949 1585 1173 1636 iubebant,
1188 1586 1395 1629 conuiuia
1414 1589 1624 1642 cetusque
1644 1585 1856 1643 ingenuo-

386 1671 487 1699 rum
506 1655 603 1699 fieri
628 1655 857 1706 uetabant,
878 1654 1100 1698 ducebant
1129 1654 1244 1697 filias
1275 1655 1569 1698 dominorum.
1630 1654 1857 1698 Postremo
1877 1674 1920 1701 20

389 1725 483 1784 lege
495 1728 741 1768 sanxerunt
753 1727 805 1767 ut
814 1727 994 1781 strupra
1005 1738 1086 1767 sua
1098 1723 1144 1766 in
1157 1724 1306 1767 uiduis
1319 1724 1488 1781 pariter
1499 1728 1632 1782 atque
1643 1725 1691 1769 in
1704 1725 1858 1782 nuptis

387 1795 610 1852 impunita
639 1796 797 1845 essent,
827 1808 878 1837 ac
908 1808 964 1836 ne
995 1808 1083 1850 qua
1109 1793 1238 1850 uirgo
1269 1794 1461 1851 ingenuo
1503 1795 1702 1846 nuberet,
1732 1795 1858 1839 cuius

386 1864 638 1908 castitatem
664 1878 754 1906 non
783 1866 887 1906 ante
911 1862 1073 1919 aliquis
1094 1877 1150 1906 ex
1177 1877 1361 1906 numero
1392 1863 1588 1920 ipsorum
1609 1864 1858 1909 delibasset.

387 1934 558 1991 Esopus
583 1932 794 1990 tragedus
815 1932 1008 1975 furiosae
1039 1932 1243 1975 luxuriae
1264 1932 1466 1990 depingit
1486 1933 1704 1984 iuuenem,
1725 1948 1857 1991 quem

385 2006 562 2047 constat
576 2005 700 2046 aceto
716 2000 978 2058 liquefactos
993 2001 1175 2058 grandis
1190 2015 1387 2044 summae
1403 2002 1588 2045 uniones
1603 2003 1858 2060 potionibus
1878 2023 1919 2060 ²5

387 2086 619 2130 aspergere
639 2071 832 2122 solitum,
851 2073 903 2113 ut
923 2070 1242 2127 amplissimum
1264 2071 1580 2127 patrimonium
1601 2076 1748 2129 posset
1767 2087 1859 2116 una

388 2140 709 2185 sorbitiuncula
752 2139 984 2197 deglutire.
1057 2139 1261 2182 Metellus
1303 2139 1407 2183 Pius
1457 2141 1514 2183 ab
1563 2142 1633 2185 his
1673 2142 1749 2199 qui
1789 2156 1860 2186 res

388 2210 695 2254 memorabiles
722 2209 923 2253 scribunt
943 2209 1150 2267 arguitur
1173 2210 1290 2266 quod
1316 2225 1361 2257 se
1389 2210 1479 2254 aris
1500 2214 1545 2254 et
1565 2211 1698 2255 thure
1717 2212 1857 2269 patie-

389 2324 411 2358 ⁴
437 2312 644 2350 acerimum
661 2311 765 2348 GBS*
932 2321 950 2359 5
977 2311 1186 2348 abundanti
1204 2312 1252 2348 A²
1408 2315 1431 2350 6
1457 2326 1631 2351 somnum
1650 2314 1678 2351 C
1836 2316 1858 2354 8

389 2361 463 2398 hiis
480 2372 570 2407 ergo
588 2359 612 2395 S
629 2371 637 2396 :
665 2359 723 2396 hi·
740 2370 829 2406 ergo
847 2358 887 2395 M
983 2359 1057 2395 hiis
1073 2359 1178 2396 uitiis
1198 2361 1227 2396 B
1341 2361 1374 2404 8,
1395 2372 1417 2406 9
1442 2362 1657 2399 damnosius
1673 2362 1700 2399 C
1815 2373 1860 2401 ιο

390 2420 474 2455 -que
493 2408 638 2455 puriter
654 2419 722 2443 om.
742 2406 778 2442 M
905 2416 957 2449 ¹2.
981 2417 1023 2452 13
1049 2406 1322 2444 uolumensium
1338 2408 1476 2445 C'BM:
1503 2409 1797 2447 uolumiensium
1815 2410 1860 2447 0¹

396 2466 438 2499 ¹4
458 2454 634 2491 Etruriae
652 2467 696 2490 ex
713 2455 790 2490 ναι.
804 2455 907 2490 Max.
922 2459 1018 2489 textu
1037 2457 1179 2490 restitui
1189 2468 1195 2491 :
1214 2458 1254 2492 et
1271 2456 1373 2492 curie
1391 2456 1555 2492 CBASM
1655 2467 1695 2503 17
1712 2460 1859 2495 senato-

391 2514 474 2539 rum
493 2502 531 2538 M
641 2512 683 2548 ¹9
708 2501 903 2549 iubebant]
922 2501 1106 2538 uidebant
1125 2501 1164 2538 M
1271 2513 1315 2549 23
1342 2503 1525 2552 ipsorum]
1544 2504 1749 2552 impiorum
1767 2505 1806 2542 M

443 2604 456 2631 ι
489 2596 576 2631 Cam
604 2606 714 2630 anam
733 2595 922 2629 tumr-fam
940 2596 1036 2630 etc.:
1063 2605 1094 2630 v.
1113 2593 1196 2630 Val.
1217 2594 1316 2630 Max.
1335 2594 1384 2631 ix.
1409 2606 1437 2632 1.
1457 2597 1530 2633 ext.
1553 2605 1584 2633 1.
1699 2606 1740 2633 12
1773 2598 1861 2634 Vrbs

389 2644 485 2680 σίας
510 2653 543 2679 v.
595 2641 643 2678 al.
661 2641 759 2677 Max.
780 2640 828 2677 ix.
854 2652 881 2677 ι.
901 2644 976 2678 ext.
999 2651 1029 2677 2.
1171 2652 1223 2685 12,
1245 2652 1286 2687 ¹3
1318 2644 1632 2680 Volumnenm'um:
1664 2645 1861 2682 Volaen'm'en-

390 2692 487 2726 cium
504 2688 587 2725 val.
607 2688 704 2725 Max.
874 2698 917 2732 2⁴
945 2689 1085 2735 &oopus
1101 2690 1171 2725 etc.
1189 2701 1197 2726 ε
1226 2701 1257 2726 v.
1278 2689 1358 2725 Val.
1381 2690 1478 2727 Max.
1497 2691 1545 2727 ix.
1570 2702 1600 2728 1.
1619 2702 1653 2728 2.
1813 2702 1834 2729 2

390 2738 676 2774 sorbitiuncula:
717 2735 797 2772 Hoc
819 2735 1169 2782 vocabulum,quod
1197 2737 1414 2773 recentioris
1444 2737 1663 2775 Latinitatis
1689 2744 1757 2786 est,
1775 2739 1832 2777 Va
1849 2766 1857 2776 .

391 2785 492 2821 Max.
510 2795 587 2820 non
605 2782 730 2820 habet.
826 2785 991 2819 Metellus
1008 2785 1097 2820 Pius
1109 2786 1206 2821 etc.:
1233 2796 1263 2821 v.
1283 2784 1366 2820 Val.
1386 2785 1486 2822 Max.
1504 2785 1552 2822 ix.
1575 2796 1604 2822 ι.
1625 2795 1655 2833 5.
1801 2797 1857 2832 27,

390 2833 436 2869 28
461 2833 506 2867 ab
528 2833 584 2867 hic
656 2833 669 2866 i
693 2842 748 2866 res
772 2831 1014 2867 memorabiles
1036 2832 1216 2867 oct-ibunt:
1244 2831 1268 2868 i.
1282 2843 1314 2869 e.
1340 2844 1363 2869 a
1389 2832 1539 2870 Valerio
1563 2832 1740 2879 Maximo,
1753 2833 1860 2873 cuiun

391 2878 478 2917 libri
502 2878 614 2915 insen
643 2881 759 2915 untur
774 2880 960 2925 sactorum
985 2884 1017 2915 ee
1041 2880 1217 2916 dictorum
1242 2882 1536 2918 mernor-abilinam.

500 2933 570 2969 ⁸60
