1988 3250
149 231 250 264 eAr.
263 217 361 279 111]
677 217 1114 263 POLICRATICVS
1633 222 1711 272 758
1730 222 1760 264 d

149 353 262 398 quae
300 338 488 382 maiores
526 336 668 380 nostri
708 336 914 394 ingenuis
961 336 1124 393 probro
1162 336 1315 380 ducier
1352 337 1617 391 uoluerunt3

149 410 268 459 eunt,
287 408 482 464 inquam,
508 405 556 448 in
582 405 738 448 ludum
764 404 1045 447 saltatorium
1072 405 1191 448 inter
1217 406 1394 449 oinedos
1420 407 1618 464 uirgines

149 476 361 536 puerique
380 474 575 532 ingenui.
625 474 748 516 Haec
768 487 869 516 oum
885 473 1121 530 quisquam
1141 474 1276 517 miehi
1297 475 1510 526 narrabit,
1526 490 1617 518 non

148 549 348 604 poteram
368 545 567 587 animum
587 543 796 586 inducere
826 557 878 585 ea
902 541 1063 585 liberos
1090 556 1194 585 suos
1220 542 1420 586 homines
1447 545 1618 588 nobiles

113 631 133 666 5
149 615 315 659 docere.
374 613 463 658 Sed
491 627 592 657 cum
621 612 782 655 ductus
811 625 910 655 sum
940 611 988 654 in
1017 611 1173 654 ludum
1207 612 1488 655 saltatorium
1518 613 1619 670 plus

149 683 454 728 mediusfidius
474 682 522 724 in
541 696 594 725 eo
612 681 719 725 ludo
737 681 833 723 uidi
859 680 1010 738 pueris
1036 680 1375 738 uirginibusque
1402 682 1618 726 ducentis.

149 754 206 799 In
234 753 316 804 his,
346 752 464 810 quod
494 766 565 794 me
594 751 659 794 rei
697 750 899 808 publicae
928 750 1123 794 maxime
1152 750 1383 794 misertum
1414 755 1493 802 est,
1522 752 1617 794 uidi

149 837 289 867 unum
303 822 446 866 filium
461 821 677 879 petitoris,
689 834 875 878 puerum
896 820 1127 870 bullatum,
1141 834 1231 863 non
1252 820 1467 864 minorem
1487 822 1618 865 annis

150 892 393 943 duodecim,
432 906 532 935 cum
582 890 761 934 crotalis
803 889 977 933 saltare.
1056 889 1243 947 (Croton
1283 890 1422 934 Grece
1460 891 1616 949 pulsus

92 973 135 1000 10
151 961 316 1006 dicitur
349 964 395 1005 et
425 960 528 1004 inde
562 959 751 1004 cimbala
781 959 845 1003 sic
874 959 1110 1012 dicuntur3
1141 959 1213 1002 uel
1242 960 1460 1003 musicum
1491 964 1620 1004 notat

150 1031 497 1075 instrumentum
517 1029 635 1087 quod
658 1029 707 1072 in
726 1043 834 1072 sono
857 1043 1010 1072 uocem
1036 1028 1229 1072 ciconiae
1255 1029 1484 1083 imitatur;
1513 1044 1618 1072 nam

150 1101 248 1159 ipsa
276 1100 395 1158 apud
435 1099 638 1158 Egiptios
676 1098 870 1143 crotalus
907 1099 1185 1156 appellatur;
1236 1099 1405 1143 crotala.
1443 1113 1618 1157 quoque
1635 1112 1714 1154 759
1736 1112 1767 1142 a

151 1171 363 1215 dicuntur
389 1183 572 1213 sonorae
601 1168 803 1226 sperulae
833 1182 946 1225 quae
985 1168 1250 1226 quibusdam
1289 1168 1442 1226 granis
1480 1169 1618 1212 inter·

150 1239 308 1298 positis
339 1254 422 1297 pro
454 1238 707 1296 quantitate
745 1237 815 1280 sui
845 1240 892 1280 et
924 1237 1068 1294 specie
1102 1237 1272 1281 metalli
1305 1238 1454 1282 uarios
1488 1253 1619 1282 sonos

93 1320 133 1357 τε
153 1308 321 1367 edunt.)
391 1307 535 1362 Quam
573 1307 855 1350 saltationem
903 1306 1152 1364 impudicus
1191 1307 1396 1350 seruulus
1435 1308 1619 1352 honeste

151 1378 314 1422 saltare
342 1392 431 1421 non
460 1380 618 1435 posset.
679 1376 808 1420 Patet
838 1390 943 1434 ergo
963 1379 1132 1433 quanto
1158 1377 1319 1420 affectu
1350 1377 1619 1435 ingemuerit

150 1447 402 1492 Affricanus
417 1446 534 1504 quod
549 1445 735 1489 uidisset
749 1460 849 1489 cum
865 1446 1044 1489 crotalis
1063 1446 1226 1490 saltare
1241 1446 1383 1489 filium
1404 1447 1620 1504 petitoris,

151 1517 199 1562 id
223 1519 291 1560 est
317 1516 553 1567 candidati,
574 1530 704 1573 quem
731 1530 787 1559 ne
813 1530 914 1559 cum
939 1515 1117 1572 quidem
1137 1530 1238 1574 spes
1263 1519 1310 1560 et
1340 1516 1456 1560 ratio
1476 1516 1619 1574 adipi-

152 1587 300 1631 scendi
320 1586 622 1644 magistratus,
638 1599 725 1642 quo
744 1588 942 1642 tempore
962 1600 1009 1628 se
1029 1599 1218 1643 suosque
1237 1586 1296 1629 ab
1315 1586 1435 1629 omni
1456 1586 1618 1644 probro

94 1669 139 1699 σο
154 1656 308 1700 debuit
326 1655 571 1706 uendicare,
583 1655 780 1712 potuerit
799 1655 1026 1699 cohercere
1042 1669 1130 1712 quo
1145 1656 1293 1699 minus
1314 1656 1481 1699 faceret
1500 1656 1618 1713 quod

153 1725 320 1770 scilicet
338 1728 468 1783 turpe
488 1739 577 1768 non
607 1725 867 1768 habebatur.
927 1724 1047 1768 Nam
1076 1728 1123 1768 et
1146 1725 1204 1768 ab
1227 1740 1279 1769 eo
1306 1728 1504 1783 tempore
1532 1740 1620 1783 quo

153 1795 332 1853 optimis
350 1795 548 1838 moribus
571 1794 619 1837 in
646 1794 756 1838 urbe
783 1794 1215 1845 uiuebatur,scilicet
1241 1795 1362 1838 inter
1387 1795 1476 1838 duo
1504 1795 1620 1839 bella

154 1863 333 1917 Punica,
350 1864 534 1922 ingenui
560 1863 645 1907 filii
671 1866 926 1907 senatorum
946 1864 995 1907 in
1015 1864 1171 1907 ludum
1195 1864 1478 1908 saltatorium
1503 1879 1619 1909 com-

154 1933 362 1977 meabant
380 1935 427 1977 et
444 1933 536 1977 illic
562 1933 729 1977 crotala
754 1936 981 1991 gestantes
1007 1933 1170 1977 saltare
1197 1934 1436 1978 discebant.
1495 1935 1621 1978 Adeo

98 2011 139 2048 ¹⁵
155 2002 334 2060 quidem
371 2004 426 2046 ut
462 2002 520 2045 ab
566 2002 768 2060 heroycis
807 2003 1028 2047 conuiuiis
1067 2018 1347 2061 nequaquam
1395 2007 1621 2048 arceretur
1637 2007 1667 2047 b

155 2071 286 2115 ludus
305 2071 583 2124 saltatorium
605 2087 709 2115 nam
724 2076 770 2116 et
785 2073 1059 2116 Socraticum
1075 2073 1335 2131 simposium
1351 2074 1409 2116 ab
1428 2074 1620 2118 auctori·

156 2143 251 2184 tate
278 2140 648 2198 philosophorum,
678 2142 754 2199 qui
783 2142 876 2186 illic
905 2146 1216 2194 conuenerant,
1246 2143 1416 2187 celebre
1447 2147 1541 2195 est3
1572 2147 1619 2187 et

156 2211 307 2253 tamen
325 2223 415 2252 non
432 2209 579 2253 defuit
597 2210 675 2267 qui
687 2211 770 2254 sub
789 2212 968 2254 illorum
983 2213 1219 2270 supercilio
1234 2216 1406 2270 peteret
1420 2213 1622 2256 saltriam

157 2276 397 2322 intromitti
426 2282 478 2322 ut
505 2279 652 2336 puella
680 2294 815 2338 supra
842 2285 1051 2324 naturam
1081 2282 1255 2325 mollior
1283 2297 1445 2326 canora
1475 2282 1621 2326 dulce·

158 2380 226 2425 ²..ss
280 2371 369 2408 edos
383 2371 424 2407 M
591 2381 612 2417 3
631 2371 753 2426 ’michi
760 2371 970 2455 {nimam
986 2372 1056 2410 0²8
1174 2374 1356 2411 narrabat
1374 2373 1441 2410 SM
1599 2384 1623 2421 9

156 2429 211 2453 xu
447 2428 489 2455 12
513 2421 684 2466 egyptlos
700 2419 757 2455 BS
967 2420 1130 2458 crotalia
1145 2421 1177 2457 A
1355 2432 1404 2458 20
1426 2421 1623 2460 uindicare

158 2463 320 2501 GBASM
459 2473 502 2512 25
528 2465 718 2513 herotycis
736 2467 767 2503 B
909 2468 954 2505 26
978 2468 1195 2506 saltatorius
1210 2468 1320 2505 ludus
1338 2468 1363 2506 S

206 2549 229 2585 9
257 2540 388 2575 Croton
423 2541 518 2577 etc.:
566 2540 668 2578 Haec
700 2542 826 2589 verba,
858 2554 975 2598 usque
1007 2543 1057 2581 ad
1088 2546 1211 2590 edunt,
1237 2556 1316 2581 non
1346 2556 1392 2582 ex
1425 2544 1622 2582 Macrobio

157 2586 358 2633 desumpta
373 2589 474 2630 sunt,
493 2587 557 2624 sed
572 2588 622 2624 ad
637 2591 810 2626 crotalum
832 2591 1099 2637 exphoandum
1124 2603 1147 2628 a
1168 2592 1311 2630 Ioanne
1337 2595 1464 2630 nostro
1489 2593 1622 2630 addita

158 2635 272 2676 sunt3
297 2644 370 2679 quo
393 2636 521 2671 autem
542 2637 707 2682 auctore,
723 2636 870 2682 nescio;
896 2638 971 2674 nisi
991 2640 1091 2685 quod
1112 2651 1236 2686 pauca
1260 2651 1307 2677 ex
1335 2640 1389 2676 eis
1406 2642 1558 2677 exstant
1581 2640 1622 2676 in

158 2679 298 2727 Papiae
322 2681 453 2717 Lex-ico
477 2693 538 2718 av.
557 2687 682 2726 crotos,
707 2683 774 2720 ubi
797 2684 833 2721 le
863 2684 982 2723 imus:
1014 2688 1138 2723 Crotos
1156 2689 1287 2723 Graece
1305 2690 1439 2734 pulsus
1462 2690 1624 2733 dicitur,-

158 2728 244 2764 hinc
260 2729 459 2774 cymbalum
474 2729 611 2766 dicitur
623 2742 648 2766 a
657 2732 773 2776 pulsu
790 2731 803 2777 (
854 2760 863 2768 .
878 2732 972 2769 Ven.
996 2744 1082 2780 1491
1103 2734 1167 2771 fol.
1187 2734 1265 2780 41).
1366 2745 1407 2789 ¹3
1422 2737 1621 2789 ‚sper-ulae:

158 2774 185 2811 i.
198 2786 230 2812 e.
257 2774 490 2822 sphaerulae.
657 2778 699 2813 16
722 2779 933 2824 inqemuerit
951 2781 1050 2818 etc.:
1094 2781 1261 2818 Macrob.
1287 2783 1364 2818 Sat.
1387 2781 1443 2818 1i1.
1472 2793 1515 2826 14
1541 2782 1559 2829 §
1587 2783 1622 2818 8.

161 2832 202 2858 21
230 2823 327 2858 Nam
342 2827 376 2857 et
391 2823 437 2858 ab
453 2834 491 2859 eo
508 2824 600 2861 etc.:
625 2835 659 2861 v.
677 2823 841 2862 Macrob.
858 2828 934 2862 Sat.
951 2826 1006 2863 iii.
1023 2838 1067 2872 14
1085 2827 1103 2874 ξ
1122 2838 1156 2874 4.
1308 2837 1352 2875 25
1378 2830 1558 2874 heroycis:
1586 2841 1621 2865 v.

161 2869 330 2906 Macrob.
346 2870 421 2907 Sat.
440 2868 480 2906 ii.
502 2880 517 2908 1
539 2869 558 2917 ξ
577 2880 608 2908 2.
754 2874 798 2909 28
823 2884 897 2910 non
914 2875 1030 2920 defuit
1046 2877 1140 2912 etc.:
1168 2874 1333 2913 Macrob.
1350 2877 1425 2913 Sat.
1442 2876 1484 2912 ii.
1505 2886 1520 2913 1
1543 2875 1562 2922 §
1583 2884 1617 2922 5.
