1988 3250
180 198 279 233 σΑι».
293 185 429 249 xx1v]
688 187 1130 235 POLICRATICVS
1670 193 1756 244 623
1774 194 1805 234 b

176 308 381 353 hostibus
399 308 493 352 suis
517 309 664 367 priore
684 309 800 353 bello
818 324 968 368 regem
988 323 1079 353 non
1099 309 1316 354 uirtutem
1338 310 1654 356 Macedonibus

176 377 382 422 defuisse.
442 378 612 432 Quanti
651 393 756 436 ergo
785 393 880 422 esse
909 378 1043 422 debet
1072 378 1162 421 iam
1192 383 1429 436 prouectus
1459 383 1578 424 etate
1608 385 1655 426 et

176 448 410 506 dignitate,
438 448 477 491 si
517 447 634 491 tanti
665 448 858 492 habetur
895 451 1087 505 utroque
1126 449 1471 506 prouehendus3
1530 450 1655 495 Licet

175 519 328 561 autem
357 517 613 561 duriuscule
643 517 854 561 uideatur
891 519 1086 561 tractare
1124 518 1352 575 populum,
1383 522 1534 562 tamen
1573 534 1652 563 au·

134 595 157 638 3
174 587 358 631 ctoritas
392 587 630 645 dignitatis
669 590 716 631 et
751 587 1086 635 utilitasofficii
1117 588 1282 632 debent
1310 589 1652 646 prouincialium

173 656 345 700 animos
376 656 595 714 mitigare.
670 656 856 700 Memini
888 671 959 700 me
993 671 1128 700 causa
1165 658 1381 701 uisitandi
1420 658 1650 701 dominum
1668 670 1694 700 c

171 725 423 769 Adrianum
479 725 733 783 pontificem
782 729 1006 783 quartum,
1051 726 1128 783 qui
1177 741 1248 770 me
1297 727 1345 770 in
1393 726 1651 770 ulteriorem

172 793 527 838 familiaritatem
555 795 806 846 admiserat,
826 795 1077 853 profectum
1098 796 1145 839 in
1174 796 1399 854 Apuliam,
1420 796 1652 853 mansique

171 877 273 908 cum
293 878 345 908 eo
365 864 612 908 Beneuenti
632 864 772 908 ferme
791 867 884 908 tres
903 880 1086 909 menses.
1146 864 1261 910 Cum
1289 866 1454 923 itaque,
1474 868 1527 909 ut
1553 866 1649 909 fieri

35 932 39 985 f
113 948 157 976 ιο
173 932 287 977 solet
318 933 438 976 inter
471 933 646 985 amicos,
681 948 811 991 saepe
851 948 985 992 super
1023 934 1230 992 plurimis
1258 934 1572 987 conferremus,
1602 938 1650 979 et

34 1003 37 1011 “
170 1001 266 1060 ipse
295 1002 404 1060 quid
434 1002 490 1046 de
519 1017 566 1046 se
596 1006 642 1046 et
671 1002 852 1047 ecclesia
882 1003 1084 1046 Romana
1124 1003 1345 1047 sentirent
1385 1004 1586 1048 homines
1620 1020 1649 1049 a

170 1085 242 1116 me
262 1070 530 1115 familiarius
550 1074 596 1115 et
616 1071 877 1130 diligentius
897 1075 1142 1130 quaereret,
1161 1086 1244 1131 ego
1263 1073 1384 1130 apud
1411 1088 1513 1116 eum
1540 1088 1648 1118 usus

169 1140 356 1198 spiritus
375 1141 583 1185 libertate
599 1141 729 1192 mala,
741 1156 856 1199 quae
877 1141 924 1185 in
944 1141 1134 1185 diuersis
1148 1142 1391 1200 prouinciis
1406 1142 1648 1194 audieram,

22 1267 24 1270 v
169 1213 378 1268 patenter
396 1211 594 1269 exposui.
652 1210 780 1255 Sicut
807 1211 926 1255 enim
953 1211 1186 1255 dicebatur
1210 1226 1239 1255 a
1258 1212 1424 1265 multis,
1446 1212 1647 1257 Romana

33 1301 40 1307 ·
110 1294 153 1332 η
171 1279 363 1332 ecclesia,
390 1295 504 1338 quae
534 1284 679 1324 mater
704 1281 903 1324 omnium
931 1281 1212 1325 ecclesiarum
1243 1284 1323 1334 est,
1353 1296 1401 1325 se
1430 1297 1519 1325 non
1551 1286 1645 1326 tam

22 1336 26 1345 ¹
169 1352 358 1393 matrem
374 1350 557 1394 exhibet
575 1350 677 1394 aliis
692 1365 826 1408 quam
843 1365 1091 1394 nouercam.
1141 1350 1309 1395 Sedent
1328 1352 1376 1394 in
1391 1366 1445 1395 ea
1464 1351 1646 1396 Scribas

167 1422 214 1463 et
227 1418 426 1463 Pharisei
441 1422 655 1477 ponentes
669 1434 806 1464 onera
819 1420 1123 1478 importabilia
1138 1420 1185 1463 in
1201 1421 1398 1465 humeris
1413 1422 1644 1465 hominum

167 1502 281 1546 quae
320 1488 464 1547 digito
503 1504 593 1533 non
632 1490 912 1547 contingunt.
978 1489 1282 1534 Dominantur
1319 1491 1367 1534 in
1406 1491 1524 1535 clero
1563 1506 1644 1536 nec

30 1594 33 1602 .
166 1556 313 1602 forma
331 1558 449 1602 fiunt
467 1559 593 1617 gregi
613 1560 690 1617 qui
711 1563 831 1604 recto
850 1559 960 1604 calle
980 1559 1129 1618 pergit
1147 1559 1205 1603 ad
1226 1560 1380 1612 uitam,
1400 1562 1641 1619 pretiosam

16 1629 25 1638 '⁴
107 1644 151 1676 ιο
166 1627 514 1686 suppellectilem
538 1632 795 1687 congerunt,
815 1644 925 1672 auro
952 1633 999 1673 et
1024 1633 1211 1687 argento
1237 1634 1427 1674 onerant
1452 1646 1639 1684 mensas,
1656 1631 1687 1673 d

35 1691 37 1693 μ
165 1697 252 1741 sibi
271 1697 407 1742 etiam
427 1698 485 1741 ab
504 1698 698 1742 auaritia
716 1698 851 1742 nimis
870 1698 1005 1756 parci.
1058 1698 1178 1742 Nam
1200 1713 1371 1758 pauper
1389 1704 1471 1744 aut
1490 1701 1642 1745 nullus

165 1769 246 1811 aut
279 1781 408 1811 rarus
446 1767 716 1819 admittitur,
752 1782 883 1826 quem
917 1768 1144 1812 interdum
1179 1783 1270 1812 non
1303 1776 1398 1813 tam
1434 1769 1642 1815 Christus

164 1850 299 1894 quam
330 1851 450 1880 uana
482 1837 628 1895 gloria
662 1837 921 1883 introducit.
979 1837 1257 1883 Concutiunt
1292 1839 1508 1892 ecclesias,
1538 1840 1642 1884 lites

164 1966 184 2007 5
211 1957 325 1996 officii
340 1957 492 1996 utilitas
509 1958 583 1996 ΒΜ
728 1967 749 2004 7
775 1957 834 1995 iiii
852 1956 877 1995 S
1021 1969 1069 1996 20
1092 1959 1372 2007 supellectilem
1390 1959 1498 1996 ΒΑΜ

209 2075 233 2112 6
255 2076 411 2112 Memini
427 2077 522 2112 etc.:
548 2074 697 2112 notavit
714 2076 753 2111 et
775 2086 861 2111 eum
884 2073 950 2110 lib.
965 2073 1043 2111 viii.
1065 2086 1097 2111 c.
1126 2085 1169 2120 23
1196 2074 1360 2113 contulit
1384 2075 1571 2113 Parkerus
1595 2076 1638 2113 in

163 2120 226 2165 ας
251 2122 385 2160 citavit
402 2122 512 2160 Pauli
528 2124 579 2159 M.
601 2123 644 2159 G.
663 2123 726 2167 H„
742 2123 820 2166 SS„
838 2121 949 2158 xxvii.
966 2133 1030 2169 pp.
1050 2123 1109 2167 46,
1126 2132 1186 2167 47.
1330 2125 1351 2160 8
1376 2125 1418 2160 in
1433 2126 1637 2170 Apuliam:

163 2169 213 2207 of.
231 2171 396 2216 Maaloy.
421 2169 476 2207 iii.
502 2170 597 2217 prol.
626 2171 712 2218 (889
723 2172 767 2215 Α)
794 2171 972 2216 Apuliam
995 2172 1149 2206 ωοιιηάο
1170 2173 1380 2216 ρεναρναιιί.
1428 2169 1485 2207 Ex
1501 2173 1633 2209 Polior.

160 2216 223 2255 vii.
262 2227 306 2264 19
338 2219 423 2264 (682
436 2217 480 2263 Α)
512 2217 691 2265 Apuliam
725 2217 892 2264 primum
931 2216 1084 2264 petiisse
1118 2217 1268 2255 videtur
1306 2218 1468 2256 Ioannes
1506 2222 1637 2257 noster

160 2270 332 2311 maante
344 2267 482 2311 Roqero
496 2266 627 2308 Siculo,
641 2265 665 2302 i.
681 2277 713 2302 e.
732 2267 824 2302 ante
836 2275 1008 2302 mensem
1026 2263 1113 2301 Feb.
1130 2275 1165 2301 ιι
1195 2276 1218 2310 4
1233 2279 1242 2302 :
1267 2265 1419 2309 iterum,
1436 2268 1480 2303 ut
1497 2278 1543 2303 ex
1561 2267 1633 2304 hoc

161 2310 246 2350 loco
260 2315 433 2359 apparet.
450 2324 483 2350 a.
505 2313 726 2360 1155—1156.
862 2323 886 2358 9
910 2313 1132 2348 Beneuenti:
1191 2314 1370 2350 eneventi
1387 2316 1558 2351 moratus
1575 2318 1634 2352 est

161 2358 378 2397 Hadrianus
398 2359 451 2396 lv
467 2372 492 2397 a
511 2372 640 2398 mense
659 2359 749 2398 Nov.
763 2371 803 2398 a.
825 2369 888 2407 115
894 2369 912 2407 5
932 2371 1051 2406 usque
1073 2360 1121 2396 ad
1139 2359 1208 2397 Iul.
1234 2372 1268 2397 a.
1292 2372 1328 2398 11
1338 2363 1382 2408 56
1400 2361 1525 2406 (Jaffe,
1544 2364 1628 2407 Rey.

3 2412 26 2456 ξ’,
159 2407 296 2454 Pontis.
314 2406 356 2444 ii.
376 2417 441 2454 113
452 2411 584 2454 seqq.).
702 2418 740 2444 11
769 2409 812 2444 de
828 2419 865 2444 se
881 2410 976 2444 eta:
1003 2407 1051 2444 cf.
1069 2407 1115 2444 de
1128 2408 1200 2444 hac
1217 2419 1256 2445 re
1275 2407 1540 2446 Ivon.Carnot.
1559 2412 1631 2456 Ep.

163 2454 231 2500 189
254 2454 303 2491 ad
327 2454 545 2492 Paschalem
570 2466 709 2502 papam
729 2454 875 2503 (Migne
899 2456 941 2491 P.
965 2456 1008 2491 L.
1032 2454 1134 2492 clxii.
1159 2457 1239 2499 127)
1261 2457 1353 2493 Cum
1369 2459 1466 2493 enim
1483 2470 1505 2493 a
1522 2459 1632 2494 latere

6 2503 19 2543 ι’,
158 2507 278 2538 amm
299 2504 442 2538 ’uiuitis
465 2505 515 2539 ad
531 2515 596 2539 nos
611 2504 817 2539 cardinales
832 2507 970 2539 uestros
985 2508 1161 2549 tanquam
1176 2505 1280 2548 filios
1295 2506 1468 2547 uterinos,
1484 2508 1572 2552 quia
1590 2508 1631 2541 in

159 2551 319 2586 transitu
342 2552 443 2596 apud
458 2562 524 2586 nos
538 2556 634 2592 sunt,
652 2562 728 2586 mm
743 2556 887 2586 tantum
902 2562 975 2586 non
991 2556 1141 2596 possunt
1156 2553 1320 2587 curanda
1338 2564 1467 2588 curare
1482 2554 1543 2588 sed
1567 2565 1631 2590 nec

159 2597 552 2643 oumndapr‘oapicem5
568 2599 653 2634 inde
669 2603 720 2634 est
729 2600 823 2645 quod
833 2599 1342 2644 multipmepoaitorumsacta
1353 2600 1477 2645 yladio
1483 2602 1630 2646 linquae

148 2644 269 2688 ferire
283 2646 464 2690 cupientes
478 2646 604 2681 dicunt
622 2647 740 2681 eedem
753 2646 989 2691 aposcolicam
1012 2657 1083 2682 mm
1101 2647 1327 2682 subditorum
1342 2658 1512 2693 quaerere
1526 2650 1629 2683 sani-

159 2694 268 2726 tatem
282 2692 344 2727 aed
358 2703 464 2728 suam
479 2698 543 2728 aut
560 2694 769 2729 lateralium
784 2704 932 2728 suorum
947 2704 1116 2740 quaerere
1131 2695 1424 2730 commoditatem.
1586 2695 1629 2731 16

158 2737 289 2775 sedent
305 2739 399 2775 eta:
424 2750 456 2775 v,
475 2738 586 2776 Matt.
604 2739 712 2776 xxiii.
731 2750 764 2783 2,
782 2750 827 2784 43
853 2740 902 2776 cf.
921 2739 1008 2776 Luc.
1027 2739 1078 2775 xi.
1095 2741 1152 2784 46.
1313 2742 1354 2777 18
1381 2743 1633 2777 Dominantur

157 2785 233 2869 eitic:
242 2796 316 2878 1:⁴5.
335 2795 350 2822 1
370 2785 473 2823 Petr.
488 2798 523 2822 v.
541 2797 575 2834 3.
786 2797 829 2834 19
853 2792 945 2824 recto
961 2788 1050 2824 mlle
1066 2789 1164 2824 eta:
1189 2800 1222 2825 v.
1239 2787 1310 2825 Isa.
1327 2788 1427 2825 xxvi.
1445 2798 1489 2834 7;
1515 2789 1630 2826 Matt.

1473 2907 1517 2950 ⁶7
