1988 3250
229 201 315 250 766
336 211 367 241 a
711 199 911 244 IOANN
913 200 971 244 IS
1011 199 1524 245 SARESBERIENSIS
1625 199 1734 261 [Lm.
1750 213 1845 246 vul

384 319 579 363 familias
598 321 745 378 gratia
764 321 1019 365 destinauit.
1079 320 1153 364 Sic
1173 323 1219 363 et
1242 321 1326 364 iste
1349 321 1493 378 primo
1521 321 1688 364 tribum
1718 335 1844 364 suam

382 389 595 447 agnoscit,
627 404 741 447 quae
775 390 1016 433 Dominum
1051 390 1302 447 specialiter
1331 390 1606 448 agnoscebat,
1636 394 1681 434 et
1716 390 1763 432 in
1794 405 1846 433 ea

382 458 480 515 ipsa
513 459 612 502 illos
642 459 799 503 ceteris
827 459 1035 517 praefert,
1054 474 1143 502 non
1173 474 1282 516 quos
1311 460 1492 517 sanguis
1521 463 1601 503 aut
1629 459 1847 503 lenocinia

381 528 537 571 mundi
576 528 795 572 exinaniti
841 529 1161 579 commendant,
1201 528 1277 572 sed
1327 543 1436 585 quos
1483 529 1663 572 diuinus
1711 529 1847 572 timor

381 596 587 640 illustrat.
637 597 740 641 Non
760 597 915 654 utique
933 597 1235 654 uentriloquos
1248 599 1293 640 et
1304 597 1564 654 uaniloquos
1576 598 1648 640 uir
1667 601 1846 641 sanctus
1863 618 1882 650 5

381 666 555 719 asciuit,
575 667 653 710 sed
672 681 745 710 eos
773 667 850 724 qui
880 665 977 718 Dei,
1002 681 1133 723 quem
1153 666 1335 717 colebat,
1355 666 1594 724 imaginem
1624 667 1843 724 praefere—

382 735 502 779 bant.
562 735 650 779 Sed
671 735 888 792 numquid
915 735 1002 778 diei
1029 734 1253 778 festiuitas
1282 735 1475 778 fratrum
1495 738 1618 779 cetus
1637 739 1717 779 aut
1736 751 1843 794 opu-

381 804 520 847 lentia
551 805 798 848 eduliorum
831 820 858 847 a
892 804 1096 862 gerendis
1128 819 1208 861 pro
1238 818 1359 847 more
1390 808 1592 847 sanctum
1621 805 1845 848 hominem

381 874 658 918 retardauit‘e
717 875 883 931 Vtique
904 875 951 916 in
979 874 1076 930 ipsa
1105 873 1252 916 letitia
1279 873 1626 924 conuiuantium‚
1647 875 1843 932 increpa-

380 946 454 986 tus
500 958 528 986 a
567 943 795 995 fratribus,
838 944 1077 997 Hebreum‚
1118 957 1248 999 quem
1295 942 1352 985 ab
1397 943 1546 1000 impiis
1589 957 1844 1000 percussum
1865 965 1906 989 10

380 1013 595 1064 audierat,
626 1016 726 1070 post
756 1013 860 1056 solis
890 1012 1152 1062 occubitum,
1183 1011 1289 1068 quia
1322 1014 1426 1055 ante
1457 1026 1546 1055 non
1577 1012 1715 1063 licuit,
1745 1027 1844 1070 pro·

380 1081 524 1125 fectus
548 1086 616 1126 est
635 1082 831 1139 sepelire.
890 1081 984 1125 Nec
1005 1081 1175 1124 ueritus
1195 1083 1263 1124 est
1277 1081 1486 1124 offensam
1502 1081 1726 1139 principis,
1738 1082 1845 1125 dum

380 1151 579 1208 expleret
597 1151 788 1195 officium
808 1151 1032 1204 caritatis3
1062 1151 1128 1193 illi
1149 1150 1279 1208 plane
1299 1151 1538 1194 consimilis
1563 1151 1640 1208 qui
1666 1152 1713 1194 in
1733 1167 1780 1195 se
1799 1155 1846 1196 et

379 1221 525 1264 sobole
563 1236 695 1278 quam
727 1221 775 1263 in
810 1220 1060 1278 hospitibus
1095 1220 1286 1278 recipere
1325 1220 1485 1263 maluit
1518 1235 1546 1263 a
1588 1221 1844 1265 conciuibus

379 1290 619 1333 luxuriosis
650 1290 868 1348 insignem
904 1290 1124 1333 iniuriam.
1197 1289 1415 1347 Discipuli
1455 1304 1627 1347 quoque
1666 1305 1844 1348 persua·
1864 1308 1904 1342 ¹5

331 1363 361 1401 b
379 1358 576 1402 sionibus
595 1359 665 1402 usi
685 1362 791 1403 sunt
811 1362 864 1402 ut
879 1359 1120 1402 Dominum
1135 1359 1357 1402 uolentem
1378 1359 1443 1403 ire
1457 1359 1632 1417 longius
1652 1360 1846 1417 hospitio

379 1429 641 1479 detinerent,
673 1432 718 1471 et
756 1428 885 1472 nobis
919 1428 1239 1486 hospitalitatis
1278 1427 1467 1472 formam
1497 1429 1844 1486 praescribentes

378 1497 580 1555 exemplo
611 1501 851 1556 coegerunt
888 1512 1001 1549 eum,
1031 1497 1204 1555 nisique
1247 1500 1353 1540 sunt
1391 1497 1431 1541 ei
1481 1497 1625 1541 locum
1664 1499 1843 1543 cessisse

377 1567 570 1624 primum
584 1582 714 1624 quem
727 1567 1008 1625 postmodum
1021 1570 1301 1625 agnouerunt
1313 1566 1552 1610 Dominum
1566 1566 1842 1612 infractione

378 1637 517 1694 panis.
577 1637 702 1680 Alias
737 1651 927 1694 namque
960 1636 1150 1686 delicias,
1181 1636 1268 1679 nisi
1300 1650 1409 1694 quas
1449 1636 1565 1680 forte
1604 1638 1842 1682 necessitas
1861 1658 1904 1682 πο

379 1706 598 1763 exigebat,
638 1706 678 1749 ei
728 1721 818 1749 non
867 1706 1055 1764 legimus
1105 1705 1243 1749 fuisse
1290 1706 1526 1763 appositas.
1605 1706 1841 1751 Britannia

337 1789 361 1818 c
378 1790 551 1832 quoque
581 1779 735 1819 nostra
764 1775 979 1832 produxit
1007 1775 1243 1826 Albanum,
1273 1775 1330 1818 ab
1359 1775 1499 1819 officio
1523 1776 1842 1833 hospitalitatis

378 1845 609 1902 insignem,
641 1844 718 1901 qui
750 1845 943 1902 seipsum
975 1844 1135 1887 maluit
1169 1844 1447 1887 tirannorum
1487 1859 1706 1902 exponere
1741 1846 1843 1890 telis

377 1928 510 1971 quam
546 1913 764 1971 hospitem
797 1928 926 1971 quem
963 1917 1214 1971 susceperat
1246 1912 1564 1958 Christianum.
1637 1915 1756 1968 Quid
1786 1916 1840 1960 de

376 1983 581 2026 fidelibus
610 1983 794 2040 loquor?
834 1997 934 2027 cum
965 1983 1099 2026 etiam
1134 1983 1332 2027 infideles
1363 1984 1674 2027 consueuerint
1704 1985 1839 2029 etiam
1860 2001 1902 2037 ²5

378 2052 591 2095 aduersus
617 2052 766 2095 hostes
795 2054 842 2095 et
865 2052 1043 2109 proprio
1070 2052 1265 2109 periculo
1291 2052 1560 2110 patrocinari
1584 2068 1694 2110 quos
1720 2054 1842 2099 infra

377 2121 674 2179 quadriduum
695 2121 888 2178 hospitio
916 2121 1220 2178 suscepissent.
1282 2121 1493 2166 Criminis
1523 2122 1640 2165 enim
1668 2126 1841 2167 contra-

376 2191 511 2234 hebat
543 2193 696 2234 notam
732 2190 932 2248 quisquis
971 2193 1075 2233 ante
1116 2191 1323 2248 quintum
1362 2190 1479 2234 diem
1519 2191 1648 2243 hosti,
1688 2192 1735 2235 id
1774 2195 1843 2237 est

376 2260 622 2318 peregrino,
658 2260 950 2303 humanitatis
982 2260 1276 2317 patrocinium
1312 2260 1570 2318 denegabat.
1649 2261 1842 2306 Auctore

376 2330 593 2387 siquidem
628 2328 837 2373 Cicerone
867 2329 924 2372 ob
956 2329 1226 2386 aequitatem
1262 2329 1511 2387 hospitibus
1546 2330 1839 2375 exhibendam
1859 2345 1902 2379 30

376 2399 516 2442 hostis
531 2398 760 2442 dicebatur
780 2398 1029 2455 antiquitus
1049 2412 1180 2455 quem
1194 2398 1323 2442 modo
1338 2398 1524 2443 dicimus
1539 2400 1842 2459 peregrinum3

381 2540 421 2577 ¹3
443 2535 524 2576 pont
545 2531 584 2566 et
599 2531 684 2565 add.
703 2530 742 2565 in
759 2528 790 2565 A
913 2538 957 2565 22
983 2529 1031 2565 ab
1049 2527 1170 2565 officio
1188 2528 1378 2566 Albanum
1395 2528 1458 2566 0¹:
1482 2530 1530 2567 ab
1547 2542 1614 2568 om.
1632 2530 1675 2567 Β.
1795 2539 1838 2576 27

375 2577 622 2625 quatriduum
640 2575 720 2612 S'M
865 2586 907 2623 3¹
935 2575 1149 2622 antiquitus
1167 2575 1364 2614 dicebatur
1379 2577 1412 2613 A

426 2707 438 2734 ι
468 2698 554 2732 iste:
580 2694 782 2732 sc.'1'obiaa
801 2697 932 2742 pater;
959 2708 990 2732 v.
1008 2694 1079 2732 loc.
1099 2708 1213 2743 supra
1230 2695 1295 2733 cit,
1494 2707 1517 2743 9
1547 2698 1672 2753 Vtique
1688 2700 1781 2736 eta:
1805 2710 1837 2735 v.

373 2744 463 2781 Τοῦ.
481 2743 521 2780 ὶί.
542 2753 674 2790 3ncqq.
809 2753 849 2789 ¹3
875 2744 957 2779 6116:
986 2755 1036 2779 sc.
1056 2743 1152 2779 Loth
1169 2757 1177 2786 ς
1204 2756 1235 2781 v.
1253 2743 1347 2781 Gen.
1367 2743 1437 2781 loc.
1458 2757 1573 2792 supra
1590 2747 1655 2782 cit.
1795 2756 1807 2783 1

376 2793 560 2838 Discipulo·
575 2792 671 2827 etc:
698 2802 728 2827 v.
749 2790 837 2827 Luc.
857 2790 953 2826 xxiv.
973 2801 1018 2835 29
1031 2803 1131 2837 seqq.
1287 2802 1327 2828 2ι
1357 2793 1559 2829 Britannia
1577 2794 1672 2831 eto.:
1698 2805 1729 2830 v.
1746 2792 1799 2831 Be
1827 2820 1836 2831 .

374 2840 468 2876 Hm.
486 2839 582 2875 Eoel.
600 2837 624 2875 i.
645 2847 677 2884 7.
821 2848 867 2885 30
894 2839 1082 2875 Cicerone:
1110 2850 1140 2875 ν.
1158 2840 1201 2875 de
1220 2839 1286 2885 Off.
1306 2838 1331 2878 i.
1353 2849 1394 2876 12
1412 2838 1431 2888 §
1448 2848 1506 2887 37.

485 2919 549 2952 ³³⁴
