1988 3250
161 233 263 268 cAP.
279 219 352 282 rx]
672 216 1111 264 POLICRATICVS

220 342 276 385 In
305 354 454 384 amore
481 340 590 383 haec
617 339 767 382 omnia
795 338 951 381 insunt
978 337 1116 380 uitia:
1145 336 1347 386 iniuriae,

218 398 498 500 ffilpiciones,
528 396 812 496 inimicitiae,I
829 395 1104 496 indrlffiiassoe
1159 452 1169 461 .
1280 451 1349 494 ml

307 471 394 507 um,
454 470 513 498 ax
542 469 730 497 rursum.
814 468 894 496 nce
1133 466 1171 494 si
1351 465 1398 494 es

219 515 390 558 ratione
418 470 540 557 ferta
568 512 725 562 facere,
755 511 919 554 nichilo
947 510 1049 568 plus
1077 524 1186 567 agas
1201 466 1280 508 pos

122 584 142 620 5
248 587 351 615 uam
381 571 419 614 si
448 571 525 614 des
554 584 732 627 operam
762 571 815 612 ut
845 583 944 612 cum
975 568 1147 611 ratione
1176 567 1385 611 insanias.

256 634 277 674 t
307 629 424 687 quod
453 643 571 672 nunc
599 630 698 671 tute
726 630 873 670 tecum
903 627 1046 669 iratus
1075 625 1267 683 cogitas:

220 687 372 746 Egone
378 687 555 788 Oglam‘ss
604 700 717 743 quae
736 685 894 730 illum?
945 699 1058 742 quae
1077 684 1178 728 me?
1223 697 1337 740 quae
1364 682 1485 726 non'l
1534 682 1629 726 sine

331 760 376 788 m
435 759 474 795 o,

218 803 330 846 mori
361 817 432 846 me
460 802 636 854 malim3
679 801 844 844 sentiet
873 800 949 857 qui
979 800 1052 842 uir
1081 799 1202 843 siem.

101 877 147 904 ιο
220 861 343 905 Haec
372 861 510 905 uerba
538 874 629 903 una
657 858 905 902 mehercule
936 858 1178 908 lacrimula,

219 933 354 977 quam
383 919 530 962 oculos
560 917 743 961 terendo
773 917 931 960 misere
961 916 1042 959 uix
1071 916 1118 959 ui
1149 915 1379 973 expressit,

218 978 492 1035 restinguet;
531 978 576 1019 et
605 979 651 1019 te
680 975 800 1019 ultro
829 974 1065 1025 accusabit,
1096 976 1142 1019 et
1170 974 1298 1018 dabis
1326 974 1368 1017 ei

219 1035 339 1079 ultro
367 1034 645 1093 supplicium.

162 1127 235 1171 Ad
254 1126 561 1184 depellendum
581 1125 864 1169 meretricum
893 1124 1184 1168 contumelias
1209 1124 1326 1168 ratio
1356 1123 1540 1167 euidens
1565 1126 1634 1167 est

106 1218 144 1254 ¹5
163 1211 295 1254 quam
308 1210 462 1240 seruus
474 1195 662 1248 inducit;
688 1194 766 1238 sed
778 1194 987 1252 quicquid
1003 1194 1051 1237 in
1064 1194 1177 1238 hanc
1189 1197 1362 1251 partem
1375 1194 1632 1250 loquuntur,

83 1320 86 1322 v
162 1266 227 1309 ita
246 1265 461 1323 accipitur
482 1279 534 1309 ac
553 1264 591 1308 si
611 1264 817 1307 insanum
837 1267 1081 1307 amatorem
1111 1266 1288 1306 reuocet
1315 1277 1483 1307 seruus.
1544 1262 1631 1305 Eos

162 1337 312 1379 tamen
354 1334 461 1378 alibi
505 1334 784 1378 commendat
822 1333 1065 1391 plurimum
1104 1333 1222 1376 idem
1262 1332 1416 1377 Cicero
1456 1332 1633 1376 dicens:

164 1404 322 1448 Poetae
341 1408 387 1448 et
405 1403 553 1447 uarios
568 1403 804 1461 scriptores
820 1403 986 1446 artium
1007 1406 1087 1446 aut
1107 1417 1256 1445 rerum
1271 1405 1498 1459 gestarum
1514 1402 1636 1445 solus

163 1473 239 1518 ille
258 1473 610 1531 contemptibiles
630 1472 741 1516 facit
763 1473 840 1530 qui
867 1487 956 1516 non
984 1475 1166 1516 ueretur
1188 1472 1455 1529 contempni.
1515 1471 1634 1514 Nam

105 1558 148 1586 ιο
165 1546 211 1587 et
238 1543 421 1586 uirtutis
450 1542 618 1586 habent
646 1556 777 1586 usum
807 1545 854 1586 et
879 1541 1220 1600 philosophandi
1244 1541 1478 1584 materiam
1505 1555 1633 1598 prae-

164 1612 294 1666 bent;
323 1615 484 1656 notant
513 1612 643 1663 enim,
663 1627 754 1655 non
774 1611 934 1656 docent
957 1611 1081 1662 uitia,
1103 1613 1148 1654 et
1168 1614 1249 1654 aut
1268 1610 1481 1653 utilitatis
1501 1624 1635 1654 causa

163 1684 293 1741 grata
307 1685 414 1725 sunt
426 1684 507 1725 aut
521 1681 780 1739 uoluptatis.
839 1681 912 1725 Sic
929 1684 1079 1724 autem
1094 1696 1175 1739 per
1189 1695 1362 1723 morum
1378 1680 1636 1724 discrimina

163 1754 396 1795 transeunt
434 1754 488 1795 ut
525 1750 687 1794 uirtuti
727 1750 896 1795 faciant
935 1751 1091 1794 locum.
1151 1750 1271 1793 Nam
1306 1764 1386 1807 per
1424 1749 1527 1803 tela,
1556 1764 1637 1807 per

164 1820 300 1879 ignes,
313 1835 392 1878 per
410 1820 547 1864 maris
566 1821 716 1864 uarias
735 1820 961 1878 procellas,
974 1834 1053 1878 per
1072 1822 1142 1863 tot
1162 1823 1310 1863 motus
1330 1819 1569 1862 seditiones
1590 1821 1636 1861 et

106 1905 146 1941 ²⁵
165 1889 348 1934 insidias
375 1890 639 1948 populorum
670 1889 851 1934 Scillam
881 1890 1142 1948 pertransiit
1171 1892 1217 1932 et
1241 1888 1470 1933 Caribdim
1500 1892 1553 1932 ut
1577 1888 1635 1931 ad

164 1960 355 2017 patriam
375 1974 500 2002 suam
520 1959 678 2003 saltem
698 1960 747 2002 in
767 1963 994 2003 senectute
1014 1959 1169 2002 Vlixes
1190 1958 1433 2016 repedaret.
1484 1958 1635 2001 Socios

164 2028 302 2072 uariis
331 2028 454 2072 exilii
483 2029 634 2072 amisit
661 2029 835 2073 casibus
865 2029 942 2072 sed
972 2044 1045 2072 eos
1074 2032 1155 2072 aut
1184 2028 1392 2072 fortunae
1422 2027 1636 2070 uiolentia

165 2100 245 2141 aut
289 2101 476 2142 naturae
519 2098 757 2142 infirmitas
808 2102 889 2142 aut
936 2099 1073 2142 animi
1119 2099 1329 2156 uoluptas
1372 2098 1634 2155 absumpsit.

166 2166 339 2210 Horum
358 2169 508 2210 tamen
527 2168 725 2211 omnium
746 2168 936 2212 iocunda
955 2168 1113 2212 relatio
1133 2171 1212 2211 est.
1272 2166 1391 2210 Nam
1412 2167 1485 2210 uel
1504 2167 1636 2210 amici

167 2270 212 2296 10
235 2259 424 2297 mehercle
442 2260 516 2296 AM
639 2270 682 2297 12
706 2259 844 2297 restrin
900 2262 938 2298 et
955 2259 1079 2297 CBAS
1233 2270 1280 2296 20
1302 2272 1410 2296 usum
1427 2260 1574 2296 habent
1589 2258 1636 2295 A¹

166 2306 469 2354 phylosophandi
486 2307 526 2343 M
622 2316 666 2356 25
693 2307 825 2345 cillam
873 2307 931 2344 BS
1029 2317 1074 2353 27
1099 2307 1247 2344 casibus
1264 2306 1395 2343 amisit
1411 2307 1457 2343 Α,ι

214 2399 236 2435 3
259 2391 293 2424 εἰ
303 2401 312 2425 :
337 2391 370 2424 si
385 2394 426 2425 tu
444 2389 528 2426 Ter.
600 2399 644 2426 xo
667 2391 757 2426 ante
773 2390 967 2426 lacrimula
983 2389 1069 2425 add.
1076 2390 1183 2435 salsa
1199 2387 1282 2425 Ter.
1371 2398 1410 2426 11
1439 2389 1634 2435 eoepmsit:

354 2439 376 2472 ‘t
391 2436 473 2474 Ter.
605 2439 648 2473 18
673 2438 801 2473 Poetae
817 2439 913 2474 etc.:
940 2436 1058 2480 Haec,
1076 2447 1173 2482 quae
1191 2435 1232 2472 in
1250 2435 1443 2473 Ciceronis
1460 2436 1637 2482 operibus

167 2494 264 2566 auae
286 2483 408 2520 adhuc
434 2485 584 2521 exstant
610 2496 793 2530 nusquam
819 2484 999 2527 invenies,
1031 2495 1078 2520 ex
1104 2483 1207 2520 illius
1235 2483 1343 2519 libris
1371 2486 1414 2519 de
1438 2485 1637 2529 Republica

195 2532 368 2577 esumpta
383 2541 462 2568 esse
477 2531 656 2578 suspicor.
775 2542 822 2568 22
843 2538 951 2577 grata
966 2537 1072 2567 sunt:
1098 2531 1201 2575 Quae
1218 2533 1332 2578 grata
1347 2543 1426 2568 esse
1443 2530 1637 2574 dicantur,

167 2577 356 2614 incertum
372 2579 450 2621 θείη
475 2590 563 2615 nam
577 2578 608 2615 si
618 2579 665 2616 de
677 2578 781 2615 vitiis
791 2578 958 2625 cogitare
971 2579 1152 2615 vellemus
1165 2590 1262 2624 quae
1275 2584 1415 2622 notant,
1428 2590 1502 2613 non
1513 2580 1639 2614 docent

168 2628 318 2671 poetae,
339 2624 503 2662 auctoris
529 2637 677 2662 sensum
704 2626 860 2662 omnino
885 2627 1135 2663 turbaremus.
1186 2626 1242 2663 cf.
1267 2626 1366 2672 Aug.
1391 2628 1434 2661 de
1460 2627 1496 2661 C.
1515 2627 1562 2661 D.
1588 2625 1636 2663 vi.

170 2673 194 2709 6
222 2671 271 2708 ad
299 2672 363 2708 fin.
508 2674 554 2709 26
585 2675 792 2719 repedaret:
834 2674 914 2710 Hoc
946 2674 1182 2716 vocabulum,
1210 2673 1380 2720 optimae
1414 2673 1637 2709 Latinitatis

170 2719 387 2755 auctoribus
411 2731 503 2764 quos
522 2719 562 2755 in
586 2720 760 2756 manibus
775 2721 957 2757 habemus
979 2733 1056 2757 non
1082 2720 1278 2765 usitatum,
1295 2720 1398 2757 inter
1420 2721 1639 2766 fragmenta

171 2767 302 2802 tamen
318 2765 473 2802 Pacuvii
492 2769 532 2803 et
549 2766 688 2804 Lucilii
711 2770 856 2811 exstat;
890 2779 1010 2814 neque
1035 2768 1259 2804 incredibile
1282 2770 1340 2804 est
1357 2767 1575 2804 Ciceronem
1595 2768 1638 2803 in

171 2812 244 2866 hoc
268 2812 351 2849 loco
377 2813 457 2859 (qui
479 2825 654 2851 versuum
681 2815 986 2852 hexametrorum
1018 2815 1179 2869 vestigia
1210 2827 1288 2852 non
1317 2815 1434 2852 semel
1460 2814 1639 2852 exhibere

171 2860 334 2907 videtur)
359 2863 510 2906 poetam
533 2862 724 2908 quendam
748 2862 993 2900 vetustiorem
1017 2862 1203 2900 citavisse.

1480 2942 1544 2978 1¹7

1642 215 1733 267 656
1752 214 1782 256 b

1648 1272 1674 1304 Ο

1651 2033 1682 2074 d
