1988 3250
158 196 258 232 osv.
271 180 342 245 Vl]
675 182 1112 228 POLIGRATICVS
1635 192 1716 234 724
1736 191 1761 222 e

158 305 445 362 peniteamus.
503 303 632 361 Ergo,
647 317 748 347 cum
768 317 848 360 per
869 302 950 345 has
970 305 1122 359 portas
1141 301 1267 358 quasi
1289 302 1470 359 quidam
1490 301 1619 345 cunei

157 373 540 432 perturbationum
559 372 616 416 ad
636 386 779 415 arcem
801 374 978 414 nostrae
998 370 1159 413 mentis
1179 370 1462 424 intrauerint,
1482 373 1535 414 ut
1554 371 1620 414 ait

156 443 312 486 beatus
327 441 585 492 Ieronimus,
600 440 677 485 ubi
696 440 782 483 erit
797 439 991 491 libertas,
1007 438 1083 481 ubi
1106 438 1325 481 fortitudo
1345 439 1450 489 eius,
1466 440 1543 482 ubi
1564 440 1619 482 de

156 511 251 555 Deo
273 510 494 569 cogitati0,
514 509 706 553 maxime
726 523 826 552 cum
854 508 1099 551 recordatio
1130 510 1277 550 tactus
1301 507 1515 564 depingat
1534 509 1619 551 sibi

115 596 136 632 ι
156 580 290 624 etiam
328 579 591 636 praeteritas
629 578 883 634 uoluptates
924 579 970 619 et
1009 576 1374 619 rememoratione
1406 576 1620 620 uitiorum

155 651 284 707 cogat
304 648 495 691 animam
525 647 717 709 compati
737 649 783 689 et
803 645 1126 703 quodammodo
1151 659 1354 687 exercere
1382 645 1500 702 quod
1530 660 1620 688 non

154 718 280 776 agit?
341 717 472 760 Forte
499 717 602 760 hinc
629 721 696 761 est
720 716 847 774 quod,
875 730 975 759 cum
996 714 1236 771 Apostolus
1264 714 1389 757 uitiis
1415 715 1620 758 omnibus
1636 721 1666 761 d

153 787 373 832 censuerit
411 786 730 837 reluctandum,
764 785 977 828 aduersus
1017 783 1356 827 fornicationem
1393 798 1483 826 non
1517 799 1620 827 con-

153 870 352 914 gressum
390 855 467 898 sed
501 855 655 912 fugam
695 854 917 897 indicens:
960 853 1132 910 Fugite,
1167 852 1327 909 inquit,
1363 852 1619 896 fornicatio-

97 941 140 970 1ο
155 940 269 970 110111.
327 924 444 967 Nam
479 925 586 968 haec
620 923 725 976 fere,
759 923 865 966 dum
898 925 1140 974 exercetur,
1175 921 1356 965 Domini
1391 922 1622 965 immemor

156 997 242 1047 est3
266 997 311 1037 et
326 994 578 1051 praeterita,
594 993 699 1041 dum
715 992 772 1035 ad
787 991 1045 1035 memoriam
1063 991 1190 1041 redit,
1203 990 1439 1048 pestiferas
1454 991 1623 1035 excitat

156 1064 419 1121 uoluptates.
480 1063 542 1106 Vt
565 1063 620 1107 de
648 1062 805 1106 ceteris
834 1064 1004 1104 taceam
1030 1075 1140 1117 quos
1167 1060 1429 1117 simplicitas
1457 1060 1550 1117 egit
1572 1061 1620 1103 in

155 1132 343 1190 culpam,
363 1132 650 1189 philosophus
669 1130 950 1174 acutissimus
971 1133 1016 1172 et
1037 1129 1387 1172 litteratissimus
1404 1129 1620 1172 Christia-

154 1217 240 1245 nus
271 1205 316 1244 et
342 1201 695 1246 feruentissimus
725 1200 772 1242 in
802 1200 889 1243 fide
918 1199 1145 1256 Origenes,
1173 1199 1288 1242 sicut
1317 1198 1622 1242 Ecclesiastica

97 1288 139 1325 15
156 1271 294 1315 refert
323 1270 535 1321 Historia,
562 1270 754 1327 seipsum
787 1269 1014 1319 castrauit,
1043 1268 1383 1312 fornicationem
1416 1268 1620 1312 efficacis-

156 1341 264 1384 sime
285 1339 473 1398 fugiens,
493 1339 628 1385 immo
649 1342 695 1382 et
714 1354 890 1382 omnem
912 1353 1025 1395 quae
1045 1338 1155 1395 fingi
1180 1341 1327 1395 posset
1353 1352 1621 1395 praecauens

155 1409 457 1467 suspicionem,
479 1412 531 1452 ut
550 1409 710 1453 exinde
731 1409 826 1451 sine
846 1412 953 1451 nota
980 1422 1079 1451 cum
1106 1407 1358 1464 uirginibus
1385 1408 1620 1451 habitaret.

155 1478 283 1533 Quod
302 1481 451 1521 autem
471 1477 718 1523 mirabilius
734 1481 812 1530 est,
829 1478 1039 1535 leguntur
1055 1476 1235 1533 quidam
1257 1476 1620 1534 philosophorum
1636 1495 1716 1537 725
1735 1497 1765 1526 a

154 1548 238 1592 sibi
258 1548 392 1591 etiam
412 1548 558 1592 oculos
579 1547 789 1598 effodisse,
810 1562 865 1590 ne
886 1547 1157 1590 exteriorum
1179 1546 1394 1589 illecebris
1414 1561 1622 1604 caperen-

92 1639 136 1664 20
153 1620 243 1661 tur.
302 1617 467 1674 Vtique
487 1617 749 1662 admirando
770 1617 874 1659 boni
895 1620 941 1659 et
966 1615 1140 1658 honesti
1162 1615 1398 1658 feruebant
1418 1615 1523 1667 zelo,
1535 1616 1620 1658 etsi

154 1686 262 1731 recti
282 1686 510 1732 scientiam
531 1701 620 1730 non
640 1687 867 1730 haberent.
927 1685 1100 1729 Scitum
1126 1687 1194 1727 est
1218 1688 1262 1727 et
1292 1684 1406 1728 scitu
1434 1684 1621 1742 dignum

154 1756 398 1800 Aristotilis
410 1755 590 1808 dictum,
602 1770 689 1812 quo
701 1755 984 1812 uoluptatum
998 1754 1128 1797 initia
1140 1753 1354 1796 obliuioni
1367 1753 1622 1798 mandanda

154 1825 342 1870 asseruit
369 1828 415 1868 et
441 1825 556 1872 solos
583 1826 731 1869 exitus
758 1824 1076 1876 recordandos;
1111 1823 1251 1867 fessas
1278 1824 1395 1866 enim
1420 1824 1621 1881 peniten-

155 1895 331 1952 tiaeque
356 1894 522 1952 plenas,
542 1909 629 1952 quo
649 1895 797 1937 minus
817 1894 946 1937 auide
968 1896 1240 1951 repetantur,
1260 1894 1422 1937 subicit
1448 1894 1622 1945 animis,

98 1983 139 2020 ²5
158 1966 204 2008 et
233 1963 351 2021 quod
381 1963 429 2009 in
458 1964 521 2006 eis
550 1964 788 2007 iocundum
819 1967 899 2014 est,
928 1978 983 2006 ne
1019 1963 1215 2013 redeant,
1241 1963 1365 2006 iubet
1396 1963 1620 2007 abscondi.

157 2033 289 2078 Dicat
314 2033 554 2091 Apostolus
583 2033 701 2090 quod
731 2033 934 2085 uoluerit,
960 2033 1066 2089 quia
1095 2032 1434 2076 fornicationem
1465 2032 1621 2089 fugere

156 2106 202 2147 01
229 2102 359 2160 gulae
388 2102 553 2145 seruire
584 2105 664 2145 aut
692 2102 872 2145 omnino
900 2102 1170 2159 impossibile
1201 2106 1282 2145 aut
1311 2101 1620 2145 difficillimum

155 2174 249 2223 est3
288 2185 391 2214 nam
431 2174 476 2214 et
515 2171 592 2214 illa
631 2186 735 2228 pars
773 2171 903 2229 gulae
937 2185 1050 2228 quae
1089 2171 1262 2228 corpori
1304 2171 1422 2213 uires
1461 2170 1620 2214 adimit

154 2254 431 2297 nequaquam
450 2240 644 2284 mechiae
663 2255 821 2298 expers
849 2243 926 2284 est.
986 2240 1201 2283 Venerem
1223 2240 1399 2283 Bachus
1424 2240 1620 2297 plerum·

159 2343 201 2379 13
226 2331 479 2379 phylosophus
495 2331 536 2368 M
679 2333 722 2370 18
747 2332 1069 2379 phylosophorum
1087 2332 1126 2367 M
1274 2342 1317 2378 19
1343 2332 1491 2369 occulos
1508 2332 1541 2367 A

250 2415 558 2450 rememoratione:
583 2414 825 2450 recordatione
842 2413 996 2450 Hieron.
1068 2424 1101 2460 9,
1118 2423 1162 2449 10
1177 2413 1306 2458 Fuyite
1313 2415 1619 2458 fornicationem:

159 2471 174 2498 1
225 2471 276 2496 or.
292 2459 339 2496 vi.
362 2461 414 2496 18.
704 2462 839 2506 hilosop
839 2462 908 2496 hus
929 2463 1026 2499 etc.:
1053 2461 1099 2498 de
1117 2459 1283 2506 Origene
1308 2461 1357 2497 cf.
1374 2460 1504 2496 Abael.
1522 2462 1617 2515 ῌόεε.

160 2509 296 2544 Galam.
317 2517 379 2551 14;
405 2508 488 2554 ΕΜ)
490 2519 550 2544 .v.
569 2507 632 2552 (ad
613 2471 885 2554 13ΗΡ101000111),
903 2508 964 2544 vii.
983 2508 1047 2554 (ad
1070 2507 1304 2554 Heloissmn),
1323 2510 1437 2544 Serm.
1457 2508 1558 2544 xxxi.
1577 2511 1619 2544 in

157 2557 242 2591 Nat.
261 2556 295 2590 S.
313 2555 396 2600 step
397 2555 431 2590 h.
435 2519 526 2593 (ed.
542 2553 802 2602 Cousintpp.
846 2566 879 2600 2,
903 2566 980 2599 100,
1003 2565 1079 2600 15ο,
1099 2560 1195 2602 555).
1383 2566 1472 2600 14,1
1526 2558 1619 2592 sicut

159 2602 407 2638 Ecclesiastico
428 2604 538 2647 refert
553 2603 738 2638 Historia:
763 2614 795 2639 v.
794 2566 980 2640 1111001).
962 2604 1058 2639 Eccl.
1077 2604 1173 2638 Hist.
1191 2602 1239 2637 vi.
1259 2603 1290 2646 8,
1310 2614 1422 2648 quam
1440 2614 1464 2638 a
1515 2603 1618 2639 ufino

158 2648 292 2685 Latine
310 2658 452 2683 versam
470 2648 538 2695 (οᾱ.
559 2648 727 2685 Cacciari
743 2649 790 2685 vi.
808 2651 841 2693 6,
862 2662 898 2696 p.
917 2652 1000 2696 331)
1019 2649 1114 2696 legit
1133 2650 1294 2686 Ioannes
1311 2652 1449 2686 noster.
1576 2652 1617 2687 18

158 2698 328 2742 lequntm
337 2696 482 2741 quidam
495 2697 583 2732 etc.:
600 2708 631 2732 v.
646 2696 802 2733 Hieron.
816 2699 893 2732 adv.
909 2699 1023 2733 Iovia.
1035 2697 1075 2733 ii.
1089 2697 1325 2744 9(MigneP.
1339 2699 1383 2733 L.
1396 2696 1501 2733 xxiii.
1518 2699 1618 2742 298).

159 2753 203 2780 22
229 2743 430 2778 Aristotilis
453 2743 586 2778 dictum
611 2745 703 2780 etc.:
729 2756 760 2779 v.
777 2743 859 2780 Val.
879 2744 980 2780 Max.
999 2744 1060 2780 vii.
1080 2755 1100 2780 2
1119 2747 1195 2780 ext.
1218 2755 1271 2780 11.
1440 2747 1486 2780 26
1510 2746 1620 2780 Dicat

158 2791 350 2836 Apostolus
363 2791 456 2836 quod
473 2791 650 2826 uoluerit.
673 2789 698 2826 i.
712 2802 742 2827 0.
755 2792 875 2836 Nobis,
893 2794 926 2826 si
939 2794 1046 2837 qulae
1062 2793 1218 2826 nimium
1231 2793 1417 2838 indulqere
1432 2793 1618 2835 soleamus,

149 2840 300 2884 frustra
316 2838 450 2872 dixerat
466 2838 657 2882 Apostolus
672 2838 803 2882 Fuyite
812 2840 1106 2883 fornicationem,
1124 2840 1211 2886 quia
1227 2841 1300 2876 010.
1445 2848 1489 2883 27
1512 2841 1619 2885 qulae

157 2886 318 2922 seruire.
345 2883 394 2920 cf.
410 2883 501 2921 Hor.
517 2885 593 2921 Sat.
609 2883 648 2921 11.
667 2894 699 2931 7.
720 2895 798 2924 111.

1444 2949 1504 2983 251
