1988 3250
150 228 252 266 0111».
267 214 371 276 xxv]
673 215 1114 261 POLIORATICVS
1640 217 1732 267 609
1751 216 1781 257 d

0 327 37 393 [fx-¹
151 335 336 395 Semper
363 335 483 380 enim
508 334 652 379 uincit
678 335 871 387 luxuria,
899 336 977 380 sed
1007 351 1081 381 eos
1110 337 1350 381 dumtaxat
1378 351 1488 395 quos
1518 340 1623 381 ante

10 393 31 451 {⁴⁵
149 405 416 462 corrumpit3
447 419 584 462 eoque
608 405 850 449 studiosius
870 405 1085 464 fugienda
1108 409 1176 450 est
1196 421 1284 463 quo
1304 406 1352 449 in
1372 407 1623 450 clientelam

6 452 27 543 Ξ
149 489 276 519 suam
295 474 505 530 acerrime
525 474 652 518 seuit.
711 474 959 518 Antiochus
986 478 1140 519 tantae
1167 475 1372 519 luxuriae
1400 478 1446 519 et
1472 490 1623 533 super-

0 530 3 588 [
149 543 339 588 finitatis
358 543 575 587 instruxit
601 544 845 588 exercitum
872 547 925 588 ut
950 545 1086 588 etiam
1110 544 1304 602 gregarii
1330 544 1494 588 milites
1514 560 1624 589 auro

0 545 29 691 ᾖ
112 629 131 663 s
149 612 314 670 caligas
352 611 551 656 facerent
589 612 982 671 proculcarentque
1024 614 1279 658 materiam·
1305 614 1432 658 cuius
1475 629 1625 658 amore

11 685 29 733 ²,
148 681 302 740 populi
332 681 558 725 dimicant.

169 788 172 793 .
208 751 328 794 Gens
362 765 537 808 quoque
572 750 839 794 Parthorum
870 752 1124 810 saepissime
1156 756 1394 810 superatur
1425 767 1477 796 eo
1507 752 1625 811 quod

148 819 502 864 luxuriosissima
531 822 610 863 est.
669 819 788 863 Nam

326 905 506 963 uicquid
535 905 593 948 ad
623 904 738 950 Eoos
767 909 938 950 tractus
966 907 1210 964 mundique
1240 910 1438 966 teporem

89 976 135 1007 ιο
294 964 310 1007 1
342 964 446 1018 itur,
476 964 645 1008 emollit
672 968 828 1022 gentes
857 965 1092 1009 clementia
1120 966 1213 1009 celi.
1641 972 1717 1012 610
1738 983 1769 1013 a

150 1049 306 1095 Solent
339 1065 429 1094 non
459 1050 507 1093 in
536 1050 629 1094 acie
659 1050 859 1105 cominus
887 1052 1096 1109 praeliari
1128 1053 1218 1106 sed,
1249 1053 1394 1111 quoad
1426 1057 1623 1111 possunt,

148 1119 321 1164 hostem
354 1120 526 1163 eminus
561 1119 728 1164 ledunt.
804 1120 1015 1165 Obsessas
1047 1122 1178 1165 urbes
1213 1137 1338 1165 mora
1371 1126 1418 1166 61
1451 1123 1625 1166 uiribus

148 1188 353 1233 nesciunt
372 1204 639 1247 expugnare.
699 1189 908 1248 Pugnant
933 1195 1084 1235 autem
1110 1192 1474 1249 procurrentibus
1500 1192 1626 1250 equis

24 1304 25 1307 ,
149 1262 230 1303 aut
271 1262 399 1318 terga
437 1259 661 1312 dantibus,
699 1260 876 1318 saepius
915 1261 1050 1304 etiam
1096 1261 1412 1305 simulantibus
1455 1261 1623 1319 fugam.

26 1335 29 1353 ²
87 1339 132 1376 15
151 1328 341 1387 Signum
361 1329 432 1372 his
451 1344 508 1372 ex
536 1329 722 1386 antiquo
749 1344 870 1373 more
890 1344 979 1373 non
1003 1331 1115 1374 tuba
1140 1331 1218 1375 sed
1246 1332 1447 1389 timpano
1466 1332 1625 1385 datur;

149 1413 230 1443 1160
249 1413 449 1456 pugnare
469 1399 547 1442 diu
562 1402 758 1457 possunt,
775 1400 881 1457 quia
896 1400 1197 1444 intolerabiles
1209 1405 1356 1445 essent
1371 1402 1408 1444 si
1430 1405 1626 1459 quantus

151 1470 220 1512 est
239 1483 392 1512 eorum
407 1468 612 1527 impetus,
627 1472 756 1512 tanta
770 1473 885 1513 esset
900 1471 1242 1527 perseuerantia.
1288 1471 1467 1514 Natura
1486 1471 1627 1522 taciti,

156 1537 214 1582 ad
240 1538 498 1582 faciendum
530 1553 663 1596 quam
695 1538 753 1581 ad
788 1538 1023 1582 dicendum
1062 1541 1369 1598 promptiores,
1398 1541 1446 1583 111
1475 1540 1625 1584 cibum

156 1607 290 1666 parci,
316 1608 426 1652 fides
453 1607 562 1652 dicti
588 1608 880 1666 promissique
910 1608 1046 1661 nulla,
1077 1609 1353 1667 principibus
1384 1613 1507 1653 metu
1534 1625 1625 1654 non

20 1670 29 1699 τ’
92 1693 134 1721 ιο
151 1677 319 1735 pudore
347 1677 420 1721 uel
450 1677 662 1735 religione
691 1680 863 1735 parent.
923 1677 1204 1736 Principatus
1233 1694 1340 1723 uero
1370 1694 1501 1737 quem
1531 1695 1625 1724 cor-

150 1746 322 1804 rumpit
361 1746 552 1797 luxuria,
597 1747 675 1790 diu
718 1751 837 1791 stare
884 1762 974 1791 non
1019 1751 1168 1806 potest
1214 1752 1305 1800 aut,
1352 1750 1390 1792 si
1437 1750 1624 1800 steterit,
1641 1751 1672 1790 b

150 1816 427 1874 opprimente
475 1816 639 1860 iudicio
688 1816 772 1861 Dei
822 1821 998 1861 euomet
1051 1818 1262 1875 quicquid
1316 1819 1625 1862 immoderatio

149 1884 354 1928 luxuriae
392 1885 554 1929 hausit.
633 1886 816 1930 Modum
855 1887 1074 1944 siquidem
1114 1888 1183 1931 sui
1223 1889 1364 1931 nescit
1402 1903 1482 1932 nec
1519 1892 1625 1932 ante

149 1954 539 2012 intemperantiam
560 1955 763 2013 reprimit
783 1971 918 2013 quam
945 1972 1002 2000 ex
1022 1957 1349 2016 indulgentiore
1370 1958 1549 2002 licentia
1576 1958 1624 2001 in

0 2034 18 2077 22,
90 2041 135 2077 ²5
151 2026 396 2067 extremam
416 2024 741 2081 turpitudinem
761 2025 1033 2082 prolabatur.

0 2079 17 2158 ξ
209 2092 480 2136 Assiriorum
526 2093 697 2137 discute
743 2094 897 2152 plagas
944 2099 990 2139 et
1034 2096 1323 2139 historiarum
1369 2097 1626 2140 testimonio

2 2162 21 2210 ἵ
149 2162 382 2206 001111111068
421 2177 559 2220 regna
597 2178 748 2206 eorum
789 2164 984 2222 impulsu
1023 2165 1230 2209 luxuriae
1270 2181 1363 2209 esse
1399 2166 1624 2209 subuersa.

150 2230 278 2275 Inter
296 2234 443 2275 cetera
467 2231 606 2276 refert
632 2233 803 2291 Trogus
830 2235 949 2291 quod
976 2238 1225 2291 postremus
1252 2250 1332 2278 rex
1353 2236 1624 2279 Assiriorum

150 2300 357 2358 regnauit
386 2301 734 2360 Sardanapallus
762 2303 835 2346 uir
863 2304 1048 2348 muliere
1080 2306 1341 2362 corruptior.
1402 2305 1473 2348 Ad
1506 2306 1625 2349 hunc

4 2360 13 2426 gs
91 2386 135 2420 30
150 2369 392 2413 uidendum
417 2370 553 2428 (quod
579 2372 746 2415 nemini
773 2376 878 2416 ante
905 2388 1006 2416 eum
1026 2375 1290 2431 permissum
1311 2374 1478 2430 fuerat)
1499 2390 1623 2432 prae-

150 2437 306 2492 fectus,
345 2454 445 2483 cum
485 2441 663 2484 admitti
704 2443 867 2500 magna
906 2443 1148 2487 ambitione
1195 2459 1298 2502 egre
1345 2445 1624 2502 optinuisset,

152 2577 175 2604 2
199 2567 290 2623 quo]
307 2568 407 2615 quod
425 2568 491 2605 SM
614 2579 651 2605 11
680 2568 892 2624 comminus
909 2569 934 2606 S
1057 2580 1100 2616 13
1124 2570 1418 2618 procurentibus
1435 2570 1460 2607 S
1579 2572 1621 2608 18

151 2617 376 2662 promtiores
390 2616 424 2651 A
565 2617 611 2653 26
635 2616 891 2664 hystoriarum
909 2617 950 2654 M

201 2735 222 2771 3
247 2726 447 2762 Antiochus
461 2728 556 2763 etc.:
582 2739 612 2762 v.
632 2726 764 2763 lustin.
782 2725 935 2763 xxxviii.
956 2735 1000 2762 10
1017 2725 1036 2774 ξ
1056 2737 1089 2772 3.
1293 2737 1316 2772 9
1338 2728 1509 2774 quicquid
1525 2728 1622 2764 etc.:

152 2770 242 2809 Luc.
259 2773 389 2810 Pham.
405 2773 484 2809 viii.
501 2776 580 2820 365,
601 2775 679 2819 366.
827 2785 864 2810 11
893 2776 1016 2810 Solent
1032 2775 1103 2812 etc.
1118 2787 1127 2810 τ
1152 2787 1186 2810 v.
1206 2774 1338 2810 Iustin.
1351 2775 1421 2810 xli.
1439 2786 1459 2810 2
1479 2774 1520 2821 §§
1541 2784 1572 2819 7.
1586 2776 1619 2811 8.

156 2827 199 2863 17
223 2820 369 2855 Natum
384 2823 479 2858 etc.:
503 2833 534 2857 v.
552 2821 687 2857 lustin.
706 2820 771 2857 xli.
790 2832 810 2867 3
830 2820 871 2868 §§
892 2823 995 2858 8—10.
1103 2824 1161 2866 28,
1176 2832 1222 2867 29
1241 2828 1444 2868 postremus
1456 2825 1623 2868 reqnwit

154 2868 226 2904 610.
243 2877 252 2903 :
279 2866 412 2906 lustin.
427 2867 454 2904 i.
473 2878 495 2915 3
513 2867 556 2916 ἕξ
578 2878 654 2916 1-5,
674 2867 897 2914 quibusdam
913 2870 1044 2906 tamen
1061 2868 1222 2905 omissis.
1481 2902 1484 2905 .

1473 2949 1515 2984 3⁹
