1988 3250
198 208 281 258 589
298 205 328 246 d
673 203 933 248 IOANNIS
973 203 1486 250 SARESBERIENSIS
1638 205 1747 267 [Lm.
1762 218 1814 250 VI

344 325 511 369 canus?
539 353 543 357 -
570 324 731 368 Nonne
755 327 890 382 caput
912 324 1095 382 rapinae
1119 327 1165 368 et
1184 325 1259 368 lex
1277 325 1550 370 uiolentian
1608 326 1726 380 Quid
1747 329 1816 370 est

345 394 632 452 publicanus?
663 394 831 437 Praedo
843 394 938 437 sine
950 394 1129 451 pudore,
1141 394 1336 438 medicus
1348 395 1613 439 exterminii.
1654 395 1816 439 Nonne

346 463 584 507 immanior
602 466 670 507 est
690 463 866 507 furibus
886 464 1180 521 publicanus?
1239 464 1332 506 Fur
1350 479 1542 521 namque
1561 465 1634 508 uel
1653 465 1816 508 timens

347 533 550 586 furatum
580 533 653 576 hic
672 536 822 576 autem
842 533 1063 590 delinquit
1083 533 1367 577 confidenter.
1409 534 1501 576 Fur
1512 534 1692 591 laqueos
1705 534 1817 592 legis

347 603 479 646 timet
492 617 501 654 ς
521 603 594 646 hic
613 603 824 660 quicquid
837 602 993 646 fecerit
1005 603 1147 660 legem
1167 605 1310 660 putat.
1354 603 1447 646 Lex
1462 603 1608 646 furem
1623 604 1818 646 deterret
1836 616 1855 650 5

192 688 279 728 590
301 687 332 717 a
349 672 407 715 ab
426 672 611 725 illicitis;
642 671 715 715 hic
730 672 787 714 ad
802 672 1006 729 iniquum
1025 672 1223 715 malitiae
1238 687 1344 716 suae
1355 672 1663 730 compendium
1675 673 1819 730 legem

348 742 501 786 trahit.

298 818 324 825 ”
409 811 520 865 Quis
541 827 592 855 eo
618 811 823 869 iniquior,
844 812 921 869 qui
948 812 1097 855 uerbis
1124 812 1324 855 iustitiae
1344 811 1564 855 iustitiam
1594 811 1820 868 dampnat,

350 884 396 924 et
425 881 561 924 armis
585 882 862 925 innocentiae
889 882 1063 938 spoliat,
1093 882 1314 932 uulnerat,
1340 881 1502 925 occidit
1530 881 1819 925 innocentes?

351 950 469 1008 Lege
498 951 654 1008 utique
681 951 825 1008 legem
853 951 1034 1008 perimit
1064 954 1120 1002 et,
1141 951 1248 994 dum
1279 951 1389 994 alios
1417 953 1550 1008 urget
1579 950 1637 993 ad
1666 950 1821 1007 legem,
1841 964 1883 990 10

351 1020 483 1063 exlex
508 1023 587 1063 est.
647 1020 765 1063 Nam
793 1021 908 1064 sicut
934 1023 1125 1078 praetor,
1145 1021 1280 1064 etiam
1307 1035 1409 1064 cum
1433 1021 1585 1077 inique
1612 1019 1821 1070 decernit,

351 1089 422 1133 ius
441 1090 562 1142 dicit,
577 1089 732 1133 habito
752 1093 902 1133 tamen
922 1093 1124 1147 respectu
1144 1105 1235 1133 non
1254 1090 1312 1132 ad
1332 1090 1378 1132 id
1400 1089 1518 1146 quod
1538 1089 1649 1132 facit
1668 1089 1744 1132 sed
1765 1088 1823 1131 ad

351 1159 399 1202 id
420 1159 538 1220 quod
554 1159 698 1203 facere
713 1159 868 1212 debet;
897 1160 960 1203 sic
975 1162 1022 1203 et
1035 1159 1309 1216 publicanus,
1325 1159 1460 1202 etiam
1475 1173 1575 1202 cum
1591 1158 1823 1215 delinquit,

353 1229 424 1271 ius
439 1229 620 1272 uidetur
631 1229 826 1286 implere,
839 1229 994 1272 habita
1008 1232 1159 1272 tamen
1174 1228 1316 1279 officii,
1328 1243 1417 1272 non
1430 1228 1628 1271 malitiae
1640 1228 1824 1270 ratione.

356 1298 446 1342 Sed
465 1298 583 1355 quod
604 1302 672 1342 est
691 1299 883 1342 officium
901 1299 1157 1356 publicani‘l
1215 1298 1336 1341 Luca
1355 1297 1575 1341 referente
1590 1297 1825 1340 didicimus
1845 1307 1886 1342 15

356 1367 464 1425 quia
482 1368 707 1424 publicani
726 1372 948 1411 uenerunt
974 1368 1030 1411 ad
1055 1368 1301 1411 Iohannem
1328 1370 1381 1410 ut
1407 1367 1743 1424 baptizaremur
1768 1366 1826 1409 ab

358 1450 433 1489 e03
477 1439 524 1480 et
554 1437 792 1480 dixerunt:
834 1437 1060 1495 Magister,
1096 1437 1205 1494 quid
1239 1436 1482 1481 faciemus?
1541 1436 1828 1493 Respondens

358 1509 508 1550 autem
530 1506 703 1550 dicebat
722 1507 834 1550 illis:
865 1507 909 1549 N
911 1507 1017 1550 ichil
1036 1507 1227 1564 amplius
1247 1521 1381 1564 quam
1401 1506 1519 1563 quod
1533 1506 1827 1549 constitutum

311 1583 341 1622 b
361 1579 428 1619 est
452 1576 581 1619 uobis
609 1576 814 1634 exigatis,
873 1576 982 1620 Ecce
1012 1577 1203 1620 officium
1229 1576 1454 1634 publicani
1480 1575 1659 1633 exigere
1686 1580 1732 1619 et
1759 1589 1827 1619 re-

359 1645 503 1703 cipere
524 1645 641 1702 quod
661 1649 882 1689 statutum
903 1649 983 1690 est.
1044 1645 1266 1703 Quicquid
1295 1648 1446 1688 autem
1475 1645 1667 1702 amplius
1696 1647 1776 1698 est,
1799 1659 1828 1688 a
1847 1658 1891 1683 20

359 1715 479 1758 malo
493 1717 561 1757 est
575 1714 795 1772 exigentis
810 1718 856 1759 et
870 1715 1138 1772 accipientis,
1150 1729 1239 1758 non
1260 1714 1524 1772 praebentis„
1567 1714 1665 1758 Hoc
1677 1716 1828 1757 autem

360 1783 418 1827 ad
452 1783 650 1827 omnium
685 1784 1030 1842 magistratuum
1065 1784 1272 1828 officiales
1306 1784 1563 1842 porrigitur,
1591 1787 1645 1827 ut
1679 1783 1736 1827 ab
1766 1783 1830 1827 eis

360 1853 498 1897 nichil
527 1853 719 1910 amplius
749 1854 967 1912 exigatur.

420 1922 710 1979 Apparitores
729 1923 880 1980 itaque
901 1923 1086 1967 licenter
1110 1923 1299 1981 exigunt
1326 1923 1443 1980 quod
1470 1923 1534 1966 eis
1560 1922 1748 1966 debetur
1773 1937 1831 1966 ex

362 1991 585 2049 sportulis,
606 1995 652 2035 et
671 1993 868 2035 omnium
889 1993 1163 2036 stratilatum
1184 1992 1360 2036 ordines
1380 1992 1591 2035 salarium
1615 1992 1829 2036 constitu·
1849 2004 1892 2039 25

363 2065 462 2105 tum
481 2061 598 2104 iuste
617 2061 853 2119 accipiunt.
911 2061 1157 2106 Concutere
1177 2065 1326 2105 tamen
1347 2065 1393 2105 et
1414 2076 1575 2105 vexare
1602 2076 1691 2105 non
1715 2061 1833 2115 licet,

365 2135 419 2174 ut
438 2133 789 2187 extorqueantur
813 2135 859 2174 et
882 2146 1079 2174 munera.
1140 2131 1277 2189 Ignis,
1297 2131 1445 2189 inquit
1470 2131 1625 2174 beatus
1645 2131 1739 2182 Iob,
1759 2131 1834 2175 de-

365 2200 544 2243 uorabit
574 2200 861 2244 tabernacula
890 2215 1042 2244 eorum
1069 2201 1146 2258 qui
1174 2215 1359 2244 munera
1388 2200 1578 2243 libenter
1600 2201 1835 2258 accipiunt.

366 2269 582 2327 Concepit
600 2269 794 2313 dolorem
820 2273 1065 2314 conuentus
1090 2284 1242 2314 eorum
1270 2273 1316 2314 et
1342 2269 1515 2327 peperit
1540 2269 1837 2327 iniquitatem,

371 2404 390 2444 5
417 2394 593 2443 quicquit
608 2395 641 2430 A
784 2404 827 2432 21
855 2394 1045 2443 exigentis
1062 2396 1119 2432 est
1135 2373 1302 2432 c‘BA‘M

347 2546 351 2550 ,
416 2527 439 2563 4
462 2518 697 2571 confidenter:
725 2516 920 2553 Hactenus
936 2514 1164 2551 Laurentius
1176 2513 1483 2551 Mediolanensi&
1630 2526 1671 2572 !.¹.
1690 2522 1843 2563 praetor

370 2566 471 2603 cta:
498 2576 530 2600 v.
547 2564 631 2611 Dig.
648 2576 673 2600 ι.
698 2574 725 2600 1.
749 2574 801 2601 ιι.
979 2572 1017 2609 ¹5
1046 2564 1145 2599 Luca
1163 2565 1335 2608 referente
1352 2564 1447 2599 eta:
1472 2575 1506 2599 v.
1524 2562 1612 2600 Luc.
1629 2575 1687 2600 m.
1709 2575 1749 2601 12
1785 2574 1839 2612 13.

372 2622 416 2667 35
438 2610 997 2696 gportulfecolgelapperitorum
1015 2612 1053 2664 et
1070 2613 1334 2693 οκίεὶφουιοψιέι
1353 2609 1481 2693 litiltlim
1503 2611 1681 2665 sportulis
1697 2623 1728 2647 v.
1741 2591 1840 2694 pig..

372 2659 621 2744 affixe.
647 2670 904 2760 &⁸222
915 2668 947 2704 ³·
964 2667 1009 2704 ³²
1029 2659 1046 2704 ἑ
1064 2667 1126 2741 ⁵3⁶
1140 2667 1424 2759 &aava
1437 2668 1627 2760 53¹3:ss
1646 2665 1842 2744 mazza:

372 2756 552 2792 concum’o
568 2766 646 2791 ene
665 2753 807 2790 dicitur
822 2765 853 2789 ιι
870 2751 1048 2789 nmulato
1066 2752 1248 2799 praesidis
1265 2763 1364 2789 mauu
1382 2764 1424 2790 ve
1464 2764 1533 2799 per
1554 2764 1676 2790 minas
1696 2766 1843 2792 accusa-

374 2802 493 2840 tioni·
510 2801 710 2848 pecuniam
729 2800 863 2838 illicite
876 2802 1127 2846 extorqueant
1144 2798 1342 2843 officialem
1368 2812 1400 2838 v.
1413 2799 1496 2847 Dig.
1513 2799 1566 2838 iii.
1581 2802 1639 2848 61,
1653 2801 1756 2840 xlvii.
1774 2812 1816 2849 13
1830 2813 1840 2849 ς

374 2850 463 2887 Cod.
485 2849 616 2886 lustin.
635 2848 700 2885 xii.
717 2851 776 2886 61.
919 2857 963 2893 27
989 2849 1092 2894 lynia
1108 2850 1205 2885 et0.:
1230 2847 1296 2884 lob
1313 2859 1371 2884 xv.
1389 2858 1446 2895 34,
1466 2856 1522 2895 35.

482 2930 507 2965 4
