1988 3250
187 228 274 278 683
292 235 324 270 a
647 228 912 274 IOANNIS
950 227 1467 275 SARESBERIENSIS
1605 229 1719 291 [ΗΒ.
1733 239 1807 275 vn

338 347 452 392 Osee
490 348 732 393 mandante
777 349 970 394 Domino
1007 349 1287 407 amplexibus
1331 349 1576 394 meretricis
1621 350 1808 394 adhesit.

339 418 561 475 Insipiens
594 422 686 472 est;
725 419 804 463 sed
833 433 914 477 per
941 418 1245 477 insipientiam
1273 419 1430 462 mundi
1461 419 1659 463 decreuit
1687 420 1810 463 Deus

337 487 515 531 saluare
551 487 791 532 credentes.
870 488 1105 532 Percussor
1147 491 1241 541 est3
1289 487 1367 531 sed
1412 488 1570 532 Petrus
1608 489 1809 547 gladium

340 571 526 601 exerens
559 557 678 601 serui
709 557 922 615 principis
956 557 1234 600 sacerdotum
1265 557 1510 601 auriculam
1541 559 1809 616 amputauit.

293 623 324 664 b
341 626 628 670 Meticulosus
647 630 716 670 est
730 641 741 680 ;
770 626 848 670 sed
863 626 995 669 Ionas
1009 626 1067 669 ad
1083 626 1313 670 Niniuitas
1328 627 1500 670 ueritus
1512 630 1581 670 est
1594 627 1811 679 accedere,
1832 644 1851 678 5

340 695 534 739 Thomas
553 696 611 739 ad
631 696 777 739 Indos.
836 695 1031 739 Tenetur
1046 695 1351 739 functionibus
1369 696 1559 754 publicis
1577 696 1811 754 alligatus3

340 766 418 809 sed
451 766 658 809 Matheus
691 765 747 808 de
777 765 983 808 theloneo
1017 768 1273 822 assumptus
1308 767 1388 809 est.
1449 765 1714 809 Vinolentus
1743 766 1812 808 est

341 838 389 878 et
407 834 585 878 deditus
604 835 759 892 gulae;
788 834 865 878 sed
885 834 1104 877 Dominus
1128 834 1222 891 ipse
1249 834 1395 878 dictus
1418 837 1487 878 est
1505 837 1685 892 potator
1703 835 1812 886 uini,

342 907 526 948 uorator
543 904 756 948 carnium.
814 904 919 947 Non
934 903 1181 960 adquiescit
1195 903 1461 956 maioribus;
1489 903 1567 947 sed
1582 907 1629 947 et
1648 904 1813 947 Paulus

342 974 392 1016 in
423 973 582 1017 faciem
616 973 785 1017 restitit
817 973 958 1016 Petro.
1019 971 1335 1016 Contentiosus
1367 975 1459 1026 est3
1497 976 1544 1016 et
1574 973 1694 1017 inter
1723 973 1812 1017 dis·
1832 987 1875 1012 10

342 1043 512 1100 cipulos
536 1043 671 1086 Ihesu
701 1042 822 1086 facta
850 1042 1076 1086 contentio
1105 1045 1388 1086 memoratur.
1447 1042 1642 1086 Garulus
1671 1046 1740 1086 est
1768 1045 1815 1086 et
1845 1055 1850 1060 ’

344 1112 598 1170 linguosus3
637 1111 857 1156 facundus
891 1112 1119 1162 habeatur,
1151 1111 1361 1168 quoniam
1395 1114 1442 1155 et
1475 1111 1717 1169 Apostolus
1751 1112 1815 1157 sic

344 1182 491 1225 dictus
511 1186 580 1225 est
598 1181 948 1225 seminiuerbius.
1007 1181 1217 1224 Militiam
1241 1184 1461 1224 armatam
1485 1182 1685 1225 exercuit
1697 1195 1707 1234 ;
1737 1181 1815 1225 sed

347 1251 569 1294 Martinus
607 1251 784 1294 Iuliano
818 1251 984 1308 legitur
1017 1251 1245 1294 militasse.
1303 1250 1386 1293 Vir
1419 1251 1687 1308 sanguinum
1722 1254 1814 1305 est3

345 1321 423 1364 sed
466 1321 642 1377 Moyses
682 1319 911 1377 Egiptium
951 1319 1178 1363 interfecit
1211 1322 1258 1364 et
1291 1320 1523 1364 abscondit
1559 1321 1608 1363 in
1647 1321 1814 1365 sabulo.
1834 1334 1874 1372 ¹5

346 1389 636 1434 Manifestum
672 1393 740 1432 est
769 1389 1079 1442 homicidium;
1107 1392 1154 1433 et
1183 1389 1363 1433 Samuel
1392 1393 1623 1447 praesente
1652 1390 1816 1448 populo

303 1472 331 1503 c
348 1474 496 1517 regem
526 1458 869 1517 pinguissimum
899 1458 1138 1503 interfecit.
1197 1458 1397 1503 Perfidus
1422 1462 1490 1503 est
1515 1462 1562 1503 et
1587 1459 1816 1517 periurus;

348 1529 427 1572 sed
457 1529 614 1572 Petrus
641 1527 872 1585 perfidiam
899 1528 1095 1584 periurio
1120 1528 1380 1572 cumulauit.
1440 1528 1595 1573 Mutus
1621 1532 1689 1572 est
1701 1543 1712 1582 ;
1738 1529 1817 1573 sed

347 1597 431 1642 hoc
461 1597 719 1641 Zachariam
746 1611 774 1640 a
797 1597 1043 1640 sacerdotio
1069 1612 1159 1640 non
1186 1597 1386 1641 exclusit.
1445 1597 1586 1642 Cecus
1613 1601 1681 1642 est
1693 1611 1704 1651 ;
1736 1598 1815 1642 sed

348 1671 396 1711 et
416 1667 580 1710 Paulus
598 1666 750 1709 uidere
769 1681 859 1710 non
885 1669 1061 1723 poterat
1081 1667 1259 1723 quando
1282 1682 1384 1710 eum
1404 1667 1604 1711 Ananias
1623 1668 1815 1712 Domino
1833 1678 1878 1707 πο

348 1736 636 1781 consecrauit.
698 1735 994 1793 Exigentibus
1025 1736 1166 1794 culpis
1195 1736 1423 1794 depositus
1452 1740 1543 1790 est;
1576 1737 1654 1780 sed
1683 1737 1816 1781 multi

348 1871 368 1909 7
396 1861 566 1900 thelonio
584 1861 609 1898 S
833 1862 854 1898 8
879 1861 945 1897 sed
964 1860 1148 1898 Dominus
1165 1861 1247 1909 ipse
1265 1873 1332 1899 om.
1352 1862 1392 1898 M
1412 1861 1492 1907 (ubi
1508 1863 1548 1899 in
1564 1863 1693 1900 horum
1708 1874 1817 1900 uoca-

348 1912 513 1948 bulorum
528 1911 603 1947 loco
619 1921 724 1945 erasa
741 1914 827 1945 eunt
839 1909 1030 1956 quaedam)
1139 1920 1179 1947 11
1207 1908 1389 1946 Garrulus
1406 1909 1507 1946 ASM
1615 1919 1657 1958 15
1683 1910 1820 1949 moises

348 1957 374 1995 S
469 1957 668 2005 egyptium
686 1956 792 1992 ΒΑΜ

346 2076 518 2123 quoniam
541 2099 551 2109 .
577 2100 586 2110 .
613 2099 623 2110 .
648 2072 890 2118 impeditioris
914 2072 1061 2118 linquae
1076 2073 1197 2116 fuisse
1220 2073 1454 2118 diqnoecitur,
1478 2072 1613 2110 tradito
1636 2075 1820 2111 doctrinae

348 2122 549 2158 ministerio
572 2121 767 2156 venerabili
800 2121 995 2165 Vincentio,
1021 2121 1097 2166 ipse
1119 2121 1277 2156 orationi
1301 2125 1333 2155 et
1357 2122 1507 2156 diuinae
1530 2123 1823 2167 contemplationi

347 2171 494 2206 sedulus
513 2169 710 2203 insistebat.
759 2166 954 2203 Valerium
980 2170 1108 2203 tamen
1134 2166 1176 2203 in
1199 2166 1371 2204 exsilium
1392 2169 1482 2204 ante
1505 2167 1581 2204 rele
1634 2171 1717 2204 tum
1740 2180 1820 2206 esse

349 2228 463 2263 quam
487 2215 709 2251 interfectus
733 2214 783 2250 eit
809 2213 1043 2257 Vincentius,
1071 2226 1140 2251 nec
1164 2214 1300 2251 ultimo
1325 2226 1395 2261 sup
1424 2214 1514 2252 licio
1538 2227 1561 2251 a
1593 2218 1718 2253 ectum
1741 2227 1820 2253 esse

349 2265 481 2301 narrat
507 2263 686 2299 Actorum
712 2261 885 2308 scriptor.
1055 2271 1070 2299 1
1101 2263 1185 2298 Osee
1209 2264 1304 2298 etc.:
1330 2274 1363 2297 v.
1419 2274 1449 2299 s.
1464 2262 1489 2298 i.
1509 2273 1543 2299 2.
1710 2273 1730 2299 2
1750 2275 1824 2310 per

349 2312 601 2358 insipientiam
618 2311 710 2346 etc:
735 2320 767 2345 v.
789 2319 803 2346 1
825 2308 907 2346 Cor.
925 2308 950 2345 i.
971 2317 1028 2346 21.
1200 2319 1221 2355 3
1248 2310 1378 2345 Petrus
1393 2311 1485 2346 etc.:
1511 2321 1541 2346 v.
1561 2309 1697 2347 Ioann.
1715 2309 1821 2349 xviii.

355 2369 419 2400 10:
445 2358 492 2394 ef.
508 2357 618 2394 Matt.
631 2355 728 2392 xxvi.
744 2365 797 2403 51.
895 2365 923 2439 ἓ
950 2358 1060 2393 Ionae
1072 2358 1163 2393 etc.:
1188 2368 1219 2392 v.
1240 2356 1319 2393 Ion.
1333 2356 1359 2393 i.
1375 2366 1406 2402 3.
1507 2358 1531 2394 6
1558 2358 1714 2395 nomae
1727 2360 1821 2395 etc.z

350 2418 382 2443 v.
397 2405 542 2442 Abdiae
559 2406 682 2451 Aponi.
701 2405 795 2439 luet.
814 2414 875 2451 ap.
924 2403 1037 2440 abric.
1059 2405 1144 2441 Cod.
1167 2406 1293 2450 Apocr.
1311 2405 1356 2440 N.
1376 2405 1414 2440 T.
1434 2403 1472 2442 ii.
1490 2406 1571 2451 690,
1590 2417 1651 2452 ap.
1670 2404 1823 2443 Bonnet

350 2454 477 2500 Suppl.
499 2453 582 2489 Cod.
602 2454 731 2499 Apocr.
750 2450 774 2488 i.
792 2460 837 2497 97
857 2463 937 2488 oum
961 2463 1066 2497 saepe
1087 2463 1110 2488 a
1133 2453 1288 2488 Domino
1314 2459 1592 2489 commoneretur
1607 2480 1615 2488 .
1637 2479 1647 2489 .
1668 2481 1677 2490 .
1700 2455 1824 2490 beatus

355 2502 511 2539 nomas
533 2505 574 2536 ut
595 2504 719 2557 partes
742 2500 919 2535 citerioris
937 2500 1068 2535 Indiae
1091 2501 1258 2535 uim‘taret
1282 2505 1314 2534 ee
1339 2501 1398 2534 ille
1419 2502 1524 2547 quasi
1546 2501 1659 2536 Ionae
1681 2513 1704 2537 a
1721 2503 1823 2555 socie

351 2549 504 2586 Domini
511 2549 665 2594 fuqiem
686 2548 739 2582 in
761 2548 921 2591 differret
938 2548 1011 2583 etc.
1185 2555 1205 2591 7
1231 2547 1398 2582 Mattheus
1416 2549 1486 2584 etc.
1503 2560 1511 2583 :
1536 2559 1568 2583 v.
1588 2547 1700 2585 Matt.
1718 2559 1769 2585 lx.
1785 2557 1819 2594 9.

353 2598 375 2633 8
394 2597 572 2632 Dominus
589 2597 603 2629 i
629 2605 665 2630 u
680 2596 750 2630 ete.
768 2606 775 2629 :
801 2605 833 2629 v.
853 2593 963 2631 Mati.
982 2593 1031 2629 xi.
1054 2602 1107 2639 19.
1232 2604 1255 2640 9
1279 2595 1420 2631 Paulus
1436 2597 1529 2632 etc.:
1555 2606 1587 2632 v.
1607 2595 1688 2632 Gal.
1705 2595 1745 2632 ii.
1767 2604 1822 2633 11.

357 2653 411 2686 ιο,
428 2653 464 2680 11
484 2606 881 2687 ὄηιενιίἕκίρυῖοεειο.ε
900 2652 932 2676 v.
947 2641 1032 2677 Luc.
1045 2640 1136 2677 xxii.
1155 2650 1212 2686 24.
1315 2651 1355 2678 12
1383 2644 1576 2689 Apostolus
1587 2645 1675 2679 eta:
1695 2655 1724 2679 v.
1738 2643 1822 2680 Act.

354 2691 451 2737 App.
471 2689 557 2725 xvii.
579 2690 630 2726 18.
735 2698 775 2733 14
802 2690 988 2725 Mar-tinae
1002 2690 1097 2725 etc:
1123 2700 1155 2724 v.
1176 2687 1276 2734 Sulp.
1296 2687 1416 2725 Sever.
1431 2691 1473 2724 ‹10-
1498 2691 1577 2725 Vita
1600 2691 1645 2727 B.
1662 2691 1824 2727 Martini

354 2749 387 2775 c.
405 2747 426 2775 2
445 2737 591 2783 (Mioene
609 2738 648 2774 P.
669 2738 709 2773 L.
727 2746 788 2773 xx.
810 2738 902 2780 161).
1021 2745 1060 2783 15
1088 2737 1227 2783 Moym
1244 2738 1337 2772 etc:
1364 2748 1397 2773 v.
1416 2735 1533 2774 Exod.
1552 2736 1591 2774 ii.
1616 2747 1668 2775 12.
1779 2737 1823 2775 16

353 2786 500 2822 samuel
516 2787 609 2822 etc:
635 2796 668 2820 v.
693 2793 706 2820 1
730 2783 819 2829 Reg.
840 2794 896 2819 xv.
915 2793 970 2830 32,
991 2793 1046 2829 33.
1207 2785 1247 2820 18
1274 2784 1403 2821 Peem
1419 2786 1512 2821 etex
1539 2797 1570 2821 v.
1592 2785 1702 2822 Matt.
1722 2784 1821 2822 xxvi.

354 2842 411 2878 7⁴.
554 2841 596 2877 ¹9
620 2833 839 2868 Zachariam
856 2833 949 2868 eta:
976 2842 1008 2867 v.
1028 2830 1114 2868 Luc.
1134 2829 1158 2867 i.
1178 2841 1235 2875 22,
1254 2840 1311 2878 23.
1438 2841 1485 2868 20
1509 2833 1650 2870 Paulus
1665 2835 1761 2871 eta:
1788 2844 1822 2870 ν.

354 2882 436 2918 Aet.
454 2881 549 2926 App,
567 2878 617 2916 ix.
637 2881 741 2917 8-18.

466 2953 531 2999 176
