1988 3250
261 213 343 255 747
361 212 389 244 c
725 201 987 247 IOANNIS
1027 202 1539 249 SARESBERIENSIS
1651 205 1763 263 [ΜΒ.
1776 216 1871 250 vm

403 322 691 379 capessendas
719 322 816 366 fieri
844 323 1083 368 habiliores
1112 326 1159 368 et
1187 324 1330 376 simul,
1351 322 1389 368 si
1419 325 1496 382 qui
1525 325 1704 383 penitus
1730 326 1778 369 in
1801 325 1873 370 his

403 391 687 435 affectionum
719 392 1106 451 cupiditatumque
1140 409 1309 438 errores
1339 395 1534 438 inessent
1567 410 1677 452 quos
1711 396 1874 439 celaret

404 461 571 518 alioqui
594 461 738 518 pudor
760 476 978 514 reuerens,
998 478 1050 506 ea
1079 463 1228 507 omnia
1254 463 1349 507 sine
1378 464 1507 521 graui
1527 465 1722 522 periculo
1741 465 1873 508 liber-

404 534 500 573 tate
531 545 612 587 per
642 530 799 573 uinum
837 531 945 574 data
978 532 1126 590 detegi
1162 536 1212 575 et
1250 533 1307 576 ad
1349 534 1658 591 corrigendum
1696 534 1873 577 meden-

370 589 374 593 ⁴
403 599 599 656 dumque
628 600 725 643 fieri
756 600 1055 657 oportuniora.
1115 601 1264 658 Atque
1294 602 1376 645 hoc
1410 602 1537 646 Plato
1571 603 1736 646 ibidem
1766 602 1876 646 dicit
1895 609 1914 644 5

404 683 495 712 non
524 669 820 726 diffugiendas
848 684 941 712 esse
970 670 1272 713 huiuscemodi
1295 671 1633 715 exercitationes
1662 673 1876 715 aduersus

405 737 502 781 uini
522 737 782 780 uiolentiam
802 739 1147 795 propulsandam
1173 754 1316 796 neque
1341 740 1482 783 ullum
1502 755 1713 798 umquam
1737 741 1876 786 conti-

405 810 586 850 nentem
606 821 787 863 prorsus
807 811 888 850 aut
913 810 1236 864 temperantem
1261 809 1371 852 satis
1397 810 1588 854 fideliter
1611 812 1758 854 uisum
1785 825 1879 854 esse

358 881 388 921 d
406 877 477 921 cui
517 876 615 919 uita
653 890 744 918 non
783 876 902 919 inter
943 876 1042 934 ipsa
1086 891 1286 920 errorum
1324 878 1521 935 pericula
1555 883 1602 924 et
1635 881 1684 923 in
1722 880 1880 923 mediis

406 945 693 1001 uoluptatum
742 945 960 989 illecebris
1001 946 1233 1003 explorata
1273 947 1344 990 sit.
1418 948 1538 991 Nam
1581 949 1654 993 cui
1694 949 1881 993 libentia
1900 971 1942 996 10

407 1015 667 1072 gratiaeque
691 1029 843 1058 omnes
871 1015 1178 1059 conuiuiorum
1201 1016 1452 1074 incognitae
1474 1018 1566 1062 sint
1593 1019 1757 1076 quique
1783 1019 1881 1062 illa-

408 1098 509 1126 rum
549 1082 729 1126 omnino
769 1098 926 1141 expers
965 1082 1036 1135 sit,
1075 1085 1113 1128 si
1153 1099 1255 1128 eum
1295 1085 1412 1130 forte
1451 1087 1509 1130 ad
1552 1088 1883 1146 participandas

410 1152 663 1195 huiusmodi
703 1152 957 1210 uoluptates
997 1156 1077 1197 aut
1108 1154 1317 1198 uoluntas
1352 1155 1508 1199 tulerit
1542 1160 1622 1200 aut
1652 1172 1779 1201 casus
1813 1157 1882 1200 in-

410 1221 591 1265 duxerit
611 1225 692 1264 aut
711 1222 948 1266 necessitas
968 1222 1208 1280 impulerit,
1227 1238 1333 1268 mox
1352 1225 1529 1268 deliniri
1556 1229 1602 1269 et
1621 1227 1719 1284 capi
1739 1241 1883 1284 neque

409 1295 604 1334 mentem
625 1291 720 1334 eius
739 1292 1024 1349 animumque
1039 1293 1287 1337 consistere.
1338 1293 1723 1353 Congrediendum
1743 1295 1884 1354 igitur
1903 1311 1945 1347 15

411 1364 457 1404 et
477 1364 706 1417 tamquam
726 1361 775 1403 in
795 1362 888 1405 acie
908 1362 1101 1419 quadam
1121 1377 1221 1406 cum
1247 1363 1513 1421 uoluptariis
1534 1365 1676 1418 rebus,
1696 1380 1885 1423 cumque

411 1431 500 1473 ista
519 1430 615 1473 uini
631 1430 811 1474 licentia
830 1431 1028 1475 cominus
1048 1432 1382 1485 decernendum,
1397 1437 1450 1477 ut
1469 1434 1682 1478 aduersus
1702 1450 1776 1479 eos
1795 1449 1886 1478 non

414 1499 525 1557 fuga
544 1514 624 1543 nec
644 1499 846 1543 absentia
867 1501 1005 1544 simus
1025 1502 1126 1553 tuti,
1146 1502 1223 1545 sed
1253 1502 1406 1560 uigore
1431 1503 1568 1546 animi
1593 1506 1639 1547 et
1663 1503 1886 1548 constanti

413 1569 667 1626 praesentia
686 1569 1000 1627 moderatoque
1015 1585 1100 1614 usu
1120 1572 1460 1629 temperantiam
1480 1573 1887 1631 continentiamque

414 1642 623 1681 tueamur
646 1641 692 1681 et
720 1638 934 1683 calefacto
963 1640 1096 1683 simul
1120 1640 1351 1698 refotoque
1380 1642 1539 1693 animo,
1559 1642 1597 1686 si
1625 1643 1732 1700 quid
1758 1643 1806 1686 in
1834 1657 1886 1686 eo
1904 1658 1948 1683 πο

416 1707 489 1750 uel
535 1706 726 1765 frigidae
770 1708 983 1752 tristitiae
1025 1710 1098 1753 uel
1137 1711 1355 1767 torpentis
1400 1712 1692 1755 uerecundiae
1735 1712 1887 1764 fuerit,

269 1780 350 1831 748
369 1790 399 1820 a
417 1776 660 1820 abluamus.
707 1776 877 1820 Poterit
896 1779 1139 1822 auctoritas
1160 1779 1358 1823 Platonis
1379 1795 1556 1824 mouere
1577 1796 1711 1838 quam
1727 1781 1889 1839 plures,

417 1845 494 1890 sed
514 1845 649 1889 michi
673 1846 807 1889 nimis
833 1847 999 1891 arduus
1026 1851 1073 1892 et
1102 1849 1364 1892 temerarius
1390 1849 1708 1894 infirmioribus
1729 1851 1890 1895 animis

418 1915 599 1959 uidetur
632 1930 732 1959 cum
769 1916 929 1967 Bacho,
951 1917 1087 1961 immo
1122 1921 1168 1961 et
1198 1932 1299 1961 cum
1331 1919 1490 1975 quauis
1523 1920 1754 1978 uoluptate
1787 1935 1888 1965 con-

417 1998 605 2043 gressus.
666 1984 715 2028 Si
746 1984 862 2028 Loth
892 1986 964 2028 uir
993 1986 1138 2029 iustus
1165 1990 1210 2030 et
1236 1987 1398 2044 dignus
1425 1989 1502 2045 qui
1522 1989 1577 2032 de
1598 1989 1889 2033 Sodomorum
1908 2005 1950 2040 ²5

420 2054 666 2111 eriperetur
685 2053 888 2097 incendio
908 2054 1161 2111 impellente
1181 2055 1276 2099 uini
1296 2057 1477 2100 stimulo
1506 2058 1674 2101 corruit
1698 2058 1745 2101 in
1774 2059 1891 2103 ince-

419 2126 567 2176 stum;
596 2123 634 2166 si
660 2122 757 2166 Noe
778 2123 948 2167 femora
967 2124 1224 2176 denudauit,
1244 2126 1331 2169 fide
1361 2129 1407 2170 et
1433 2128 1765 2184 perseuerantia
1787 2128 1893 2172 boni

420 2193 676 2236 subtractus
709 2191 891 2243 diluuio,
925 2193 1039 2237 alter
1072 2193 1255 2237 humani
1289 2195 1464 2252 generis
1498 2198 1627 2253 pater
1657 2199 1703 2240 et
1736 2197 1894 2240 salutis

421 2261 587 2319 opifex,
626 2261 726 2319 quis
765 2265 866 2305 tuto
904 2263 1200 2320 congreditur,
1244 2264 1329 2307 nisi
1370 2263 1487 2308 forte
1525 2266 1719 2323 seipsum
1754 2266 1894 2310 tantis

423 2331 559 2375 ducat
597 2331 802 2389 patribus
841 2331 1212 2389 praeferendum?
1276 2333 1338 2377 Vt
1378 2337 1528 2377 tamen
1570 2334 1768 2379 Platonis
1803 2349 1894 2378 non
1913 2348 1956 2385 30

424 2400 692 2444 reluctemur
716 2400 872 2454 edicto,
892 2401 1099 2458 congredi
1125 2416 1224 2445 cum
1253 2402 1484 2460 uoluptate
1505 2403 1565 2447 sit
1593 2402 1766 2455 fortius,
1787 2403 1895 2447 dum

424 2508 640 2594 {mallit-:fiis
660 2508 699 2545 M
843 2517 863 2554 7
890 2506 999 2545 illum
1017 2507 1107 2546 MS·
1241 2518 1283 2556 17
1309 2510 1517 2548 comminus
1535 2510 1575 2548 M
1710 2521 1756 2559 23
1781 2510 1896 2549 nimis

473 2662 496 2698 6
520 2662 764 2707 diffuqa'endae
781 2672 874 2697 esse:
899 2659 996 2698 Gen.
1014 2660 1100 2697 add.
1117 2673 1226 2710 noque
1243 2664 1478 2709 respuendas.
1634 2672 1658 2708 9
1682 2664 1765 2700 cui:
1793 2664 1899 2701 cuius

426 2707 525 2746 Gen.
573 2711 678 2744 uita:
721 2706 818 2745 Gon.
845 2707 929 2744 add.
956 2709 1151 2756 uictusque.
1322 2720 1366 2747 10
1389 2711 1558 2747 libentia:
1602 2711 1769 2747 libentiae
1798 2710 1897 2749 Gen.

429 2766 472 2801 1⁴
498 2766 582 2792 mox
597 2757 768 2791 deliniri:
800 2757 953 2792 deleniri
965 2757 1175 2803 pler-umque
1193 2755 1288 2793 Gell.
1470 2766 1509 2805 15
1536 2761 1746 2795 consistere:
1771 2757 1898 2795 Pauca

454 2803 611 2840 uaedam
630 2802 759 2839 omitit
777 2803 949 2840 Ioannes.
1061 2813 1106 2840 22
1130 2805 1342 2840 abluamus:
1369 2806 1559 2841 deluamue
1576 2804 1671 2842 Gen.
1784 2816 1804 2842 2
1811 2814 1828 2852 5
1855 2807 1898 2842 St'

427 2815 519 2888 ἶσαι
532 2853 629 2888 cta:
655 2861 687 2887 v.
705 2849 797 2887 Gen.
811 2849 887 2889 xix.
899 2861 945 2898 ²9
954 2861 1055 2898 seqq.
1174 2860 1219 2896 27
1244 2854 1277 2889 ει·
1293 2853 1367 2889 Noe
1385 2855 1478 2891 ecca
1505 2864 1538 2888 v.
1557 2851 1652 2890 Gen.
1669 2852 1720 2890 ix.
1738 2863 1784 2890 20
1792 2863 1894 2900 seqq.

540 2930 603 2967 ²⁹²
