1988 3250
171 210 279 251 «oar.
295 204 470 267 xxvm]
696 206 1136 252 POLICRATICVS
1664 207 1752 256 633
1770 209 1801 246 a

171 329 328 370 autem
367 341 477 370 uoco
523 340 636 383 quae
674 329 882 384 parentes
920 328 1188 384 pepererunt
1228 329 1275 369 et
1313 341 1427 383 quae
1466 327 1650 371 fortuna

177 395 341 453 largita
360 398 438 447 est,
459 410 647 453 quorum
677 395 814 439 nichil
838 395 1045 438 laudibus
1072 395 1268 438 Socratis
1291 396 1379 439 mei
1407 397 1650 449 admisce03

176 465 346 508 nullam
385 465 738 523 generositatem,
777 465 948 508 nullam
998 465 1261 522 prosapiam,
1301 465 1447 508 nullos
1496 466 1650 524 longos

176 535 360 586 natales,
391 534 537 578 nullas
565 534 809 578 inuidiosas
839 534 1035 578 diuitias.
1096 534 1219 578 Haec
1249 534 1367 577 enim
1397 538 1567 585 cuncta,
1598 538 1650 578 ut
1667 537 1697 575 b

137 617 158 654 ὅ
175 603 286 656 dico,
307 603 452 646 aliena
471 606 587 646 sunt.
647 602 756 646 Sato
778 603 1046 646 Prothaonio
1065 602 1208 660 gloria
1229 605 1297 645 est
1321 602 1397 658 qui
1426 602 1530 645 talis
1560 602 1651 646 fuit

174 674 228 715 ut
247 672 342 715 eius
361 674 566 729 nepotem
586 686 676 715 non
696 671 895 729 puderet.
954 671 1103 728 Igitur
1117 671 1266 714 omnia
1286 671 1492 714 similiter
1505 672 1651 716 aliena

174 755 380 784 numeres
413 740 578 785 licebit.
637 740 885 784 Generosus
915 740 1012 783 est?
1048 742 1254 796 parentes
1284 739 1451 783 laudas.
1511 740 1650 784 Diues

0 813 11 867 {12
175 810 272 854 est?
310 825 400 854 non
429 810 559 854 credo
590 810 808 854 fortunae.
869 809 1014 867 Magis
1044 809 1132 851 ista
1161 809 1404 852 dinumero.
1464 809 1651 854 Validus

0 865 9 941 ὲ
174 879 266 923 est?
287 879 538 937 egritudine
555 878 832 936 fatigabitur.
884 878 1048 921 Pernix
1068 878 1161 921 est?
1192 877 1288 920 abit
1303 878 1350 920 in
1366 882 1650 924 senectutem.

0 942 9 952 “
117 962 159 988 ιο
175 947 411 991 Formosus
436 948 534 991 est?
575 951 762 1006 expecta
795 947 1021 1005 paulisper
1059 950 1105 990 et
1139 961 1228 989 non
1267 946 1364 989 erit,
1436 947 1499 990 At
1531 948 1650 991 enim

174 1017 301 1061 bonis
330 1017 503 1060 artibus
533 1017 689 1061 doctus
719 1020 765 1060 et
791 1016 991 1074 adprime
1020 1019 1088 1059 est
1116 1015 1318 1058 eruditus
1345 1018 1402 1066 et,
1430 1020 1648 1073 quantum

173 1085 277 1130 licet
300 1086 482 1137 homini,
502 1086 678 1144 sapiens
696 1089 743 1130 et
763 1086 867 1129 boni
887 1085 1127 1129 consultus.
1189 1084 1387 1127 Tandem
1408 1085 1649 1142 aliquando

173 1155 320 1213 ipsum
340 1156 489 1199 uirum
514 1155 678 1199 laudas.
740 1155 838 1199 Hoc
867 1155 986 1198 enim
1016 1169 1095 1198 nec
1123 1169 1151 1197 a
1178 1157 1305 1212 patre
1330 1155 1649 1198 hereditarium

174 1227 243 1268 est
276 1238 356 1268 nec
386 1238 492 1268 casu
525 1224 769 1282 pendulum
804 1239 884 1268 nec
911 1239 939 1267 a
970 1223 1182 1280 suffragio
1214 1223 1471 1267 anniculum
1507 1238 1586 1267 nec
1622 1239 1650 1267 a

110 1294 158 1348 ἠ
175 1307 354 1352 corpore
373 1293 588 1337 caducum
608 1307 688 1336 nec
708 1293 766 1335 ab
786 1296 905 1336 etate
925 1292 1150 1336 mutabile.
1212 1292 1334 1335 Haec
1354 1292 1504 1335 omnia
1524 1307 1649 1336 meus

175 1362 380 1407 Socrates
410 1363 570 1406 habuit
604 1366 650 1406 et
683 1362 783 1405 ideo
817 1365 963 1406 cetera
993 1362 1155 1404 habere
1187 1362 1465 1419 contempsit.
1527 1362 1646 1414 Quin
1666 1374 1691 1404 c

173 1432 314 1490 igitur
353 1434 399 1476 et
433 1435 485 1476 tu
525 1432 582 1475 ad
621 1431 820 1475 studium
859 1431 1103 1488 sapientiae
1143 1430 1309 1488 ingeris
1348 1431 1420 1474 uel
1460 1446 1648 1489 propera

172 1502 331 1546 saltem
351 1504 404 1545 ut
424 1501 561 1544 nichil
581 1501 775 1544 alienum
796 1500 953 1544 audias
973 1500 1020 1543 in
1042 1500 1247 1543 laudibus
1268 1501 1372 1553 tuis,
1393 1501 1470 1544 sed
1490 1504 1543 1543 ut
1570 1502 1646 1558 qui

174 1572 220 1614 te
243 1570 364 1614 uolet
383 1570 619 1614 nobilitare
639 1585 778 1628 aeque
796 1570 949 1613 laudet
968 1573 1021 1613 ut
1041 1569 1198 1612 Actius
1219 1570 1396 1613 Vlixem
1417 1570 1573 1613 laudat
1600 1570 1647 1614 in

113 1658 160 1684 πο
176 1639 454 1684 Philoctheta
473 1640 617 1697 primo
637 1639 832 1683 eiusdem
854 1639 1080 1696 tragediae
1101 1653 1206 1682 suae
1226 1639 1467 1697 principio:

463 1721 636 1772 Inclite,
665 1735 807 1778 parua
836 1720 1036 1778 praedite
1066 1720 1224 1777 patria,

462 1779 640 1822 nomine
669 1779 829 1822 celebri
860 1779 1064 1835 claroque
1095 1782 1254 1835 potens

461 1841 648 1895 pectore,
679 1837 864 1880 Achiuis
893 1837 1106 1880 classibus
1136 1840 1302 1888 auctor,

517 1895 614 1938 auis
644 1895 883 1938 Dardaniis
912 1895 1122 1952 gentibus
1151 1895 1283 1948 ultor,

115 1973 158 2010 ²5
529 1954 740 1997 hertiade.

175 2031 426 2078 Nouissime
455 2036 628 2092 patrem
658 2036 885 2078 memorat.
946 2032 1155 2078 Ceterum
1185 2048 1338 2077 omnes
1367 2034 1521 2078 laudes
1551 2036 1646 2079 eius

172 2102 259 2146 uiri
293 2104 472 2149 audisti.
534 2105 683 2149 Nichil
721 2105 824 2149 inde
860 2119 939 2149 nec
970 2105 1184 2148 Lahertes
1220 2105 1304 2148 sibi
1340 2120 1419 2149 nec
1449 2106 1646 2149 Anticlia

171 2186 251 2216 nec
284 2173 484 2218 Arcisius
517 2175 590 2218 uel
620 2175 819 2219 Acrisius
847 2174 1066 2218 uendicat.
1127 2175 1250 2218 Haec
1285 2178 1394 2227 tota,
1425 2179 1478 2218 ut
1509 2176 1647 2227 uides,

171 2240 316 2286 laudis
345 2243 479 2286 huius
507 2245 688 2302 propria
712 2244 835 2287 Vlixi
865 2244 1080 2301 possessio
1111 2247 1189 2287 est.
1250 2244 1344 2287 Nec
1374 2245 1496 2288 aliud
1522 2249 1566 2288 te
1597 2245 1645 2288 in

113 2327 157 2362 30
173 2310 323 2354 eodem
343 2311 474 2356 Vlixe
495 2313 716 2356 Homerus
736 2313 874 2363 docet,
895 2313 972 2370 qui
997 2327 1170 2370 semper
1196 2313 1235 2356 ei
1264 2314 1469 2356 comitem
1499 2314 1644 2357 uoluit

173 2393 266 2424 esse
284 2381 579 2438 prudentiam,
599 2383 933 2440 quampoetico
961 2383 1053 2426 ritu
1074 2383 1324 2426 Mineruam
1351 2385 1640 2441 nuncupauit.
1658 2390 1688 2430 d

174 2487 197 2525 9
221 2478 318 2515 abiit
333 2479 374 2515 M
554 2491 598 2527 ¹9
621 2481 726 2519 uolet
743 2482 783 2519 te
800 2482 833 2517 A
1007 2492 1054 2517 20
1077 2481 1292 2528 philocteta
1309 2481 1365 2518 A:
1391 2482 1586 2530 philoteca.
1602 2481 1642 2517 M

175 2535 221 2570 24
245 2526 422 2563 dardanis
438 2527 569 2565 CBSM
723 2538 766 2576 25
794 2529 974 2566 laerciate
992 2529 1046 2566 B:
1072 2529 1261 2566 laerciade
1279 2529 1354 2565 ΒΜ
1508 2531 1553 2566 28
1579 2529 1642 2567 uel

172 2572 340 2610 Acrisius
355 2586 422 2611 om.
439 2574 534 2611 S¹M1

225 2666 243 2704 5
269 2659 354 2695 Sato
381 2660 619 2698 Prothaonio:
647 2661 694 2698 de
722 2661 793 2698 hoc
818 2661 901 2698 loco
925 2662 1041 2709 plane
1066 2664 1243 2709 corrupto
1267 2674 1299 2698 v.
1326 2662 1565 2699 Hildebrand
1594 2663 1642 2698 ad

174 2702 245 2759 loc.
262 2704 294 2740 A
323 2705 376 2741 ul.
424 2706 647 2744 Emendavit
665 2707 905 2746 Goldbacher
919 2715 978 2745 sat
999 2711 1196 2755 Euphroni
1217 2721 1311 2751 auo;
1336 2721 1386 2746 sc.
1405 2709 1642 2755 Pythagorae

174 2753 283 2788 iuxta
329 2764 408 2789 aus.
432 2753 471 2789 ii.
494 2754 571 2801 13}
597 2765 630 2791 2.
679 2755 901 2793 Coniecerat
926 2756 1216 2803 Oudendorpius
1240 2759 1306 2792 Sat
1329 2768 1347 2792 e
1365 2763 1523 2803 protauo
1548 2769 1642 2793 meo:

175 2799 301 2835 forsan
317 2799 385 2835 sub
401 2802 486 2836 Sato
501 2800 596 2838 latet
610 2802 691 2838 eius
704 2814 841 2840 nomen
856 2803 920 2849 qui
934 2803 1086 2850 Apuleii
1099 2807 1276 2850 protavus
1289 2803 1313 2839 i.
1327 2815 1359 2840 e.
1376 2816 1537 2850 proavus
1548 2806 1641 2840 erat.

179 2856 232 2892 19,
241 2848 336 2883 zoin
347 2848 566 2884 Philoctheta
575 2851 644 2886 etc.
656 2861 664 2886 :
678 2851 718 2885 in
723 2851 919 2887 Philocteta
930 2862 995 2887 suo
1001 2854 1041 2887 in
1047 2853 1124 2887 eius
1131 2853 1276 2897 trayoed
1279 2853 1333 2887 iae
1336 2853 1524 2898 principio
1530 2851 1643 2897 Apul.

1490 2923 1532 2963 85
