1988 3250
225 228 312 276 630
331 226 362 267 b
702 223 966 268 IOANNIS
1006 222 1524 268 SARESBERIENSIS
1673 220 1787 282 [ΜΒ.
1802 231 1859 266 vt

377 346 597 389 honorum
626 345 845 404 siquidem
873 345 1140 389 distributor
1168 347 1236 388 est
1263 346 1320 396 et,
1346 344 1454 387 dum
1479 346 1598 387 recte
1626 343 1856 387 ministrat

376 415 688 472 principatum,
708 430 842 473 penes
869 429 970 458 eum
990 418 1059 458 est
1077 416 1294 472 perpetua
1316 413 1588 470 dispensatio
1607 427 1854 456 munerum.

378 484 514 528 Recte
534 485 713 542 quidem
733 485 972 535 ministrat,
991 499 1092 528 cum
1113 499 1164 527 eo
1183 483 1463 541 praesidente
1483 483 1682 526 letantur
1700 481 1854 540 populi

378 556 424 597 et
450 554 498 596 in
524 569 662 612 regno
686 554 926 612 aequitatis
951 554 1092 598 totius
1117 556 1263 597 terrae
1289 553 1483 596 latitudo
1506 553 1692 596 exultat.
1751 552 1855 595 Per-

377 627 524 682 petua,
558 624 754 681 inquam,
789 624 906 681 quia,
938 627 992 667 ut
1026 623 1242 680 scriptum
1278 626 1356 674 est,
1387 637 1469 666 rex
1498 622 1575 679 qui
1606 622 1775 665 iudicat
1806 622 1855 664 in
1873 630 1894 666 5

377 694 570 736 ueritate
608 708 837 751 pauperes,
875 694 1065 736 thronus
1105 693 1200 736 eius
1244 693 1292 735 in
1331 696 1535 736 eternum
1575 691 1853 735 fundabitur.

379 763 491 817 Quis
530 777 635 820 ergo
675 763 716 806 ei
755 763 967 806 honorem
1007 763 1216 806 detrahat
1259 777 1390 819 quem
1430 761 1559 804 audit
1597 776 1625 804 a
1664 761 1857 804 Domino

378 835 594 889 perpetuo
620 847 803 876 munere
830 833 1128 876 honoratum?
1189 832 1325 875 Plane
1344 831 1392 874 in
1413 830 1714 874 insensibilem
1733 830 1857 887 prin-

378 902 490 959 cipis
528 904 722 945 statuam
769 903 1006 959 quicquam
1056 916 1336 959 praesumere
1383 901 1648 958 quandoque
1690 899 1858 943 crimen

337 985 364 1015 c
380 971 535 1014 extitit
573 971 820 1014 maiestatis
859 973 905 1014 et
942 973 1086 1014 morte
1125 970 1418 1020 acerbissima,
1457 974 1592 1027 prout
1629 969 1858 1012 ueteribus
1875 982 1920 1008 10

380 1040 560 1098 placuit,
594 1040 881 1097 puniendum.
941 1040 1052 1094 Quis
1082 1055 1188 1098 ergo
1217 1040 1265 1082 in
1294 1039 1535 1097 imaginem
1565 1039 1662 1090 Dei,
1683 1038 1760 1096 qui
1789 1041 1859 1081 est

380 1110 597 1167 princeps,
631 1110 805 1152 malitia
835 1113 1144 1168 praesumente
1177 1111 1358 1167 impune
1393 1109 1608 1153 offendit'ss
1669 1107 1859 1151 Proinde

380 1180 787 1223 consiliosissimum
807 1182 875 1223 est
894 1180 1006 1223 illud
1027 1180 1264 1237 sapientis:
1295 1179 1351 1222 In
1371 1179 1641 1237 cogitatione
1660 1181 1741 1221 tua
1763 1177 1860 1235 regi

381 1264 472 1292 non
492 1249 700 1292 detrahas
721 1252 766 1292 et
785 1249 833 1292 in
853 1253 1020 1293 secreto
1040 1250 1231 1293 cubiculi
1251 1249 1320 1292 tui
1335 1264 1391 1292 ne
1411 1248 1695 1292 maledixeris
1715 1247 1860 1298 diuiti,

383 1319 488 1376 quia
513 1333 619 1362 aues
645 1319 727 1362 celi
752 1319 997 1376 portabunt
1024 1334 1174 1363 uocem
1204 1322 1330 1362 tuam
1354 1321 1400 1362 et
1426 1319 1504 1375 qui
1531 1318 1668 1361 habet
1691 1331 1860 1374 pennas
1881 1329 1921 1366 15

382 1389 670 1431 annuntiabit
684 1389 963 1432 sententiam.
1013 1389 1246 1446 Numquid
1261 1403 1366 1446 ergo
1386 1389 1622 1445 quicquam
1642 1387 1793 1431 licebit
1811 1387 1861 1429 in

383 1473 514 1516 opere
534 1461 615 1501 aut
634 1458 782 1508 uerbo,
802 1472 903 1501 cum
923 1462 969 1501 et
988 1458 1086 1515 ipsa
1112 1458 1324 1516 cogitatio
1344 1457 1622 1514 cubiculique
1642 1459 1860 1500 secretum

383 1531 430 1572 et
449 1528 672 1571 sententia
691 1527 834 1571 cordis
862 1531 1075 1579 arceatur,
1095 1542 1152 1571 ne
1176 1527 1285 1586 quid
1308 1527 1521 1571 moliatur
1539 1528 1620 1570 aut
1639 1526 1861 1584 concipiat

383 1597 598 1641 aduersus
617 1597 890 1655 principem?

443 1734 550 1792 Cap.
579 1747 646 1790 27.
680 1734 809 1788 Quod
847 1734 1094 1779 Gnatonici
1122 1738 1399 1792 peruadunt
1427 1733 1591 1778 omnia
1625 1747 1704 1777 ‘nec
1742 1747 1859 1776 uera
1879 1750 1926 1777 ao

489 1804 638 1861 fateri
652 1804 922 1861 patiuntur,
942 1808 980 1848 et
1007 1805 1127 1861 quod
1153 1805 1216 1848 eis
1239 1805 1435 1861 eoee‘mplo
1458 1803 1660 1847 Marciae
1679 1802 1860 1846 corium

503 1873 837 1917 detrahendum
862 1877 935 1925 est,
956 1873 998 1917 εἰ
1017 1873 1204 1930 sapiant
1225 1874 1395 1918 diuites
1404 1889 1426 1923 ,·
1456 1877 1495 1917 et
1514 1873 1634 1929 quod
1656 1872 1861 1929 calump-

343 1948 374 1990 d
506 1944 705 1987 viatores
719 1957 985 2000 pauperum
1006 1943 1126 1986 Deus
1145 1943 1239 2000 ipsc
1252 1943 1556 2000 persequitur.

447 2048 654 2092 Ceterum
684 2049 722 2092 si
753 2048 948 2091 Gnatoni
975 2049 1182 2100 creditur,
1210 2048 1410 2106 quisquis
1436 2063 1526 2092 non
1551 2048 1720 2091 arridet
1747 2047 1862 2091 diui-

386 2119 508 2163 tibus
529 2119 663 2162 etiam
684 2132 784 2161 cum
805 2118 1109 2162 malefecerint
1129 2121 1209 2161 aut
1228 2133 1318 2161 non
1339 2118 1572 2175 applaudit
1593 2118 1639 2159 in
1660 2117 1862 2174 pessimis
1881 2132 1926 2169 25

387 2203 551 2238 eorum,
567 2188 748 2231 uidetur
762 2191 842 2230 aut
857 2188 1057 2231 inuidere
1073 2187 1280 2231 fortunae
1295 2190 1375 2230 aut
1395 2187 1536 2231 officio
1556 2202 1645 2230 non
1666 2186 1863 2240 deferre;

388 2272 493 2301 nam
520 2257 638 2314 apud
668 2257 937 2300 Gnatonicos
960 2257 1166 2300 ueritatis
1191 2257 1416 2314 eloquium
1443 2257 1609 2300 crimen
1637 2259 1705 2299 est
1729 2255 1864 2299 maie-

387 2378 411 2415 6
436 2380 566 2414 tronus
583 2374 641 2411 AS
785 2384 806 2420 7
832 2375 1011 2412 honorem
1029 2375 1207 2412 detrahat
1225 2374 1260 2413 ei
1277 2374 1317 2411 M
1463 2385 1501 2412 11
1528 2374 1749 2422 ymaginem
1767 2374 1807 2411 M

440 2496 458 2534 5
486 2499 552 2522 rex
566 2489 661 2523 ete:
691 2486 795 2523 Prov.
813 2486 913 2522 xxix.
937 2496 989 2531 14.
1085 2487 1108 2522 6
1124 2487 1371 2531 fundabitur:
1391 2486 1610 2529 firmabitur
1623 2484 1734 2533 Vulg.
1842 2486 1864 2523 8

389 2536 431 2571 in
448 2536 691 2570 inuenm'bilem
716 2536 808 2570 etc.:
835 2546 866 2570 v.
895 2533 979 2580 Dig.
1005 2532 1122 2570 xlviii.
1148 2544 1181 2578 4.
1208 2534 1231 2569 6
1258 2534 1328 2577 Qua·
1350 2538 1489 2569 statuas
1513 2538 1576 2568 aut
1602 2534 1778 2578 imaqae‘nes
1802 2534 1867 2569 im·

386 2585 568 2629 perator-is
597 2585 670 2617 iam
697 2587 919 2618 consecratas
938 2582 1171 2626 confleverint
1193 2582 1364 2627 aliudque
1387 2582 1477 2627 quid
1497 2582 1615 2616 simile
1639 2583 1866 2626 admiserint,

390 2632 462 2676 zeqe
481 2631 581 2666 Iulia
600 2631 798 2665 maiestatis
814 2634 990 2664 tenentur.
1187 2638 1226 2673 13
1252 2629 1299 2663 In
1319 2629 1529 2673 coyitatione
1550 2630 1642 2664 etc.:
1668 2628 1808 2665 Eccles.
1829 2639 1867 2665 x.

392 2688 450 2714 20.
619 2678 876 2759 sznatom':
907 2688 955 2713 uc.
983 2674 1150 2723 parasito
1176 2675 1380 2711 'l'hrasonis
1409 2674 1446 2710 in
1476 2674 1645 2711 Terentii
1673 2677 1862 2712 Eunucho.

392 2726 439 2762 26
463 2726 625 2770 deferre:
689 2736 708 2761 e
727 2724 796 2760 hoc
815 2723 986 2760 vocabuli
1005 2735 1114 2760 sensu
1132 2735 1163 2759 v.
1182 2722 1395 2759 Foreell.-de
1410 2722 1485 2758 Vit.
1505 2735 1531 2759 s.
1546 2735 1578 2759 v.
1597 2725 1716 2768 defero
1734 2724 1777 2767 63
1805 2723 1866 2760 Du

392 2772 520 2827 Gange
540 2785 566 2807 a.
584 2784 613 2807 v.
632 2774 793 2817 deser-rm
821 2771 861 2807 in
882 2771 969 2825 de.
991 2770 1192 2825 lustin-iii.
1211 2780 1262 2807 12.
1277 2771 1300 2806 6
1316 2769 1396 2816 (ubi
1410 2782 1441 2805 v.
1457 2769 1697 2824 Mommsenii
1716 2772 1865 2825 notam)

393 2822 532 2857 rectius
550 2831 663 2865 quam
681 2821 825 2864 differri
839 2818 1000 2865 legium-3
1027 2818 1073 2854 cf.
1088 2821 1204 2855 etiam
1219 2817 1406 2864 Vulgatae
1421 2818 1599 2854 editionis
1614 2817 1726 2856 Deut.
1737 2829 1865 2855 xxvm.

394 2877 440 2915 50
452 2872 591 2914 yeneem
604 2869 899 2914 procacissimam
915 2878 1006 2914 quae
1022 2878 1095 2903 non
1111 2867 1249 2912 desemt
1264 2877 1323 2902 sen
1330 2867 1353 2902 i.

502 2941 546 2973 80
