1988 3250
235 230 322 269 800
342 240 372 269 a
716 224 975 270 IOANNIS
1014 225 1530 270 SARESBERIENSIS
1637 227 1747 284 [Lm.
1760 237 1852 270 vlu

387 361 476 404 quo
505 346 625 390 facto
654 348 834 404 repente
867 346 1073 390 demones
1106 347 1433 405 disparuerunt.
1508 346 1668 404 Magus
1700 346 1853 403 itaque

386 415 532 472 coepit
549 415 726 473 culpare
746 416 971 459 Iulianum
989 431 998 470 ;
1027 418 1076 459 at
1095 417 1181 467 ille,
1196 416 1490 474 praetendens
1509 418 1691 466 metum,
1710 415 1854 459 crucis

386 499 433 528 se
453 485 571 528 dixit
589 485 868 542 obstupuisse
887 485 1114 536 uirtutem,
1134 501 1185 528 eo
1205 485 1322 542 quod
1347 485 1524 542 signum
1544 485 1626 528 hoc
1646 484 1853 527 demones

387 554 598 612 fugerint.
659 554 763 597 Non
782 554 1016 611 suspiceris
1041 554 1134 605 hoc,
1154 555 1268 598 bone
1287 554 1370 605 uir,
1390 554 1539 610 inquit
1558 567 1727 611 magus,
1747 553 1854 610 quia

385 623 619 667 timuerint
642 623 758 666 sicut
781 623 858 674 ais,
878 623 954 666 sed
975 623 1250 666 abhominati
1277 624 1357 666 hoc
1382 623 1558 680 signum
1578 623 1727 680 potius
1754 623 1851 666 abs·
1870 640 1890 673 5

384 694 621 736 cesserunt.
663 691 723 734 Et
741 692 807 734 ita
826 692 1002 749 capiens
1018 692 1242 743 miserum,
1255 691 1356 735 odio
1371 691 1615 735 Christiani
1635 690 1852 748 signaculi

385 762 575 819 repleuit
606 761 843 805 Iulianum.
903 761 1007 804 Post
1040 762 1159 811 haec,
1195 761 1311 804 sicut
1345 760 1549 804 Socrates
1583 764 1738 804 auctor
1772 764 1854 814 est,

386 831 637 888 imperator,
667 845 855 874 euocans
884 830 1122 882 Iulianum,
1152 844 1254 872 eum
1283 829 1517 872 constituit
1547 828 1763 880 Cesarem‚
1794 832 1852 881 et,

385 900 493 944 data
518 915 665 943 sorore
689 899 953 944 Constantia
982 899 1030 941 in
1059 913 1255 949 uxorem,
1282 898 1428 955 ipsum
1457 901 1613 941 contra
1640 898 1853 942 barbaros

385 969 630 1013 destinauit
668 969 725 1012 ad
764 969 942 1011 Gallias.
1021 968 1242 1011 Successit
1290 982 1395 1025 ergo
1435 967 1475 1010 ei
1524 967 1718 1025 fecitque
1765 968 1851 1012 sibi
1872 984 1914 1009 ιο

386 1039 565 1082 initium
578 1038 784 1082 uincendi
805 1038 1027 1089 barbaros,
1044 1037 1162 1095 quod
1183 1051 1376 1080 amorem
1397 1051 1526 1079 suum
1547 1037 1667 1095 apud
1686 1037 1852 1081 milites

337 1111 366 1150 b
385 1108 626 1151 collocauit.
686 1108 848 1151 Fertur
876 1107 1011 1150 etiam
1041 1106 1170 1164 quod,
1194 1106 1301 1149 dum
1331 1106 1379 1148 in
1405 1105 1600 1163 aliquam
1623 1106 1852 1150 ciuitatem

384 1176 544 1220 fuisset
592 1178 826 1235 ingressus,
876 1191 1035 1219 corona
1083 1175 1246 1226 laurea,
1297 1175 1457 1232 quibus
1505 1175 1649 1218 solent
1703 1174 1852 1218 ornari

382 1246 599 1297 ciuitates,
619 1246 737 1289 inter
765 1245 991 1289 columnas
1021 1244 1228 1302 pendens,
1255 1247 1388 1302 rupto
1418 1243 1526 1288 fune
1556 1259 1688 1302 super
1717 1246 1852 1302 caput

382 1315 478 1359 eius
497 1315 661 1359 decidit
684 1329 871 1371 eumque
891 1313 1118 1371 aptissime
1138 1313 1380 1358 coronauit.
1441 1313 1539 1366 Quo
1560 1313 1679 1356 facto
1703 1312 1851 1356 cuncti
1872 1326 1911 1361 15

382 1385 689 1428 clamauerunt
718 1383 824 1441 quia
855 1383 895 1426 ei
935 1383 1111 1440 signum
1142 1382 1260 1425 foret
1288 1382 1476 1440 imperii.
1551 1382 1852 1440 Congrediens

382 1454 541 1498 deinde
571 1468 671 1497 cum
706 1453 908 1496 hostibus
942 1455 1071 1495 tanta
1105 1451 1319 1495 felicitate
1351 1455 1587 1510 prouectus
1626 1454 1695 1495 est
1732 1453 1785 1494 ut
1823 1466 1852 1495 a

382 1524 599 1567 militibus
629 1523 928 1581 appellaretur
956 1522 1199 1580 Augustus.
1259 1523 1460 1580 Cumque
1490 1537 1651 1567 corona
1681 1522 1852 1566 deesset

382 1594 635 1652 imperialis,
659 1607 775 1635 unus
801 1592 929 1649 signa
955 1591 1231 1648 portantium
1259 1595 1474 1649 torquem,
1494 1606 1626 1649 quem
1647 1590 1851 1642 habebat,

382 1664 518 1721 capiti
539 1663 633 1706 eius
657 1661 971 1719 circumposuit
984 1676 994 1715 ;
1023 1665 1069 1704 et
1092 1661 1174 1705 hoc
1200 1661 1330 1704 modo
1355 1661 1501 1705 factus
1521 1664 1589 1705 est
1609 1661 1851 1718 imperator
1870 1677 1911 1702 ιο

382 1732 593 1775 Iulianus.
673 1731 797 1785 Quae
836 1745 942 1774 uero
990 1734 1144 1788 postea
1191 1730 1378 1789 gesserit
1425 1730 1501 1774 ille
1548 1730 1849 1788 philosophus,

381 1801 579 1845 iudicent
597 1801 839 1844 audientes.
898 1800 1015 1843 Nam
1037 1800 1083 1842 in
1103 1800 1198 1858 ipso
1218 1800 1435 1857 principio
1454 1800 1603 1843 omnia
1622 1815 1703 1858 pro
1722 1800 1851 1844 libito

381 1871 644 1928 disponebat
669 1871 1017 1928 figmentumque
1049 1869 1330 1914 Christianae
1362 1869 1588 1928 religionis
1614 1870 1777 1914 abiecit
1803 1873 1850 1914 et

340 1953 365 1982 c
382 1940 657 1998 singularum
680 1939 858 1982 urbium
886 1939 1052 1996 templa
1078 1939 1280 1996 aperiens
1304 1938 1433 1982 idolis
1453 1939 1676 1994 offerebat,
1698 1939 1850 1983 dicens

380 2010 572 2068 seipsum
586 2024 678 2052 esse
694 2009 944 2066 pontificem
966 2023 1252 2066 paganorum.
1311 2009 1531 2052 Intestino
1545 2023 1718 2066 quoque
1733 2009 1849 2053 bello
1869 2028 1911 2064 ²⁵

381 2080 614 2123 lacerasset
641 2078 889 2135 imperium,
911 2077 995 2120 nisi
1027 2077 1066 2120 ei
1098 2078 1276 2135 degenti
1304 2078 1350 2120 in
1374 2078 1532 2121 Tracia
1552 2077 1711 2121 fuisset
1730 2092 1849 2122 mors

381 2148 660 2206 imperatoris
692 2147 942 2192 Constantii
970 2147 1188 2190 nuntiata.
1248 2148 1310 2190 Vt
1337 2162 1443 2191 uero
1472 2147 1671 2191 fauorem
1699 2147 1848 2191 multi-

381 2218 551 2262 tudinis
590 2217 674 2261 sibi
717 2217 981 2266 conciliaret,
1022 2217 1092 2259 ius
1137 2217 1221 2259 sibi
1261 2217 1576 2275 praeferendae
1623 2217 1850 2275 religionis

381 2288 586 2332 omnibus
606 2286 877 2344 indulgebat.
929 2286 1148 2329 Studebat
1168 2286 1224 2330 ob
1246 2287 1326 2330 hoc
1347 2286 1552 2330 omnibus
1572 2287 1722 2330 omnia
1742 2287 1848 2331 fieri.

383 2357 501 2400 Hinc
521 2371 662 2399 uanae
689 2355 856 2413 gloriae
884 2370 1016 2398 causa
1037 2355 1197 2412 larguS,
1218 2356 1321 2399 hinc
1341 2356 1547 2399 affectata
1566 2355 1848 2400 simulatione
1867 2371 1910 2406 30

381 2425 629 2484 philosophi
680 2439 849 2482 parcus,
890 2424 991 2467 hinc
1031 2440 1058 2467 a
1096 2425 1314 2468 ciuilitate
1354 2425 1512 2468 fictitia
1559 2425 1706 2476 comis,
1746 2425 1850 2469 hinc

380 2495 533 2552 grauis
566 2510 594 2537 a
625 2494 738 2537 mole
770 2493 941 2550 imperii
975 2497 1031 2544 et,
1060 2495 1176 2550 quod
1212 2495 1404 2538 maxime
1436 2497 1543 2545 erat,
1573 2509 1629 2538 ne
1661 2494 1850 2538 crudelis

382 2564 620 2607 haberetur
659 2562 1041 2605 mansuetudinem
1079 2563 1387 2606 mentiebatur.
1463 2563 1670 2607 Ceterum
1706 2562 1850 2620 qualis

383 2689 401 2727 5
429 2678 638 2716 abominati
655 2678 685 2714 A
852 2677 983 2724 pocius
1001 2677 1149 2722 signum
1169 2678 1243 2715 c¹A
1438 2689 1480 2724 14
1505 2678 1730 2725 columpnas
1747 2676 1848 2714 ASM

379 2728 502 2775 capud
520 2728 550 2763 A
687 2736 729 2771 19
754 2727 975 2772 portantum
994 2724 1058 2761 SM
1203 2737 1248 2771 24
1272 2726 1395 2774 ydolis
1414 2726 1474 2763 CB
1570 2726 1772 2764 offerrebat
1788 2724 1847 2762 CB

381 2785 425 2822 25
454 2786 687 2821 paganorum
708 2772 925 2819 pontificem
946 2774 975 2809 A

428 2891 473 2927 29
499 2881 662 2917 omnibus
679 2881 802 2916 omnla
813 2881 923 2925 fieri:
951 2890 980 2914 ν.
1004 2889 1015 2915 1
1039 2878 1122 2914 Cor.
1142 2878 1191 2916 ix.
1211 2889 1265 2915 22.

488 2953 552 2995 384
