1988 3250
239 221 318 270 782
338 231 364 262 c
706 212 970 265 IOANNIS
1009 219 1523 266 SARESBERIENSIS
1622 219 1737 282 [ΜΒ.
1753 231 1850 265 vnn

331 341 359 381 d
378 341 620 398 plurimum
640 341 832 385 Domino
850 341 1142 399 germinabat.
1192 341 1284 384 Alii
1300 341 1477 399 quidem
1493 342 1588 386 sine
1604 341 1848 400 Euangelio

377 411 433 455 de
471 411 716 470 Euangelio
753 411 928 463 uiuunt,
963 413 1010 454 et
1044 411 1155 455 bene
1187 411 1225 455 si
1259 412 1424 454 uiuunt
1457 414 1635 455 tantum
1668 414 1722 454 ut
1754 425 1845 454 non

338 513 340 515 .
377 481 512 524 etiam
551 481 847 525 luxurientur.
926 481 1022 525 Hos
1060 481 1141 524 uix
1180 482 1503 525 mercennarios
1543 481 1733 524 dixerim
1768 480 1845 538 qui

374 566 464 595 non
484 551 690 595 laborant
708 555 761 595 ut
779 550 1049 595 manducent
1075 550 1152 594 sed
1172 551 1267 594 sine
1286 550 1436 594 labore
1456 566 1545 594 non
1566 551 1846 602 manducare,

373 621 492 677 quod
531 621 806 665 necessitatis
845 622 924 671 est,
955 620 1032 663 sed
1063 620 1196 663 otiari
1232 622 1278 663 et
1316 619 1536 663 luxuriari
1576 620 1844 663 desiderant.
1865 633 1884 667 5

375 689 594 733 Omnibus
633 690 811 747 quidem
851 689 929 747 qui
975 690 1166 747 pastoris
1212 692 1418 732 exercent
1461 689 1652 733 officium
1697 689 1846 747 gratia

372 759 560 803 debetur
578 763 624 803 et
643 758 916 812 reue-renum
952 762 998 802 et
1025 758 1102 816 qui
1123 758 1353 803 Christum
1374 773 1650 815 quacumque
1673 758 1846 801 ratione

372 829 644 872 annuntiant
673 833 719 872 et
742 829 914 872 lucrum
942 828 1127 881 faciunt,
1158 843 1258 871 cum
1289 842 1371 870 sua
1399 831 1549 871 tamen
1579 830 1626 870 et
1651 841 1732 884 pro
1761 841 1845 870 sua

373 899 582 950 utilitate,
614 899 863 942 animarum
896 898 1150 955 pastoribus
1189 900 1235 940 et
1269 897 1427 940 salutis
1466 897 1846 954 dispensatoribus

372 971 684 1026 aggregentur,
707 969 884 1025 sintque
908 967 1050 1018 amici,
1078 967 1170 1010 sint
1200 970 1246 1010 et
1274 966 1562 1017 uenerabiles,
1590 969 1636 1009 et
1663 968 1844 1023 patrum
1866 981 1909 1006 1ο

375 1038 569 1082 letentur
608 1038 795 1090 honore;
839 1037 922 1080 etsi
954 1037 1245 1080 mercennarii
1280 1039 1398 1089 sunt,
1427 1036 1626 1080 mercede
1660 1051 1742 1079 sua
1775 1050 1846 1079 me

373 1122 615 1165 numquam
650 1107 952 1165 priuabuntur
984 1109 1176 1151 auctore.
1234 1106 1418 1149 Vtinam
1457 1106 1518 1150 sit
1552 1106 1600 1148 in
1634 1106 1734 1149 istis
1768 1105 1845 1163 qui

373 1177 559 1220 uerbum
600 1177 684 1220 Dei
719 1177 939 1234 loquatur,
974 1176 1051 1233 qui
1083 1176 1257 1219 edificet
1293 1175 1530 1220 Ecclesiam
1564 1175 1648 1219 Dei
1679 1175 1753 1219 uel
1787 1175 1845 1218 ad

227 1245 306 1295 783
328 1257 358 1286 a
373 1246 558 1292 lucrum.
617 1246 721 1290 Non
741 1246 921 1289 inuideo
940 1246 1073 1296 lucro,
1094 1246 1132 1288 si
1159 1261 1293 1303 opera
1319 1245 1564 1290 antecedat.
1623 1245 1712 1299 Qui
1736 1260 1842 1289 uero

372 1316 435 1360 sic
464 1317 642 1359 inhiant
670 1316 805 1359 lucris
835 1319 888 1359 ut
921 1330 1034 1372 quae
1064 1315 1234 1359 Christi
1269 1318 1376 1358 sunt
1407 1315 1618 1358 uniuersa
1649 1318 1842 1359 contem·
1865 1330 1905 1365 15

371 1389 525 1444 pnant,
541 1386 624 1429 etsi
639 1400 718 1428 nec
734 1386 909 1428 heresin
924 1384 1112 1429 doceant
1131 1399 1211 1428 nec
1230 1385 1588 1428 contentionibus
1604 1384 1844 1428 Ecclesiam

373 1455 589 1505 scindant,
605 1470 684 1499 nec
700 1455 890 1512 pastoris
903 1469 983 1499 nec
997 1454 1288 1498 mercennarii
1308 1454 1433 1512 digni
1453 1457 1560 1498 sunt
1578 1469 1659 1498 nec
1679 1454 1844 1498 honore

371 1540 451 1568 nec
471 1525 661 1568 nomine.
720 1523 823 1568 Non
843 1525 1000 1582 loquor
1018 1524 1073 1567 de
1094 1524 1265 1582 legatis.
1319 1523 1557 1568 Ecclesiam
1579 1524 1839 1576 Romanam,

373 1609 486 1651 quae
512 1608 672 1651 parens
702 1596 880 1637 auctore
910 1593 1006 1637 Deo
1035 1596 1082 1637 et
1110 1593 1335 1636 nutricula
1363 1593 1466 1636 fidei
1497 1596 1543 1636 et
1572 1608 1744 1636 morum
1775 1597 1844 1638 est

372 1667 418 1706 et
438 1678 526 1706 non
551 1666 698 1720 potest
725 1663 781 1706 ab
806 1663 983 1707 homine
1011 1663 1196 1707 iudicari
1219 1666 1264 1706 et
1283 1663 1412 1721 argui
1433 1662 1582 1706 celesti
1603 1662 1840 1720 priuilegio
1864 1680 1908 1704 20

374 1733 558 1782 munita,
593 1732 795 1789 relinquo
830 1732 1071 1786 intactam;
1114 1747 1196 1776 nec
1231 1733 1350 1775 enim
1384 1732 1592 1776 credibile
1623 1736 1692 1776 est
1723 1733 1842 1790 quod

373 1818 425 1847 ea
463 1802 738 1845 committere
777 1805 1064 1859 praesumant
1103 1803 1175 1846 uel
1215 1802 1466 1860 dignentur,
1503 1817 1616 1860 quae
1651 1802 1706 1846 de
1745 1802 1843 1847 iure

371 1872 606 1930 gentilium
648 1872 695 1914 in
735 1871 1012 1929 praesidibus
1051 1872 1382 1929 prouinciarum
1416 1875 1461 1915 et
1494 1871 1842 1930 proconsulibus,

373 1941 418 1984 id
465 1943 532 1984 est
573 1941 732 1998 legatis
773 1940 961 1993 Cesaris,
1003 1944 1180 1984 constat
1220 1956 1313 1984 esse
1355 1941 1522 1984 illicita.
1594 1941 1694 1994 Qua
1735 1955 1844 1986 uero

373 2010 650 2067 impudentia
688 2011 770 2054 hoc
810 2013 1077 2067 attemptare
1124 2010 1288 2053 audeat
1330 2010 1573 2068 discipulus
1615 2009 1841 2062 Crucifixi,
1864 2024 1908 2059 ²5

327 2085 357 2123 b
375 2080 568 2123 uicarius
600 2080 730 2130 Petri,
760 2082 912 2137 pastor
946 2079 1208 2132 animarum,
1239 2079 1356 2137 quod
1387 2080 1568 2137 uigente
1595 2080 1842 2124 infidelium

374 2149 608 2207 disciplina
640 2149 832 2192 uicarius
872 2149 1151 2206 imperatoris
1185 2149 1269 2192 sub
1304 2149 1444 2192 officio
1480 2149 1671 2193 consulis
1702 2154 1847 2194 rector

374 2233 605 2276 corporum
636 2233 914 2276 praesumere
945 2233 1034 2261 non
1064 2218 1287 2262 audebat?
1348 2218 1466 2262 Pena
1497 2218 1844 2276 repetundarum

378 2321 411 2357 1,
431 2322 451 2348 2
478 2311 704 2358 euuangelio
723 2312 753 2347 A
771 2313 824 2347 bis
903 2358 911 2366 ⁶
974 2320 1018 2347 ιο
1041 2311 1344 2366 αςωςοηιυτρὃ
1415 2358 1422 2366 ·
1455 2358 1463 2366 ·
1502 2321 1557 2353 11,
1583 2321 1624 2347 12
1650 2323 1845 2359 nunquam

377 2371 436 2395 me
454 2358 511 2395 AS
658 2360 700 2395 16
725 2358 811 2406 etex]
827 2361 866 2395 et
883 2370 935 2397 ue
957 2358 1063 2394 ΒΑΜ
1206 2370 1249 2396 21
1277 2357 1503 2396 incredibile
1521 2357 1643 2395 CBAS

423 2457 443 2482 2
469 2447 511 2481 de
529 2447 731 2490 Euanqeln‘o
748 2447 906 2481 uiuunt:
931 2457 963 2480 v.
986 2455 999 2481 1
1022 2444 1104 2481 Cor.
1122 2443 1171 2481 ix.
1194 2455 1247 2489 14.
1411 2455 1442 2491 3.
1462 2456 1484 2490 4
1507 2447 1573 2492 qm·
1590 2457 1664 2482 non
1679 2445 1848 2482 laborant

373 2498 414 2528 ue
432 2495 667 2529 manducent:
693 2491 740 2529 cf.
760 2502 779 2528 2
797 2492 922 2528 Thess.
941 2491 994 2528 iii.
1015 2503 1067 2528 10.
1166 2500 1185 2536 7
1212 2493 1360 2528 debetur
1374 2495 1594 2529 reuerentia:
1620 2505 1653 2531 v,
1672 2493 1750 2530 Iuv.
1768 2494 1844 2530 Sat.

375 2540 448 2577 xiv.
466 2550 521 2585 ⁴7·
649 2542 713 2587 qui
733 2541 915 2594 Christum
932 2541 1028 2594 etc.3
1053 2552 1083 2575 v.
1104 2538 1232 2594 Philip
1263 2568 1272 2577 .
1290 2539 1313 2575 i.
1336 2541 1389 2577 18.
1514 2550 1556 2586 14
1582 2541 1653 2585 ραι·
1668 2551 1753 2577 uero
1770 2542 1845 2578 etc.

376 2586 1440 2681 :zqtfm‘tmtzss-'t⁰132ae.z¹;3;32?512“35‚2„;‘33{‚⁰32
1457 2593 1847 2679 ferturfflffifflfifff

378 2694 466 2719 num
499 2694 635 2729 papam
665 2682 846 2718 dixerunt
877 2683 998 2717 Prima
1027 2684 1125 2717 sedeo
1152 2695 1222 2718 non
1252 2684 1477 2719 iudicabitur
1498 2695 1522 2718 a
1550 2695 1595 2730 qu
1666 2695 1737 2719 am.
1789 2681 1846 2721 De

378 2729 507 2767 fabula
530 2729 614 2773 iata,
631 2742 745 2776 quam
773 2729 887 2766 refert
914 2729 1091 2765 Nicolaua
1119 2729 1132 2764 1
1159 2741 1259 2776 papa
1286 2729 1325 2766 in
1351 2729 1515 2777 epistola
1541 2694 1846 2767 ad⁰31i⁴ichaelem

376 2778 646 2825 imperatorem
670 2790 701 2813 a.
726 2779 792 2823 865
815 2776 925 2814 mim
945 2776 1090 2824 (Migne
1110 2778 1147 2813 P.
1168 2779 1208 2813 1,.
1228 2776 1324 2813 cxix.
1344 2778 1446 2823 940),
1464 2789 1496 2813 v.
1513 2789 1626 2826 supra
1640 2777 1687 2814 ad
1705 2776 1769 2814 vii.
1790 2787 1845 2823 19,

374 2826 444 2908 68}
459 2834 495 2861 1).
582 2835 619 2861 2¹
645 2826 806 2871 mliv-quo
822 2826 1017 2861 intactam:
1042 2823 1160 2861 minio
1179 2823 1326 2862 notavit
1342 2824 1536 2863 Parkerus.
1626 2835 1673 2870 24
1689 2830 1846 2862 constat:

376 2872 428 2909 nei
448 2872 523 2910 icet
539 2884 558 2909 c
581 2874 663 2919 Diq.
678 2872 701 2908 i.
721 2873 772 2910 16.
791 2872 815 2908 6
831 2874 872 2909 et
893 2873 945 2910 18.
962 2873 995 2910 6.
1841 2897 1845 2901 -

485 2947 554 2983 364
