1988 3250
188 240 290 274 oar.
306 226 402 288 xn]
721 218 1158 272 POLICRATICVS
1668 223 1746 280 761
1764 231 1799 268 a

189 350 405 404 quantum
453 345 760 403 peregrinatio,
804 343 943 387 studii
986 343 1148 395 feruor,
1197 358 1382 388 acumen
1430 346 1653 403 temporis,

187 429 414 473 processus
443 414 575 458 etatis
604 414 659 457 de
685 412 879 456 naturali
920 415 1043 455 statu
1071 415 1288 456 mutasset
1317 413 1447 457 faciei
1477 415 1652 468 indicio,

187 499 300 541 quae
328 484 444 527 bona
473 485 518 526 et
546 482 664 525 mala
693 481 946 524 fidelissime
976 481 1282 537 protestatur?
1342 482 1440 526 Hoc
1470 483 1650 539 quidem

187 552 280 611 egit
305 555 358 596 ut
384 553 583 595 seruaret
608 553 688 594 aut
714 549 934 593 releuaret
963 551 1183 600 naturam,
1202 564 1259 593 ne
1285 549 1435 594 labore
1461 554 1507 594 et
1533 552 1655 595 dieta

147 640 168 675 5
187 621 361 665 insueta
379 622 743 678 corrumperetur.
802 618 867 661 Vt
887 620 1037 661 autem
1058 618 1114 660 ad
1136 618 1225 661 alia
1244 621 1533 670 transeamus,
1554 621 1654 676 quis

185 691 382 741 istorum,
403 690 480 747 qui
506 689 631 732 dotes
650 688 883 731 brutorum
903 687 1094 739 affectat,
1115 687 1274 730 brutus
1294 702 1387 731 esse
1407 688 1652 745 dignetur?

184 757 280 803 Aut
303 759 375 804 cui
401 773 491 802 non
517 756 866 816 praeponderare
886 756 1124 807 uidebitur,
1144 756 1181 799 si
1209 756 1414 800 collatam
1435 757 1519 800 sibi
1546 772 1654 815 prae

184 827 273 872 illis
321 827 522 872 conferat
568 826 819 871 rationem?
897 824 1129 881 Numquid
1169 825 1333 868 uirium
1373 830 1547 870 amator
1585 827 1653 871 leo

184 897 320 941 uellet
343 912 436 941 esse
462 899 542 940 aut
569 895 764 954 pardus?
821 894 989 938 Dicunt
1018 894 1254 952 phisiologi
1281 895 1387 952 quia
1415 895 1543 939 lincis
1572 899 1652 940 aut

127 985 168 1011 10
185 969 395 1024 panterae
423 966 600 1010 odorem
629 964 839 1008 animalia
867 966 1013 1007 cetera
1042 968 1313 1020 sequuntur;
1362 964 1470 1008 istos
1500 968 1649 1009 tamen
1668 971 1698 1010 b

185 1035 262 1092 qui
282 1050 432 1079 musco
452 1038 498 1079 et
517 1034 742 1092 speciebus
762 1033 954 1077 exoteris
977 1032 1157 1090 placant
1183 1032 1397 1077 olfactum
1418 1037 1463 1077 et
1492 1049 1650 1092 prouo-

183 1107 288 1148 cant
307 1105 420 1148 uelle
439 1104 496 1163 (si
515 1102 715 1162 possent)
733 1117 824 1146 non
844 1102 1038 1145 arbitror
1058 1102 1106 1144 in
1133 1106 1365 1160 panteram
1385 1107 1465 1147 aut
1492 1104 1651 1148 lincem

184 1173 506 1218 transformari.
563 1173 666 1217 Non
686 1172 840 1230 utique
859 1172 1035 1215 credam
1056 1172 1174 1228 quod
1195 1172 1272 1228 qui
1293 1173 1481 1216 satirum
1502 1174 1651 1218 induit

183 1243 347 1287 satirus
371 1258 464 1287 esse
491 1242 631 1297 uelit;
660 1242 736 1286 sed
759 1256 839 1286 nec
863 1242 929 1284 illi
957 1241 1033 1298 qui
1061 1241 1227 1298 seipsos
1255 1242 1431 1298 poliunt
1462 1244 1650 1300 pauonis

127 1333 166 1368 15
184 1313 232 1356 in
281 1327 328 1356 se
366 1315 576 1370 poterunt
614 1311 932 1355 transformare
970 1310 1146 1354 colores.
1227 1310 1476 1355 Concinant
1515 1313 1563 1355 hi
1603 1315 1649 1356 et

183 1382 322 1426 totius
355 1382 546 1426 musicae
577 1381 713 1425 melos
746 1395 827 1438 pro
861 1380 1033 1423 uiribus
1073 1380 1294 1437 expleant,
1328 1396 1458 1425 nemo
1496 1397 1648 1426 eorum

181 1451 478 1508 philomenam
497 1451 706 1507 aequabit
726 1453 806 1493 aut
836 1450 1066 1507 psitacum.
1125 1449 1286 1493 Nonne
1310 1465 1415 1508 ergo
1442 1451 1648 1496 indecens

181 1523 228 1564 et
255 1520 514 1578 probrosum
554 1523 622 1563 est
650 1520 869 1562 humanae
899 1519 1151 1563 celsitudini
1184 1519 1234 1570 si,
1266 1521 1512 1577 postposita
1543 1521 1647 1565 dote

181 1603 272 1640 sua,
310 1589 358 1632 in
397 1603 485 1646 qua
517 1589 757 1646 praeualet,
791 1588 849 1632 ad
892 1588 1070 1639 alienas,
1110 1589 1158 1631 in
1198 1589 1360 1645 quibus
1399 1594 1647 1647 superatur,

123 1679 167 1705 ιο
182 1658 379 1716 aspirat?
436 1658 614 1710 Verum,
633 1658 671 1702 si
698 1658 942 1702 moderatio
966 1658 1243 1708 adhibeatur,
1263 1658 1310 1700 in
1331 1659 1401 1702 his
1421 1659 1646 1703 interdum

181 1742 388 1772 sensuum
407 1727 637 1785 uoluptate
653 1728 821 1771 uersari
842 1728 1032 1785 sapienti
1053 1742 1143 1771 non
1158 1728 1352 1771 arbitror
1367 1728 1645 1782 indecorum3

180 1800 233 1842 ut
261 1811 572 1855 saepenumero
601 1797 769 1841 dictum
790 1801 868 1848 est,
889 1797 1025 1841 nichil
1053 1797 1259 1841 decorum
1287 1800 1355 1840 est
1382 1798 1476 1841 sine
1503 1799 1643 1844 modo.

181 1866 298 1910 Nam
328 1869 373 1910 et
401 1867 532 1910 otiari
562 1866 786 1910 interdum
816 1867 1006 1924 sapienti
1027 1866 1243 1910 familiare
1270 1870 1349 1917 est,
1376 1882 1465 1910 non
1493 1871 1643 1912 tamen
1660 1882 1686 1912 c

180 1938 233 1979 ut
260 1936 443 1979 uirtutis
472 1936 731 1980 exercitium
761 1939 1007 1987 euanescat‚
1026 1936 1103 1979 sed
1133 1951 1221 1993 quo
1250 1936 1392 1994 magis
1419 1937 1571 1995 uigeat
1597 1943 1644 1982 et

123 2023 166 2060 ²5
182 2004 501 2062 quodammodo
528 2008 758 2049 recreetur.
823 2005 1052 2063 Siquidem
1088 2005 1236 2048 Lelius
1265 2009 1312 2048 et
1342 2006 1501 2063 Scipio,
1530 2007 1642 2050 illud

181 2089 262 2132 par
291 2074 450 2118 amoris
478 2074 662 2132 insigne,
688 2074 820 2118 simul
849 2074 1112 2119 lectitabant
1141 2078 1198 2126 et,
1228 2075 1343 2120 sicut
1372 2076 1644 2120 remissionis

182 2157 332 2187 eorum
379 2143 647 2187 certissimus
695 2144 823 2188 testis
872 2144 1058 2188 Sceuola
1106 2147 1261 2188 auctor
1309 2147 1388 2195 est,
1437 2145 1644 2190 ciuilibus

182 2211 362 2270 fatigati
400 2213 589 2271 negotiis
636 2213 729 2271 pila
772 2213 998 2258 ludebant.
1076 2213 1202 2257 Idem
1242 2229 1416 2271 quoque
1459 2214 1645 2259 Sceuola

181 2329 205 2364 6
228 2327 411 2365 affectant
425 2326 459 2362 A
566 2338 610 2365 10
633 2328 842 2374 pantherae
859 2328 900 2365 Μ
970 2330 1151 2366 secuntur
1167 2327 1235 2365 SM
1345 2338 1386 2365 12
1411 2330 1641 2375 pantheram

182 2375 227 2460 {g
252 2383 424 2459 ceuolaxg
442 2374 685 2422 philomelam
702 2375 727 2412 S
779 2395 782 2398 ⁴
878 2387 925 2413 2ο
947 2376 1091 2423 aspiret
1111 2376 1136 2414 S
1287 2386 1328 2414 21
1357 2376 1594 2423 uoluptatem
1610 2378 1640 2415 C

232 2537 276 2563 10
294 2530 469 2572 panterae
486 2538 494 2562 :
519 2538 553 2562 v.
570 2525 637 2563 lib.
655 2524 722 2580 qui
735 2527 969 2573 Pluysioloyue
983 2526 1203 2563 inscribitur
1217 2538 1277 2574 ap.
1290 2526 1426 2564 Cahier
1441 2529 1475 2564 &
1495 2528 1639 2566 Martin

180 2575 363 2619 Mdlanyes
378 2572 640 2618 d'ArcMoloyio
656 2573 709 2611 inz
722 2585 759 2620 p.
774 2584 868 2620 239;
894 2575 942 2611 cf.
956 2575 1258 2621 pseudo-Bugon.
1271 2575 1317 2611 de
1335 2574 1414 2611 Sto.
1432 2576 1584 2613 Victore
1597 2579 1641 2614 de

181 2622 301 2657 bestiis
317 2631 347 2656 c.
362 2630 407 2665 23
425 2622 464 2656 et
480 2631 591 2666 supra
601 2629 621 2665 7
626 2621 670 2666 56
682 2630 709 2656 Β
724 2633 733 2665 ;
751 2621 830 2657 tale
846 2623 974 2658 autem
989 2622 1036 2659 de
1052 2622 1162 2669 lynce
1177 2624 1374 2659 narratum
1387 2634 1462 2659 non
1477 2625 1638 2670 repperi.

184 2679 223 2706 11
252 2668 424 2703 exoteris:
449 2678 516 2712 pro
533 2669 678 2704 exoticis
693 2668 859 2714 ponitur.
1076 2678 1117 2714 17
1138 2670 1406 2715 philomenam:
1431 2670 1455 2706 i.
1470 2682 1502 2707 e.
1519 2674 1638 2717 philo-

180 2716 311 2751 melam
322 2727 331 2756 ;
357 2713 403 2750 cf.
421 2725 534 2760 supra
551 2715 620 2761 756
632 2723 669 2750 Β.
849 2726 893 2752 22
918 2717 1054 2752 dictum
1070 2722 1142 2752 est:
1169 2716 1216 2752 cf.
1236 2729 1348 2763 supra
1364 2729 1397 2754 c.
1418 2728 1456 2754 11
1480 2719 1565 2772 (756
1577 2718 1637 2765 Α).

181 2771 224 2808 25
252 2763 434 2809 Siquidem
449 2762 574 2796 Lelius
589 2763 658 2798 etc.
673 2773 789 2808 usque
805 2763 854 2799 ad
870 2764 1070 2799 relaxaret:
1095 2776 1128 2799 v.
1142 2763 1228 2800 Val.
1243 2764 1343 2801 Max.
1356 2764 1433 2801 viii.
1453 2766 1474 2801 8
1517 2768 1534 2812 ὲ
1558 2776 1589 2810 1,
1602 2777 1635 2810 2,

179 2811 259 2892 fxt.
278 2819 306 2852 1,
320 2819 353 2846 2.
447 2809 493 2846 26
516 2809 744 2845 lectitabant:
762 2821 813 2847 sc.
823 2809 1025 2847 conchulas
1038 2812 1078 2848 et
1090 2810 1298 2856 umbilicos,
1313 2813 1356 2848 ut
1369 2812 1425 2849 ait
1437 2812 1471 2848 V
1513 2839 1522 2849 .
1534 2812 1636 2849 Max.

196 2867 251 2893 oc.
267 2855 331 2893 cit.

1464 2938 1530 2975 315
