1988 3250
231 197 315 248 627
331 195 362 236 d
706 192 971 238 IOANNIS
1011 191 1528 236 SARESBERIENSIS
1676 192 1784 249 [ΗΒ.
1800 203 1853 236 Ἡ

379 315 731 359 incolumitatem
770 315 969 358 ledamus
1008 312 1214 370 corporis,
1246 315 1327 356 aut
1372 313 1644 356 munitiones
1689 313 1852 371 quibus

380 388 508 429 tutus
540 389 608 429 est
637 385 935 436 detrahamus,
955 387 1036 426 aut
1067 397 1401 440 praesumamus
1430 383 1705 426 committere
1733 384 1853 427 unde

380 456 523 498 honor
541 458 622 498 aut
641 455 761 498 illius
775 454 949 498 utilitas
969 453 1221 504 minuatur;
1251 452 1329 495 sed
1343 467 1486 509 neque
1505 452 1564 505 id,
1585 453 1702 509 quod
1723 453 1854 496 facile

382 527 462 576 est,
493 525 669 568 difficile
699 524 796 568 fieri
828 524 943 575 licet,
974 526 1054 565 aut
1083 522 1202 579 quod
1230 521 1438 578 possibile
1467 524 1546 573 est,
1572 522 1853 580 impossibile.

383 594 617 637 Praeterea
655 594 732 651 qui
758 593 1020 636 beneficium
1048 592 1106 634 ab
1133 606 1195 642 eo,
1219 591 1345 634 cuius
1371 591 1514 635 fidelis
1540 595 1619 644 est,
1645 592 1853 649 possidet,
1872 609 1893 644 5

231 665 315 706 628
334 676 366 706 a
382 664 587 722 gerendis
607 663 702 706 eius
729 663 948 706 auxilium
969 665 1014 704 et
1034 660 1267 704 consilium
1295 660 1451 714 debet;
1491 661 1609 704 unde
1635 664 1854 718 quantum

383 733 581 777 omnium
620 733 812 775 Domino
852 732 1067 774 debeatur
1106 730 1196 773 sole
1235 730 1398 773 clarius
1437 730 1566 782 lucet,
1597 731 1636 774 si
1675 733 1855 774 tantum

381 803 569 846 debetur
592 802 648 845 iis
668 802 829 859 quibus
854 801 948 844 sola
974 800 1191 843 fidelitate
1217 802 1422 843 tenemur
1448 800 1633 844 astricti.
1694 800 1783 843 Sed
1810 803 1856 843 et

381 887 497 930 pena
516 872 650 915 huius
670 871 868 915 criminis
892 873 1020 913 tanta
1045 873 1112 913 est
1138 872 1191 912 ut
1218 884 1307 912 non
1330 869 1461 913 facile
1487 870 1749 913 crediderim
1775 883 1856 913 nec

382 956 411 984 a
437 942 628 985 dominis
654 941 913 990 insularum,
933 940 1010 996 qui
1036 938 1316 996 frequentius
1339 940 1626 996 tyrannidem
1650 940 1856 987 induunt,
1875 953 1919 983 ιο·

383 1012 581 1055 seuerius
608 1010 837 1067 quippiam
864 1008 1108 1066 excogitari
1132 1023 1270 1065 posse.
1331 1008 1401 1059 Et,
1424 1024 1480 1052 ne
1507 1024 1536 1052 a
1560 1013 1858 1066 tyrannorum

382 1082 545 1126 seuitia
590 1095 729 1138 penae
769 1079 984 1123 seueritas
1022 1079 1284 1135 processisse
1329 1079 1547 1131 credatur,
1586 1080 1727 1137 ipsius
1765 1094 1858 1123 mo-

382 1151 623 1195 destissimi
661 1150 772 1193 iuris
811 1149 950 1192 uerba
988 1163 1069 1205 pro
1115 1151 1243 1206 parte
1289 1149 1529 1205 posuimus.
1607 1149 1688 1192 Ait
1727 1164 1862 1208 ergo:

384 1221 596 1278 Quisquis
615 1235 716 1263 cum
736 1219 954 1262 militibus
975 1218 1047 1261 uel
1071 1233 1172 1261 cum
1192 1219 1382 1275 priuatis
1408 1219 1481 1262 uel
1501 1220 1702 1263 barbaris
1723 1221 1860 1264 etiam

382 1291 611 1335 scelestam
641 1289 793 1332 inierit
823 1287 1063 1331 factionem
1098 1291 1178 1330 aut
1208 1287 1419 1332 facinoris
1448 1289 1588 1346 ipsius
1617 1290 1861 1347 susceperit
1878 1303 1920 1339 15

382 1362 709 1404 sacramentum
728 1358 801 1401 uel
821 1357 1006 1409 dederit,
1033 1357 1088 1400 de
1114 1372 1220 1401 nece
1240 1357 1375 1400 etiam
1396 1358 1596 1402 uirorum
1615 1359 1860 1403 illustrium

384 1430 462 1487 qui
482 1429 676 1473 consiliis
696 1431 742 1471 et
761 1427 1020 1471 consistorio
1035 1429 1187 1470 nostro
1202 1427 1439 1478 intersunt,
1453 1431 1708 1472 senatorum
1724 1429 1861 1472 etiam

385 1499 508 1557 (nam
538 1502 585 1542 et
614 1498 700 1555 ipsi
729 1511 833 1554 pars
859 1496 1054 1553 corporis
1083 1497 1225 1539 nostri
1254 1499 1377 1553 sunt)
1414 1498 1486 1541 uel
1516 1498 1754 1542 cuiuslibet
1783 1513 1860 1556 po-

336 1571 367 1611 b
386 1571 551 1612 stremo
571 1567 648 1625 qui
668 1566 797 1610 nobis
816 1566 994 1616 militat,
1009 1565 1276 1622 cogitauerit
1296 1565 1467 1624 (eadem
1484 1568 1603 1610 enim
1618 1568 1860 1612 seueritate

385 1638 664 1681 uoluntatem
695 1635 870 1679 sceleris
905 1650 994 1692 qua
1029 1635 1233 1679 effectum
1270 1637 1421 1693 puniri
1455 1637 1556 1680 iura
1588 1638 1860 1698 uoluerunt),
1877 1656 1924 1682 πο

385 1708 479 1766 ipse
500 1707 678 1764 quidem
708 1708 863 1763 utpote
883 1705 1130 1748 maiestatis
1149 1720 1251 1749 reus
1270 1706 1420 1763 gladio
1441 1706 1642 1760 feriatur,
1655 1708 1862 1752 omnibus

385 1777 514 1821 bonis
549 1777 644 1820 eius
678 1776 782 1819 fisco
817 1778 970 1818 nostro
1010 1775 1212 1819 addictis.
1274 1776 1377 1819 Filii
1417 1791 1524 1820 uero
1558 1778 1665 1829 eius,
1700 1778 1863 1835 quibus

385 1847 530 1890 uitam
549 1844 835 1903 imperatoria
861 1844 1111 1901 specialiter
1133 1844 1318 1888 lenitate
1338 1846 1863 1905 concedimus—paterno

387 1917 507 1960 enim
541 1915 705 1958 debent
737 1914 882 1971 perire
916 1913 1144 1971 supplicio,
1179 1914 1227 1957 in
1262 1915 1423 1971 quibus
1458 1917 1647 1973 paterni,
1676 1917 1759 1960 hoc
1793 1919 1862 1961 est

387 1985 658 2035 hereditarii,
692 1983 890 2027 criminis
922 1983 1124 2040 exempla
1156 1987 1506 2028 metuuntur—a
1544 1989 1748 2030 materna
1785 1987 1859 2031 uel
1879 2002 1923 2038 ²5

388 2056 525 2108 auita,
546 2054 743 2098 omnium
764 2053 899 2096 etiam
927 2052 1231 2110 proximorum
1252 2053 1499 2097 hereditate
1519 2069 1570 2098 ac
1589 2055 1862 2099 successione

388 2125 639 2168 habeantur
673 2122 819 2175 alieni,
850 2122 1130 2165 testamentis
1160 2126 1473 2166 extraneorum
1504 2124 1642 2167 nichil
1671 2125 1864 2182 capiant.

389 2195 493 2239 Sint
532 2195 746 2251 perpetuo
786 2194 966 2249 egentes
1005 2194 1050 2234 et
1089 2206 1316 2249 pauperes,
1351 2192 1539 2237 infamia
1578 2209 1652 2238 eos
1691 2209 1865 2252 semper

388 2267 576 2322 paterna
602 2261 850 2306 comitetur.
908 2259 981 2302 Ad
1011 2260 1156 2303 nullos
1186 2275 1397 2318 umquam
1428 2262 1627 2314 honores,
1651 2263 1709 2307 ad
1739 2263 1864 2307 nulla

389 2346 570 2391 prorsus
590 2333 865 2374 sacramenta
886 2329 1161 2386 perueniant.
1222 2330 1326 2374 Sint
1345 2335 1568 2388 postremo
1587 2333 1699 2376 tales
1719 2336 1772 2378 ut
1792 2333 1863 2377 his
1881 2350 1927 2385 ³0

389 2403 605 2460 perpetua
630 2402 827 2458 egestate
850 2397 1132 2442 sordentibus
1158 2399 1218 2442 sit
1248 2403 1294 2443 et
1317 2415 1436 2444 mors
1459 2401 1667 2445 solatium
1694 2406 1741 2446 et
1766 2402 1865 2447 uita

348 2489 374 2519 c
391 2471 667 2530 supplicium.
728 2468 930 2525 Denique
951 2468 1154 2512 iubemus
1174 2469 1308 2512 etiam
1325 2485 1398 2513 eos
1418 2471 1635 2515 notabiles
1655 2487 1749 2516 esse
1769 2472 1865 2517 sine

391 2572 414 2608 8
438 2569 513 2607 hiis
530 2569 582 2605 A:
607 2567 667 2604 his
684 2567 722 2603 M
866 2575 890 2612 9
913 2568 970 2603 est
986 2567 1099 2603 tanta
1116 2566 1154 2602 Μ
1278 2577 1321 2604 10
1345 2567 1577 2606 tirannidem
1595 2568 1698 2606 ΑΒΜ
1822 2580 1861 2608 11

390 2617 630 2655 tirannorum
648 2614 748 2652 ΑΒΜ
918 2624 960 2660 13
986 2613 1104 2651 uerba
1120 2626 1190 2651 om.
1209 2614 1262 2650 Μι
1435 2627 1481 2663 30
1505 2616 1579 2654 hiis
1595 2617 1628 2652 A
1818 2628 1863 2665 32

390 2664 596 2713 suplicium
614 2662 639 2699 S

443 2763 486 2789 10
508 2753 739 2787 insularum:
765 2747 811 2785 cf.
833 2746 930 2783 Plin.
949 2747 995 2783 ΙΙ.
1015 2748 1061 2783 N.
1077 2745 1225 2802 'xxx-vii.
1253 2746 1271 2795 ξ
1300 2758 1329 2802 3.
1346 2747 1391 2784 de
1418 2747 1627 2796 Polycrate.
1820 2760 1863 2797 14

380 2802 563 2895 §233³ss
580 2801 789 2884 teotgausque
806 2795 854 2832 ad
873 2795 983 2831 finem
1002 2795 1186 2842 capituli:
1211 2794 1299 2833 Cod.
1318 2807 1369 2833 ix.
1387 2798 1419 2834 8.
1442 2805 1476 2844 5.
1592 2806 1632 2845 15
1650 2798 1862 2844 facinoris:

506 2918 547 2963 7⁶
