1988 3250
243 236 326 276 601
343 235 374 274 b
724 232 986 277 IOANNIS
1026 232 1543 278 SARESBERIENSIS
1692 232 1804 294 [mn.
1817 243 1870 278 vt

346 359 377 398 b
395 351 732 411 Impugnabant
765 354 883 397 enim
916 354 1066 397 hostes
1099 353 1288 412 imperii,
1316 354 1393 398 sed
1425 354 1638 398 mandata
1667 354 1751 398 Dei
1781 369 1870 398 ser-

393 423 591 476 uabant;
636 423 675 466 si
715 438 822 467 uero
861 423 1248 481 praecipiebantur
1285 427 1502 467 temerare
1542 424 1696 482 legem,
1726 424 1870 467 Deum

394 492 565 535 homini
605 492 930 550 praeferebant.
995 494 1220 537 Sedebant
1259 493 1482 551 principes
1521 497 1567 537 et
1604 494 1873 537 accusabant

395 577 495 615 eos3
544 562 611 604 illi
652 563 974 606 exercebantur
1012 563 1060 606 in
1099 563 1490 607 iustificationibus
1539 563 1732 614 Domini,
1775 578 1870 606 con-

395 634 568 675 stanter
593 631 824 688 loquentes
850 635 895 675 et
922 636 1105 690 agentes
1131 633 1226 676 sine
1253 632 1512 676 confusione
1541 633 1754 675 mandata
1778 633 1873 675 eius
1893 649 1912 683 5

393 716 495 745 cum
525 701 646 744 omni
675 702 849 745 fiducia.
909 702 1060 745 Dauid
1090 717 1264 759 quoque
1293 701 1509 745 militasse
1542 701 1709 760 legitur
1736 701 1874 746 Achis

395 773 441 814 et
469 771 603 814 fidem
633 774 679 814 et
708 771 1008 814 reuerentiam
1038 772 1278 814 militantis
1307 771 1525 828 implesse.

453 839 578 883 Haec
602 843 754 883 autem
782 840 904 883 omni
927 840 1116 884 militiae
1146 839 1341 883 formula
1369 840 1709 897 praescribenda
1732 843 1800 883 est
1829 843 1875 883 et

394 908 621 966 implenda
652 912 706 952 ut
735 909 831 952 Deo
861 909 1056 967 primum
1086 909 1196 952 fides
1225 909 1389 960 debita,
1419 909 1578 952 deinde
1607 909 1798 966 principi
1829 912 1876 952 et

394 979 459 1021 rei
489 979 692 1036 publicae
722 982 927 1022 seruetur
955 979 1201 1023 incolumis.
1260 978 1320 1022 Et
1349 993 1522 1036 semper
1550 979 1720 1022 maiora
1747 993 1874 1036 prae·
1896 992 1937 1017 ¹0

394 1048 659 1091 iudicabunt
691 1048 949 1099 minoribus,
985 1048 1092 1105 quia
1124 1062 1205 1092 nec
1240 1048 1305 1091 rei
1339 1047 1542 1105 publicae
1573 1063 1654 1092 nec
1683 1048 1875 1105 principi

394 1117 505 1161 fides
525 1117 746 1160 seruanda
767 1120 834 1160 est
854 1121 1011 1160 contra
1038 1118 1183 1161 Deum
1214 1117 1291 1160 sed
1316 1117 1559 1160 secundum
1583 1117 1740 1168 Deum,
1759 1117 1877 1161 sicut

395 1187 532 1230 habet
552 1187 650 1244 ipsa
669 1187 899 1244 conceptio
918 1187 1128 1230 militaris
1149 1187 1425 1230 sacramenti.
1484 1186 1613 1230 Vnde
1633 1187 1876 1244 plurimum

395 1257 535 1299 miror
565 1256 603 1299 si
637 1256 737 1313 quis
768 1256 973 1314 princeps
1008 1257 1098 1300 illis
1130 1257 1294 1300 habeat
1322 1257 1455 1300 fidem
1486 1271 1596 1314 quos
1625 1257 1751 1300 uidet
1781 1256 1877 1300 Deo

353 1336 380 1367 c
397 1340 489 1376 suo,
509 1325 580 1369 cui
601 1324 672 1383 (ut
691 1328 839 1368 cetera
864 1325 1055 1385 taceam)
1083 1326 1218 1370 etiam
1246 1328 1523 1369 sacramento
1549 1326 1736 1369 militiae
1764 1326 1875 1369 obli-
1896 1335 1935 1370 ¹⁵

396 1396 492 1454 gati
534 1398 652 1445 sunt,
690 1395 824 1438 fidem
864 1395 1062 1438 debitam
1101 1410 1191 1438 non
1230 1410 1418 1439 seruare.
1479 1395 1683 1449 Quonam
1721 1395 1877 1438 morbo

397 1465 585 1508 rationis
623 1464 798 1508 laborat
838 1464 915 1522 qui
956 1479 1058 1508 eum
1098 1465 1183 1508 sibi
1223 1465 1398 1508 fidelem
1433 1463 1530 1508 fore
1564 1465 1706 1509 credit
1746 1479 1878 1522 quem

397 1534 524 1578 uidet
557 1549 650 1577 esse
679 1538 939 1591 corruptum
970 1539 1016 1577 et
1045 1533 1264 1591 perfidum
1297 1533 1345 1576 in
1374 1533 1502 1576 illum
1531 1534 1603 1578 cui
1634 1534 1878 1592 plurimum

397 1604 562 1648 debet?
622 1603 711 1647 Sed
733 1604 862 1646 timet
882 1603 1150 1661 principem;
1179 1606 1309 1654 certe,
1322 1603 1360 1646 si
1381 1602 1542 1647 fortior
1560 1603 1880 1661 superuenerit,

397 1674 686 1731 praetimebit
721 1676 767 1716 et
801 1673 940 1716 illum.
1005 1674 1198 1716 Amatur
1228 1673 1346 1716 forte
1375 1673 1604 1731 princeps;
1644 1676 1705 1726 at,
1734 1673 1772 1716 si
1802 1673 1878 1716 be-
1898 1688 1942 1713 20

398 1743 579 1800 nignior
613 1746 660 1786 et
695 1743 1010 1786 beneficentior
1042 1742 1312 1800 apparuerit,
1345 1745 1391 1785 et
1426 1742 1553 1785 illum
1589 1742 1884 1800 praeamabit.

400 1812 506 1855 Non
527 1815 595 1855 est
615 1826 703 1869 quo
731 1827 777 1855 se
801 1826 891 1854 non
918 1814 1069 1855 uertat
1092 1812 1257 1868 impius
1281 1811 1358 1868 qui
1386 1811 1610 1855 hominem
1637 1811 1732 1855 Deo
1754 1826 1879 1869 prae-

401 1881 515 1935 fert;
557 1896 840 1939 nequaquam
881 1881 1081 1925 seruabit
1120 1881 1254 1924 fidem
1294 1881 1532 1925 secundam
1572 1881 1650 1939 qui
1689 1881 1880 1939 primam

401 1951 577 1994 irritam
610 1951 736 1995 facit.

404 2065 512 2123 Cap.
531 2079 595 2108 10.
622 2066 687 2108 De
701 2064 967 2122 priuileyiis
981 2064 1205 2115 militum,
1223 2069 1260 2108 et
1277 2064 1396 2121 quod
1410 2068 1689 2108 sacramento
1705 2063 1882 2108 astricti
1901 2083 1918 2107 2
1924 2084 1942 2118 5

541 2138 650 2178 suant
671 2134 902 2188 Ecclesiae,
923 2138 961 2178 et
983 2149 1124 2191 quare
1144 2134 1330 2191 yladius
1350 2133 1566 2191 offeratur
1587 2134 1746 2178 altari.

360 2221 390 2262 d
465 2222 601 2265 Recte
631 2236 738 2264 uero
767 2220 1060 2263 militantium
1090 2220 1327 2278 priuilegia
1356 2220 1499 2263 multa
1533 2223 1649 2271 sunt,
1680 2235 1793 2278 quae
1827 2220 1883 2264 de

405 2292 502 2335 iure
543 2291 729 2347 antiquo
768 2290 904 2333 latius
943 2293 1110 2348 patent.
1180 2289 1298 2333 Nam
1341 2293 1386 2333 et
1426 2290 1651 2333 liberiores
1691 2294 1798 2333 sunt
1838 2294 1884 2334 et

406 2361 610 2419 pluribus
649 2360 1010 2403 immunitatibus
1039 2360 1249 2417 gaudent.
1314 2359 1385 2402 Ab
1418 2360 1613 2417 angariis
1648 2363 1694 2403 et
1722 2374 1884 2417 paran-

405 2430 544 2488 gariis
579 2433 624 2472 ct
660 2429 850 2472 sordidis
883 2429 1142 2472 muneribus
1177 2429 1323 2480 alieni,
1360 2429 1459 2472 iura
1490 2443 1664 2486 quoque
1700 2429 1884 2473 licenter
1902 2449 1945 2483 30

405 2501 616 2558 ignorant
656 2502 713 2550 et,
754 2498 857 2542 licet
897 2499 944 2542 in
984 2502 1205 2556 potestate
1244 2499 1347 2550 sint,
1379 2499 1427 2541 in
1462 2498 1675 2542 castrensi
1711 2499 1885 2557 peculio

410 2617 463 2650 ιι,
487 2618 528 2644 12
554 2607 646 2643 fides
663 2605 828 2654 principi
846 2604 885 2640 M
1079 2615 1120 2651 13
1147 2604 1376 2641 sacramenti
1394 2604 1573 2642 militaris
1589 2603 1636 2642 A²
1841 2605 1885 2643 18

407 2654 575 2703 plurium
595 2654 619 2691 S
763 2658 807 2691 28
834 2651 1044 2699 liberiores]
1064 2652 1258 2690 uberiores
1277 2652 1316 2689 M

456 2759 476 2795 3
502 2749 678 2784 Sedebant
695 2749 791 2784 eta:
819 2759 851 2782 v.
871 2746 928 2782 Pa.
946 2744 1069 2782 cxviii.
1089 2755 1145 2791 23.
1257 2746 1280 2782 6
1306 2746 1432 2800 Dan-id
1449 2747 1543 2782 eta:
1569 2756 1602 2781 v.
1626 2754 1640 2782 1
1662 2744 1753 2791 Reg.
1771 2744 1885 2782 xxvii.

407 2806 427 2832 2
447 2808 548 2842 seqq.
652 2805 694 2841 19
718 2796 900 2840 ciforum·
913 2805 956 2829 eu
971 2794 1181 2847 ›eruenem‘fx
1208 2804 1239 2828 v.
1261 2792 1347 2829 Luc.
1362 2805 1409 2829 xi.
1422 2803 1478 2847 ²?·
1577 2803 1623 2839 29
1648 2794 1704 2847 ᾼὺ
1721 2795 1888 2838 ακρηνίῐε

406 2846 503 2927 εἶμι
532 2855 563 2879 v.
581 2842 666 2890 Dig.
683 2842 708 2881 1.
728 2851 761 2890 5.
782 2841 862 2889 105
883 2851 929 2885 ²3
985 2841 1046 2878 od.
1067 2841 1200 2878 lustin.
1215 2852 1249 2877 x.
1270 2850 1327 2886 47.
1343 2851 1397 2885 12,
1417 2840 1608 2887 1121642
1635 2839 1721 2888 Dig.
1736 2840 1837 2878 xxix.
1854 2850 1883 2884 1,

407 2902 430 2927 x
449 2902 499 2927 ix.
523 2900 577 2936 ¹7·

519 2971 563 3007 ²⁴
