1988 3250
238 251 316 292 ⁷⁷2
335 251 360 282 0
702 243 964 287 IOANNIS
994 242 1506 288 SARESBERIENSIS
1619 242 1730 303 [LIB.
1743 254 1837 287 v111

375 366 580 407 asserunt
600 363 924 421 Peripathetici‚
945 364 1028 407 hoc
1047 378 1361 422 usquequaque
1381 363 1614 407 indubium
1635 366 1713 414 est,
1733 363 1839 421 quia

328 429 358 469 d
375 432 512 475 nichil
527 433 874 490 expetendorum
890 433 1154 477 aduersatur
1167 434 1363 477 honesto.
1413 433 1674 476 Laudantur
1693 437 1839 477 cetera

375 504 421 544 et
435 516 524 545 non
536 502 797 560 insipienter
807 506 1031 560 optantur,
1043 507 1096 546 ut
1114 504 1231 546 bona
1250 503 1463 554 ualitudo,
1482 503 1627 546 clarus
1646 502 1839 560 sanguis,

374 586 520 614 rerum
560 572 697 629 copia,
728 572 805 616 sed
841 573 978 616 nichil
1010 572 1196 616 istorum
1231 575 1407 630 turpem
1442 576 1522 616 aut
1555 573 1839 616 inhonestum

374 641 596 684 hominem
632 641 742 685 facit
773 656 866 685 esse
897 642 1175 685 laudabilem.
1234 641 1463 698 Siquidem
1502 642 1557 685 de
1591 641 1839 685 ualitudine
1858 652 1878 687 s

374 710 490 754 bona
524 711 654 762 uires,
686 711 740 754 de
771 711 943 754 uiribus
978 711 1218 763 temeritas,
1248 711 1302 754 de
1333 711 1585 754 temeritate
1613 711 1838 764 uiolentia,

375 780 430 823 de
457 779 671 823 uiolentia
702 780 916 823 stimulus
943 780 1139 832 ultionis,
1159 781 1285 837 quasi
1315 780 1406 824 odii
1440 784 1486 824 et
1514 781 1730 824 bellorum
1759 780 1840 824 fax

374 863 555 892 accensa
602 850 916 900 inflammatur,
965 850 1251 907 sequiturque
1300 850 1499 893 iustitiae
1547 852 1838 907 contemptus,

374 917 522 976 legum
554 920 875 976 praeuaricatio
915 922 960 962 et
994 919 1219 962 concussio
1254 919 1453 976 inquieta
1487 919 1653 977 publici
1683 922 1840 963 status.

373 986 532 1031 Clarus
571 989 752 1047 sanguis
791 989 1027 1032 elationem
1066 989 1197 1046 parit,
1230 989 1477 1046 potentiam
1516 989 1705 1042 affectat,
1737 1003 1838 1032 con·
1859 999 1902 1024 10

372 1057 518 1100 culcat
566 1057 809 1108 inferiores,
857 1073 987 1115 pares
1045 1058 1331 1116 contempnit,
1379 1058 1625 1116 superiores
1678 1058 1840 1102 habere

374 1125 653 1184 dedignatur,
683 1127 882 1185 loquitur
910 1127 1110 1185 grandia,
1139 1130 1262 1171 totus
1288 1130 1434 1171 tumet
1459 1127 1552 1171 alto
1577 1142 1840 1186 magnorum

376 1196 603 1253 sanguine,
652 1200 880 1253 tamquam
931 1196 1086 1240 fecerit
1135 1197 1228 1254 ipse
1279 1196 1449 1254 aliquid
1497 1200 1679 1254 propter
1721 1196 1839 1254 quod

233 1272 310 1313 773
329 1271 360 1303 8
375 1265 537 1308 nobilis
570 1281 662 1309 esse
697 1266 866 1317 debeat,
901 1266 970 1309 sui
1010 1266 1250 1317 immemor,
1282 1281 1434 1310 eorum
1474 1266 1551 1324 qui
1590 1269 1709 1310 retro
1747 1281 1840 1310 esse

376 1334 587 1378 uidentur
610 1335 887 1379 obliuiscitur
910 1339 956 1379 et
979 1351 1025 1380 se
1050 1337 1097 1379 in
1127 1337 1349 1380 anteriora
1378 1336 1474 1380 sine
1503 1336 1627 1380 cultu
1657 1336 1841 1380 uirtutis
1861 1345 1900 1381 1⁵

376 1404 588 1448 ridiculus
608 1404 815 1448 Trasonis
835 1405 1035 1449 imitator
1054 1406 1271 1451 extendit.
1331 1406 1487 1464 Inquit
1506 1406 1700 1450 ethicus:

492 1493 610 1537 Malo
639 1497 768 1550 pater
795 1494 879 1537 tibi
909 1494 969 1538 sit
998 1494 1202 1547 Tersites,
1231 1495 1469 1539 dummodo
1498 1498 1550 1539 tu
1579 1495 1641 1539 sis

493 1551 713 1595 Eachidae
743 1552 899 1595 similis
929 1552 1230 1610 Vulcaniaque
1260 1568 1384 1596 arma
1413 1568 1624 1610 capessas,

492 1624 625 1667 quam
654 1613 700 1653 te
729 1610 926 1654 Tersitae
956 1611 1143 1654 similem
1173 1611 1388 1669 producat
1417 1611 1624 1656 Achilles.

377 1701 493 1744 Nolo
518 1705 667 1744 tamen
693 1704 746 1745 ut
772 1701 818 1744 in
846 1701 1055 1745 iniuriam
1080 1718 1206 1747 suam
1229 1703 1397 1747 dictum
1422 1706 1572 1747 noster
1591 1703 1841 1747 Simonides
1860 1718 1904 1744 no

376 1771 604 1828 opinetur;
633 1771 780 1814 atauis
799 1771 976 1828 quidem
998 1772 1143 1816 editus
1164 1772 1342 1830 regibus
1361 1775 1407 1816 et
1427 1772 1691 1830 Capitolinis
1709 1787 1841 1831 gene-

377 1840 518 1883 rosior
543 1843 589 1883 et
619 1840 838 1886 Marcellis
864 1845 910 1885 et
936 1841 1140 1885 omnibus
1165 1841 1222 1885 ad
1250 1842 1431 1899 podium
1458 1842 1761 1900 spectantibus
1784 1845 1843 1896 et,

381 1970 396 1997 1
426 1959 711 2016 perypathetiei
728 1960 810 1997 cA:
838 1960 1090 2009 parypatetici
1108 1960 1163 1997 B:
1215 1961 1430 2017 eripatetici
1449 1961 1473 1999 S
1578 1964 1598 1999 8
1624 1962 1845 2001 infimatur

378 2007 462 2092 otta
492 2054 500 2063 ⁸
536 2007 761 2093 Aingl'aoide
778 2008 817 2045 M
963 2019 1006 2056 19
1030 2011 1157 2046 temti
1173 1973 1213 2045 ff
1349 2019 1396 2047 20
1419 2021 1461 2047 m
1479 2022 1545 2047 om.
1562 2009 1658 2047 CBA
1797 2021 1840 2049 21

379 2066 403 2092 a
464 2067 521 2092 ms

432 2177 473 2203 12
498 2168 660 2214 loquitur
670 2168 852 2213 μηκάδας
877 2165 924 2202 cf.
942 2165 1039 2202 Dan.
1059 2165 1120 2203 vii.
1138 2176 1196 2203 20.
1290 2171 1401 2202 tumet
1416 2168 1489 2204 alto
1506 2169 1600 2205 etc.:
1624 2180 1657 2204 v.
1673 2167 1752 2206 Iuv.
1767 2169 1844 2207 Sat.

382 2213 454 2251 viii.
476 2225 532 2259 40,
550 2224 607 2259 41.
763 2225 806 2258 1⁴
831 2226 953 2251 eorum
970 2216 1033 2260 qui
1050 2219 1144 2250 retro
1161 2216 1253 2251 eta:
1279 2226 1310 2249 v.
1330 2213 1496 2269 Philipp.
1513 2214 1568 2251 iii.
1590 2226 1644 2262 13.
1801 2217 1845 2254 16

386 2263 576 2298 Τναεοηιζςε
611 2260 637 2299 i.
649 2273 681 2299 e.
709 2260 844 2298 militis
873 2260 1026 2307 gloriosi
1055 2260 1095 2296 in
1124 2262 1301 2298 Eunucho
1329 2261 1510 2306 Terentii,
1544 2262 1591 2300 de
1623 2274 1697 2310 quo
1731 2275 1845 2311 supra

382 2309 612 2356 saepissime.
758 2318 798 2352 ¹7
825 2310 924 2345 Malo
936 2314 1045 2355 pater
1060 2310 1153 2345 ete:
1182 2308 1258 2345 Iuv.
1275 2311 1352 2345 Sat.
1371 2308 1448 2346 viii.
1467 2311 1642 2356 269—271.
1799 2321 1846 2348 20

382 2363 502 2393 noster
522 2358 746 2393 simonides:
774 2355 965 2392 Incertum
992 2359 1050 2393 est
1073 2355 1121 2392 ad
1146 2368 1258 2402 quem
1284 2356 1351 2392 sub
1377 2356 1528 2394 nomine
1555 2356 1772 2395 Simonidae
1789 2358 1845 2406 (id

383 2406 452 2446 est.
467 2406 510 2441 ut
523 2404 679 2446 videtur.
699 2403 917 2446 simoniaci3
942 2403 990 2440 cf.
1007 2405 1234 2450 symonidum
1250 2410 1343 2439 secta
1357 2403 1397 2440 in
1414 2405 1512 2441 Flor.
1527 2406 1636 2460 Heba,
1649 2405 1706 2443 ed.
1721 2405 1845 2443 Luard

384 2451 422 2487 ii.
441 2464 476 2498 p.
497 2452 556 2496 27)
583 2451 767 2498 respicere
791 2450 884 2488 velit
908 2450 1075 2487 Ioannem
1124 2449 1178 2488 De
1204 2450 1353 2498 Nigello
1379 2451 1553 2499 episcopo
1578 2451 1721 2490 Elienui
1745 2452 1845 2501 cogi-

382 2501 464 2535 tare
482 2498 572 2535 licct
588 2512 596 2541 ;
620 2499 666 2535 de
684 2510 757 2545 quo
775 2498 857 2535 vide
868 2498 992 2535 Nostri
1007 2499 1043 2534 F
1064 2511 1100 2544 p.
1123 2508 1175 2541 ¹4·
1193 2509 1247 2542 30,
1262 2509 1315 2543 3¹·
1334 2500 1387 2545 56,
1400 2511 1559 2545 quorum
1577 2502 1707 2537 tamen
1723 2499 1846 2547 prima

385 2549 426 2583 et
446 2549 503 2588 (ut
522 2546 684 2584 videtur,
705 2545 842 2582 ultima
857 2545 1021 2582 'rheobal
1052 2544 1063 2580 i
1088 2544 1364 2592 archiepiscopi
1390 2546 1544 2584 nomine
1569 2547 1703 2584 missae
1729 2549 1844 2593 eunt3

384 2593 435 2629 cf.
460 2592 494 2630 J.
523 2593 568 2630 Η.
595 2593 727 2630 Round
747 2595 841 2629 Dice.
866 2595 910 2640 os
926 2594 1010 2629 Nat.
1037 2594 1135 2639 Bioq.
1164 2592 1227 2629 xli.
1254 2595 1299 2630 61
1315 2605 1390 2640 neq.
1440 2593 1512 2631 Sed
1538 2593 1723 2631 nonnulla
1746 2606 1844 2642 quae

384 2639 501 2677 habet
528 2640 686 2678 loanne-
713 2641 813 2677 haud
837 2640 935 2678 bene
958 2640 1005 2677 ad
1031 2639 1221 2686 Nigellum
1246 2640 1435 2687 pertinere
1459 2640 1642 2678 videntur.
1798 2652 1840 2680 21

383 2690 507 2724 atauie
531 2691 626 2725 etc.:
652 2700 683 2724 v.
701 2688 791 2725 Hor.
813 2690 933 2725 Cam.
953 2687 976 2724 i.
999 2698 1027 2724 1.
1050 2698 1061 2724 1
1082 2701 1090 2730 ;
1114 2688 1162 2723 cf.
1183 2699 1297 2734 supra
1321 2688 1368 2724 ad
1394 2688 1442 2725 vi.
1464 2699 1506 2735 ¹9
1532 2690 1614 2735 (617
1630 2689 1683 2735 Β).
1731 2689 1844 2727 Hunc

383 2734 603 2771 verticulum
623 2737 747 2782 (quem
766 2735 883 2773 etiam
901 2734 994 2772 citat
1011 2734 1242 2782 Augustinus
1259 2737 1302 2771 de
1318 2737 1457 2772 Musica
1474 2748 1507 2772 v.
1528 2737 1552 2773 6
1568 2735 1587 2784 ξ
1610 2746 1660 2780 12,
1684 2747 1724 2792 13
1743 2736 1761 2784 ξ
1776 2745 1819 2782 27
1836 2749 1845 2781 ς

385 2782 515 2827 uigne
545 2784 586 2818 Ρ.
614 2785 655 2819 L.
693 2782 808 2819 xxxii.
840 2792 938 2829 ¹¹53.
969 2784 1071 2829 1161)
1107 2782 1147 2819 in
1182 2782 1314 2819 florum
1353 2782 1579 2821 collectione
1611 2795 1740 2822 nescio
1771 2795 1846 2831 qua

384 2828 511 2924 lugere
527 2833 680 2922 poterat
696 2830 857 2869 loanne-
870 2831 1008 2868 noster.
1164 2835 1196 2866 et
1218 2832 1435 2877 Capitolinis
1450 2832 1543 2868 etc.:
1569 2843 1601 2868 v.
1620 2831 1695 2868 Iuv.
1711 2832 1786 2869 Sat.
1805 2830 1845 2868 ii.

387 2886 429 2921 14
459 2887 524 2922 -14
551 2904 558 2912 .

496 2947 560 2991 ³³⁶
