1988 3250
235 216 320 265 670
340 225 372 255 a.
715 211 979 257 IOANNIS
1019 211 1536 256 SARESBERIENSIS
1661 209 1772 272 [Lm.
1787 222 1859 255 vu

386 332 498 390 pede
526 332 767 376 calcantur.
828 331 918 376 Sed
946 332 1046 390 quis
1073 335 1141 376 est
1170 332 1248 389 qui
1276 333 1391 376 hanc
1420 331 1606 375 arduam
1636 332 1758 375 uiam
1786 332 1860 376 uel

337 400 367 439 b
387 402 556 445 intrare
583 402 823 460 disponat?
883 401 1107 459 Angelum
1134 401 1298 445 fortem
1329 401 1428 459 quis
1452 401 1744 459 aggreditur?
1779 405 1861 445 aut

386 471 498 529 quis,
518 471 556 515 si
576 471 847 530 aggreditur,
867 471 1146 528 perseuerat2
1205 471 1300 514 Nec
1319 474 1471 514 tamen
1491 471 1586 514 sine
1606 471 1860 514 discrimine

384 540 652 584 colluctandi
682 541 864 584 uidetur
893 540 1029 584 facies
1058 540 1266 584 ueritatis
1295 543 1351 590 et,
1381 539 1469 583 nisi
1498 540 1707 596 pauperis
1735 539 1860 583 exilii

383 610 637 653 amaritudo
685 610 931 667 praecedat,
973 610 1176 653 Rachelis
1226 612 1272 652 et
1321 609 1427 652 Liae
1470 609 1725 666 coniugatio
1768 623 1858 652 non
1877 627 1896 662 5

383 678 596 723 dulcescit
624 694 704 723 nec
734 679 974 722 subcrescit
1003 679 1172 722 soboles
1202 693 1448 729 numerosa,
1478 678 1565 721 nisi
1595 678 1643 720 in
1672 677 1859 721 uirtutis

384 748 541 792 baculo
557 748 791 791 Iordanem
807 748 1053 791 labentium
1070 748 1263 791 solitudo
1278 747 1508 790 transierit
1523 761 1532 799 ;
1561 750 1607 790 et
1622 747 1670 789 in
1685 747 1859 791 duabus

382 818 544 862 turmis
583 817 884 875 spiritualium
924 821 970 860 et
1003 817 1297 874 corporalium
1332 817 1548 860 bonorum
1583 816 1631 858 in
1665 816 1858 873 patriam

382 886 509 930 diues
539 886 792 944 regreditur
822 887 899 943 qui
935 887 1070 929 etiam
1103 886 1222 929 inter
1252 889 1463 943 cognatos
1499 885 1603 928 exul
1637 885 1686 927 in
1720 900 1859 942 purae

382 956 768 1013 contemplationis
789 959 834 999 et
854 959 999 999 rectae
1019 955 1289 1012 operationis
1308 955 1458 998 labore
1474 954 1644 998 diutius
1664 955 1857 999 sudauit.
1878 973 1920 997 10

384 1025 472 1079 Qui·
493 1040 599 1069 uero
625 1026 715 1069 alia
734 1026 811 1068 uia
830 1025 1134 1082 philosophari
1155 1025 1375 1075 nituntur,
1397 1026 1571 1076 errant3
1604 1026 1650 1066 et
1669 1027 1858 1081 urgente

383 1093 502 1138 fame
517 1095 814 1152 primogenita
828 1094 1091 1143 distrahent,
1105 1093 1142 1136 si
1159 1096 1309 1136 tamen
1325 1092 1581 1135 inuenerint
1596 1107 1858 1150 germanum

384 1164 460 1221 qui
481 1164 554 1207 uel
574 1164 829 1207 lenticulam
850 1163 1094 1220 sapientiae
1118 1162 1251 1220 pretii
1283 1162 1460 1205 nomine
1487 1162 1717 1219 largiatur.
1777 1161 1859 1205 Est

340 1244 367 1274 c
385 1233 514 1284 enim,
529 1236 582 1276 ut
602 1233 747 1276 fertur
766 1233 932 1276 dixisse
951 1232 1221 1290 Aristippus,
1236 1231 1467 1289 indulgere
1488 1231 1614 1274 uitiis
1633 1245 1661 1274 a
1681 1231 1856 1289 legendi

382 1302 532 1345 studio
551 1305 810 1359 temperare.
1875 1318 1916 1353 15

642 1410 749 1468 Cap.
775 1423 840 1463 14·
869 1410 933 1453 De
953 1408 1144 1466 septima
1163 1408 1292 1452 clauc
1312 1408 1596 1452 discentium.

439 1491 495 1534 In
534 1492 649 1534 libro
690 1490 956 1543 Quintiliani
998 1490 1052 1533 de
1092 1489 1385 1533 Institutione
1424 1489 1627 1533 Oratoris
1666 1490 1856 1547 septima

381 1561 647 1605 discentium
667 1560 806 1604 clauis
826 1559 1009 1617 ponitur
1023 1574 1148 1602 amor
1167 1559 1431 1610 docentium,
1448 1574 1536 1616 quo
1551 1562 1856 1617 praeceptores

380 1634 434 1675 ut
463 1633 669 1688 parentes
698 1629 877 1672 amandi
907 1632 1014 1672 sunt
1043 1632 1089 1672 et
1117 1629 1300 1672 colendi.
1361 1628 1488 1672 Sicut
1517 1629 1634 1672 enim
1664 1629 1730 1671 illi
1759 1643 1853 1673 cor-

382 1715 551 1759 porum,
578 1700 644 1743 ita
673 1703 719 1742 et
748 1699 822 1741 isti
856 1698 1035 1755 quidem
1063 1701 1170 1741 sunt
1200 1699 1424 1755 genitores
1455 1698 1728 1752 animorum3
1762 1713 1853 1742 non
1873 1713 1916 1738 20

382 1770 561 1827 quidem
592 1769 646 1812 de
678 1783 724 1812 se
754 1767 938 1825 spiritus
970 1768 1256 1825 propagando
1287 1768 1596 1819 substantiam,
1622 1768 1698 1811 sed
1726 1768 1854 1825 quasi

380 1838 644 1896 sapientiam
679 1838 727 1880 in
759 1837 1015 1880 auditorum
1045 1837 1269 1880 mentibus
1298 1837 1492 1896 gignunt
1522 1837 1570 1879 in
1600 1837 1757 1881 melius
1787 1853 1854 1882 re-

381 1906 615 1950 formando
646 1911 867 1950 naturam.
929 1905 987 1948 Et
1017 1906 1124 1950 haec
1154 1906 1333 1964 quidem
1363 1907 1507 1964 pietas
1537 1907 1685 1950 studio
1715 1906 1854 1964 pluri-

379 1991 502 2020 mum
517 1976 710 2027 confert;
740 1991 844 2018 nam
865 1979 911 2018 et
931 1975 1121 2019 libenter
1140 1976 1332 2019 audiunt
1351 1991 1461 2033 quos
1482 1978 1645 2026 amant,
1663 1979 1708 2019 et
1723 1976 1855 2020 dictis

378 2046 566 2091 credunt
601 2049 647 2088 et
680 2045 744 2089 eis
783 2060 876 2087 esse
910 2044 1076 2088 similes
1110 2045 1436 2102 concupiscunt,
1470 2048 1515 2088 et
1550 2046 1624 2103 pio
1663 2045 1854 2090 faciente
1872 2063 1915 2098 ²5

379 2116 540 2159 affectu
561 2115 608 2157 in
628 2114 746 2172 ipsos
773 2117 896 2157 cetus
922 2114 1155 2157 scolarium
1182 2114 1260 2157 leti
1290 2114 1543 2171 alacresque
1569 2115 1853 2167 conueniunt,

329 2190 359 2231 d
380 2184 602 2229 emendati
624 2199 712 2226 non
733 2183 997 2234 irascuntur,
1013 2183 1183 2226 laudati
1212 2198 1301 2226 non
1323 2184 1601 2235 erubescunt,
1622 2186 1675 2226 ut
1695 2184 1787 2227 sint
1807 2188 1854 2229 et

379 2254 463 2311 ipsi
495 2252 709 2297 carissimi
741 2252 890 2294 studio
917 2252 1218 2297 merebuntur.
1279 2252 1410 2304 Nam,
1430 2256 1483 2296 ut
1503 2253 1734 2296 doctorum
1759 2253 1851 2297 offi-

379 2346 400 2372 2
427 2334 620 2382 agreditur
634 2333 670 2370 S·
815 2333 838 2370 6
863 2332 1066 2369 succrescit
1084 2333 1116 2368 A
1261 2343 1299 2370 ιι
1356 2333 1601 2381 hylosophari
1620 2333 1659 2370 M
1804 2335 1851 2374 26

378 2382 519 2429 impson
537 2381 584 2418 C:
611 2381 693 2427 ipso
712 2379 751 2415 M
902 2382 948 2417 28
975 2379 1163 2416 karissimi
1181 2345 1354 2417 CBAslvi’

424 2463 445 2489 2
472 2452 651 2498 Anyelum
675 2453 812 2497 sortem
846 2451 943 2487 etc.:
979 2450 1036 2486 Ad
1064 2449 1313 2487 luctationem
1345 2450 1457 2487 Iacob
1483 2462 1567 2487 cum
1594 2462 1641 2487 an
1673 2451 1731 2488 elo
1757 2450 1851 2489 Gen.

378 2499 494 2537 xxxii.
514 2510 557 2545 24
576 2510 676 2545 seqq.
698 2496 862 2544 respicit.
1073 2506 1090 2544 5
1120 2499 1285 2534 Rae-helin
1301 2503 1331 2533 et
1351 2500 1439 2534 Liae
1457 2502 1553 2536 etc.:
1580 2511 1615 2535 v.
1670 2510 1730 2535 en.
1747 2499 1848 2537 xxix.

377 2550 411 2591 6.
432 2557 452 2594 7
478 2550 550 2583 nint
570 2548 608 2582 in
627 2548 777 2582 uinutn'e
796 2545 919 2581 bac-ndo
936 2547 1030 2582 οἴαξ
1055 2556 1087 2581 v.
1106 2545 1200 2582 Gen.
1219 2544 1332 2581 xxxii.
1357 2555 1409 2582 10.
1571 2556 1613 2583 12
1637 2558 1850 2593 yet-manum

378 2601 451 2633 ete.
469 2605 477 2631 ε
505 2606 536 2630 v.
554 2594 648 2630 Gen.
667 2605 748 2629 xxv.
770 2603 815 2638 29
828 2604 930 2639 seqq.
1095 2603 1145 2647 ¹³·
1170 2603 1212 2638 ¹⁴
1237 2594 1303 2629 Eae
1320 2595 1414 2629 enim
1435 2595 1506 2630 etc.
1525 2604 1534 2630 t
1563 2593 1643 2630 Hoc
1663 2593 1849 2641 Aristippi

377 2643 521 2679 dietum
540 2640 632 2678 alibi
651 2640 812 2687 reperire
830 2640 955 2676 adhue
973 2639 1136 2686 nequivi.
1267 2650 1306 2684 17
1334 2642 1379 2676 In
1398 2642 1490 2676 libro
1510 2643 1735 2686 Quo'ntv'ln‘am'
1751 2643 1847 2679 etc.:

378 2702 410 2727 v.
439 2688 598 2735 Quintil.
632 2690 718 2725 Innt.
744 2692 842 2723 Ome.
873 2686 912 2723 ii.
941 2699 975 2733 9.
1052 2689 1260 2742 ‚⁰²P‘fmm.
1280 2687 1414 2743 idffflt’
1441 2692 1525 2734 post
1550 2700 1614 2724 sex
1638 2687 1848 2744 illas-quae

376 2734 1360 2837 32:²¹3?22„¹³;.¹2¹.³3;ffl⁰222{“3:‘;52·3:d¹”„35;53;‚⁰:‚{¹2¹⁸
1380 2747 1497 2820 5¹22?
1507 2736 1847 2828 dfiisszffssassi‘ffii

376 2834 476 2918 sugit.
540 2878 564 2915 b
593 2878 606 2915 l
651 2832 697 2868 26
720 2832 936 2915 ΐὲιᾷκηιι
962 2831 1165 2868 aduolat-um
1183 2830 1366 2875 Quinum
1392 2830 1499 2869 cuius
1516 2833 1644 2869 aetate
1661 2829 1848 2878 posterius

376 2892 415 2919 οι
451 2891 539 2916 voca
568 2890 591 2916 u
610 2890 671 2916 um
687 2891 723 2915 nc
809 2890 871 2916 ru.

477 2944 536 2979 ¹5³
