1988 3250
207 202 292 252 685
309 212 340 242 a
667 201 928 246 IOANNIS
969 201 1482 246 SARESBERIENSIS
1626 200 1737 262 [mn.
1750 213 1821 271 vit

357 321 555 364 nondum
571 321 747 365 solliciti
763 325 880 366 sunt.
919 322 1133 365 Vmbram
1153 312 1593 366 dumtaxat'uirtutis
1613 323 1823 366 affectant

359 405 492 447 quam
513 405 685 448 semper
703 391 864 434 uirtuti
891 391 1210 449 praetulerunt.
1268 391 1434 448 Vtique
1459 391 1596 435 nichil
1619 391 1824 434 miserius

312 468 342 506 b
360 462 428 503 est
447 475 581 518 quam
600 461 648 503 in
668 461 812 504 alieno
831 460 1005 519 fulgore
1025 461 1230 518 gloriari3
1261 463 1307 503 et
1331 463 1506 504 constat
1536 476 1628 504 esse
1647 461 1824 518 inopem

358 529 602 573 debitorem
638 530 714 586 qui
746 529 1009 572 solutionem
1043 530 1262 573 celebrare
1296 544 1386 573 non
1417 533 1565 587 potest
1597 530 1684 573 nisi
1718 529 1825 573 noui

356 599 505 656 gratia
518 599 758 642 creditoris.
798 599 1116 642 Verumtamen
1131 599 1194 642 sic
1207 601 1384 656 tempus
1398 599 1612 642 redimere
1626 599 1826 657 gestiunt
1845 610 1864 644 5

356 672 410 711 ut
433 668 517 711 tibi
547 668 752 711 satiricus
780 671 898 712 recte
927 668 1016 711 illis
1044 669 1253 711 uideatur
1281 675 1506 712 occurrere
1534 683 1635 712 cum
1664 669 1825 726 impro-
1863 684 1868 688 ·

358 738 481 795 perio
510 738 736 795 ingerens:

417 823 603 867 Hudum
623 826 668 866 et
688 823 818 867 molle
839 823 984 866 lutum
1006 839 1062 875 es,
1083 824 1173 867 iam
1193 838 1311 868 nunc
1330 823 1633 882 properandus
1653 826 1698 867 et
1718 824 1808 868 acri

416 882 650 940 fingendus
680 882 774 925 sine
803 883 891 924 fine
921 885 1030 925 rota.

851 940 951 983 Tibi
980 940 1162 991 luditur,
1192 941 1334 984 effluis
1362 954 1525 993 amens,
1850 964 1893 988 10

418 1001 750 1056 contempnere;
779 1001 908 1042 sonat
926 999 1090 1041 uitium
1110 1013 1327 1056 percussa,
1346 999 1540 1056 maligne

419 1057 656 1114 respondet
685 1057 820 1100 uiridi
851 1072 940 1099 non
970 1060 1094 1100 cocta
1122 1057 1271 1100 fidelia
1299 1057 1418 1101 limo.

362 1143 460 1187 Hoc
504 1144 622 1186 enim
661 1158 750 1186 non
796 1143 927 1186 modo
965 1143 1179 1186 aduersus
1222 1143 1444 1200 praelatos
1489 1143 1707 1187 Ecclesiae
1755 1142 1832 1186 sed

361 1227 512 1256 omnes
552 1213 628 1270 qui
667 1215 772 1256 ante
811 1213 995 1256 docendi
1035 1212 1226 1256 officium
1267 1216 1660 1270 praesumpserunt
1699 1227 1832 1270 quam

361 1282 567 1339 discipuli
608 1281 797 1325 formam
840 1282 1126 1339 impleuerint
1173 1282 1231 1325 ad
1276 1282 1505 1339 pigritiam
1551 1282 1831 1326 excitandam
1853 1302 1892 1336 15

363 1351 490 1408 quasi
517 1351 747 1394 stimulum
777 1351 959 1394 libertas
988 1351 1194 1394 ueritatis
1223 1351 1383 1396 educit.
1441 1352 1569 1395 Vnde
1592 1366 1696 1410 ergo
1715 1366 1834 1395 noua

323 1438 348 1467 c
365 1424 410 1464 et
452 1423 606 1464 uetera
645 1420 874 1478 proferent
913 1421 989 1478 qui
1030 1435 1203 1478 semper
1241 1435 1380 1478 aeque
1425 1436 1544 1465 noua
1589 1425 1636 1464 et
1680 1425 1835 1465 uetera

364 1490 752 1547 contempserunt?
825 1490 919 1534 Nec
951 1493 1019 1533 est
1053 1491 1171 1547 quod
1206 1506 1329 1535 error
1359 1491 1716 1535 concurrentium
1751 1491 1835 1534 sub

364 1561 601 1616 praetextu
636 1559 939 1602 multitudinis
977 1563 1223 1612 excusetur,
1256 1561 1362 1617 quia
1400 1560 1583 1604 uiuendi
1623 1559 1768 1603 forma
1806 1574 1834 1603 a

364 1629 698 1673 conuiuentium
719 1629 1010 1672 similitudine
1034 1644 1313 1687 nequaquam
1334 1630 1542 1680 trahitur,
1557 1629 1634 1673 sed
1654 1644 1681 1672 a
1696 1629 1833 1673 uerbo
1853 1651 1897 1676 ιο

366 1697 461 1749 Dei,
493 1698 540 1741 in
575 1698 701 1742 cuius
730 1699 805 1741 uia
836 1699 955 1742 beati
989 1699 1220 1742 ambulant
1255 1702 1301 1742 et
1330 1703 1450 1743 recto
1477 1699 1587 1743 calle
1616 1699 1673 1742 ad
1702 1713 1835 1742 uerae

365 1766 594 1811 felicitatis
632 1768 825 1825 patriam
859 1771 1062 1826 pergunt.
1123 1768 1279 1825 Neque
1319 1769 1437 1812 enim
1470 1768 1588 1826 quod
1622 1783 1650 1811 a
1682 1768 1837 1812 multis

363 1839 570 1894 peccatur
590 1841 817 1895 peccatum
845 1852 934 1880 11011
955 1840 1045 1890 est;
1074 1837 1151 1881 sed
1179 1837 1278 1881 ideo
1298 1838 1482 1896 grauius
1503 1838 1608 1894 quia
1632 1837 1836 1881 multum.

364 1906 458 1950 Nec
477 1906 776 1964 delinquentis
796 1907 971 1964 culpam
992 1907 1109 1950 socia
1138 1907 1303 1951 minuit
1332 1907 1577 1950 multitudo
1603 1907 1678 1950 sed
1709 1922 1835 1965 prae·

365 1979 538 2034 grauat,
577 1991 629 2020 00
668 1976 785 2033 quod
823 1977 996 2020 uiribus
1035 1976 1127 2020 suis
1166 1991 1222 2020 ne
1260 1977 1509 2034 corrigatur
1543 1976 1704 2020 obstat.
1765 1976 1835 2020 Ne
1855 2001 1896 2035 ²5

367 2048 518 2089 tamen
558 2046 770 2089 aduersus
810 2046 1029 2089 iustitiam
1079 2046 1162 2089 Dei
1212 2046 1546 2090 ambitiosorum
1595 2046 1838 2090 multitudo

366 2115 634 2174 praeualeat,
664 2130 752 2158 non
782 2115 912 2158 modo
943 2115 1099 2158 diuina
1132 2116 1209 2159 sed
1239 2115 1435 2159 humana
1466 2116 1566 2159 iura
1594 2118 1839 2159 armantur.

369 2185 463 2229 Lex
503 2187 548 2228 et
587 2184 840 2242 prophetae,
871 2184 1164 2242 Euangelium
1195 2187 1241 2228 et
1269 2199 1420 2228 omnes
1451 2185 1629 2242 regulae
1660 2187 1841 2242 patrum

369 2254 546 2298 illorum
586 2254 867 2297 detestantur
905 2254 1146 2297 audaciam.
1207 2254 1534 2298 Nichilominus
1574 2257 1724 2297 tamen
1764 2254 1840 2297 ad-

324 2329 353 2370 d
371 2338 526 2367 uersus
559 2322 798 2366 Dominum
832 2323 1076 2381 eriguntur.
1137 2323 1366 2374 Erubesce,
1397 2323 1563 2381 Sydon,
1593 2324 1659 2367 ait
1693 2338 1814 2367 mare
1830 2337 1840 2377 3
1860 2347 1904 2382 30

375 2476 387 2502 1
419 2464 573 2502 uirtutis
588 2464 677 2501 dum
696 2466 804 2501 taxat
818 2464 849 2500 A
958 2474 976 2512 5
1004 2465 1303 2513 Verumptamen
1321 2464 1354 2501 A
1459 2468 1480 2503 8
1506 2466 1629 2503 Vdum
1647 2466 1687 2502 M
1759 2466 1842 2515 agri

369 2512 506 2549 CBAs¹
678 2523 719 2558 ¹3
738 2518 821 2559 post
840 2512 921 2550 Hoc
937 2515 1021 2549 add.
1039 2514 1148 2550 modo
1166 2513 1241 2551 C¹A
1410 2524 1453 2560 23
1480 2514 1656 2561 multum]
1675 2513 1842 2551 inultum

372 2559 538 2597 BA'SM'
680 2561 724 2596 28
750 2559 1018 2608 euuangelium
1038 2560 1142 2597 ΒΑΜ
1285 2570 1334 2607 30
1357 2559 1473 2598 Sidon
1489 2561 1547 2599 As

420 2693 441 2730 8
468 2694 619 2729 Hudum
636 2694 729 2730 etc.:
755 2692 854 2730 Peru.
871 2693 946 2729 Sat.
966 2691 1019 2729 iii.
1039 2702 1098 2739 23,
1116 2702 1174 2737 24.
1316 2694 1413 2729 iamt
1439 2706 1536 2730 nunc
1553 2693 1654 2731 Pers.
1802 2703 1846 2730 10

377 2742 457 2778 Tibi
478 2742 571 2777 etc:
601 2740 698 2778 Pers.
715 2742 789 2777 Sat.
808 2739 865 2776 iii.
884 2750 939 2783 2ο,
959 2750 1014 2777 22.
1186 2741 1238 2784 16,
1262 2749 1302 2786 17
1329 2752 1426 2777 noua
1448 2746 1480 2777 et
1500 2747 1622 2777 uetera
1637 2742 1843 2788 proferent:

371 2800 406 2825 v.
424 2788 535 2824 Matt.
554 2786 634 2824 xiii.
656 2797 712 2835 52.
884 2797 926 2824 21
955 2789 993 2823 in
1020 2788 1124 2824 cuius
1148 2789 1241 2824 eta:
1269 2800 1301 2826 v.
1320 2787 1377 2824 Pa.
1396 2788 1533 2827 cxxvii.
1555 2799 1584 2836 1,
1604 2789 1673 2826 Isa.
1693 2788 1791 2825 xxvi.
1810 2798 1842 2834 7.

375 2846 422 2883 30
446 2836 632 2882 Emeum,
649 2837 782 2883 Sydon,
799 2836 852 2872 ait
870 2846 986 2872 mare:
1014 2835 1084 2872 Ina.
1102 2834 1207 2871 xxiii.
1224 2846 1257 2880 4.

487 2907 551 2943 180
