1988 3250
162 227 262 263 car.
277 212 379 274 xw]
673 210 1111 257 POLICRATICVS
1653 211 1735 260 673
1754 219 1787 250 a

161 333 532 392 mmpendiosior3
566 347 683 382 nam,
712 335 765 375 ut
794 331 881 376 diei
910 329 1034 380 solet,
1060 344 1186 373 amor
1215 330 1383 388 ingenii
1413 329 1635 373 neminem

162 418 374 461 umquam
395 402 582 445 diuitem
604 401 723 445 fecit.

237 519 342 578 Cap.
367 521 432 564 16.
463 519 527 562 De
549 532 701 562 amore
719 516 1019 568 diuitiarum,
1040 520 1078 559 et
1098 516 1218 572 quod
1238 515 1292 558 in
1312 515 1374 559 cis
1394 514 1562 559 anima

736 601 832 630 ‘no‘n
853 586 1051 645 quiescit.

125 691 146 731 5
223 670 310 725 Qui
330 669 444 713 solas
465 669 648 713 diuitias
673 683 908 726 congerere
933 670 1104 717 curant,
1125 666 1262 709 nichil
1291 666 1338 708 in
1362 666 1458 708 uita
1486 665 1635 722 potius

163 740 280 787 credi
310 739 469 783 uolunt
493 739 569 782 uia
596 753 729 795 quam
756 738 913 781 ceteris
943 736 1265 794 praetulerunt.
1339 735 1402 778 Vt
1429 735 1491 778 eis
1519 734 1632 776 indi-
1652 738 1680 775 b

161 809 313 869 gentia
345 808 588 865 expleatur,
620 808 797 851 diuersa
827 807 1075 865 probantur
1110 820 1137 848 a
1171 805 1372 848 diuersis.
1445 804 1633 846 Nullum

161 893 298 937 graue
317 878 561 936 periculum
582 880 661 929 est,
682 877 719 920 si
741 892 840 934 spes
861 876 1000 920 dolosi
1021 875 1191 919 nummi
1213 874 1447 931 refulgeat.
1485 874 1635 930 Ipsam

163 947 256 992 fere
275 950 483 991 naturam
503 947 645 990 uincit
665 961 790 989 amor
809 946 1020 1004 pecuniae
1041 948 1086 989 et
1107 960 1176 987 res
1203 959 1316 1002 pene
1343 942 1637 1000 impossibiles

105 1040 147 1067 ιο
163 1017 221 1061 ad
241 1016 491 1075 possibilem
509 1015 673 1072 redigit
693 1015 966 1059 facultatem.
1025 1014 1176 1057 Auaro
1196 1013 1333 1056 nichil
1350 1012 1438 1055 uile
1454 1012 1637 1054 uidetur

163 1090 243 1130 aut
262 1086 488 1129 sordidum
503 1099 512 1138 ;
543 1088 588 1128 et
605 1085 812 1128 sibilante
829 1084 991 1142 populo
1008 1084 1201 1141 seipsum
1218 1082 1482 1131 consolatur,
1499 1082 1635 1124 immo

163 1157 209 1199 et
228 1155 312 1198 sibi
332 1154 566 1213 applaudit
593 1154 724 1196 simul
749 1168 801 1197 ac
828 1168 1033 1196 nummos
1059 1152 1388 1209 contemplatur
1414 1153 1461 1194 in
1489 1152 1634 1195 archa.

163 1224 477 1268 Petronianum
498 1223 608 1267 illud
629 1223 852 1281 ingestum
873 1223 1078 1267 omnibus
1098 1222 1274 1266 credas:

251 1305 461 1362 Quisquis
491 1305 626 1348 habet
656 1319 872 1355 nummOS,
901 1318 1055 1347 secura
1085 1304 1270 1360 nauiget
1300 1318 1411 1347 aura

104 1386 146 1422 ¹5
306 1363 620 1420 fortunamque
650 1378 730 1406 suo
759 1365 976 1420 temperet
1004 1362 1202 1405 arbitrio.

250 1421 442 1465 onrem
473 1422 607 1465 ducat
637 1421 822 1464 Danaen
851 1421 1084 1478 ipsumque
1115 1420 1266 1463 licebit

307 1480 528 1524 Acrisium
558 1480 710 1522 iubeat
739 1479 916 1523 credere
946 1479 1063 1536 quod
1095 1479 1292 1521 Danaen.

250 1536 459 1583 Carmina
487 1542 734 1596 componat,
762 1538 989 1586 declamet,
1019 1541 1262 1594 concrepet,
1293 1552 1446 1581 omnes

307 1600 353 1640 et
381 1600 565 1654 peragat
594 1611 759 1647 causas,
789 1597 934 1652 sitque
966 1595 1135 1639 Catone
1165 1596 1297 1652 prior.

103 1677 148 1703 ιο
250 1653 595 1698 Iurisconsultus
626 1658 791 1712 ‘paret,
820 1670 910 1697 non
940 1655 1090 1711 paret'
1122 1654 1296 1704 habeto,

102 1725 106 1730 ’
308 1717 441 1770 atque
470 1717 564 1756 esto
594 1713 804 1770 quicquid
835 1713 1018 1756 Seruius
1049 1718 1094 1756 et
1125 1712 1281 1755 Labeo.

249 1771 393 1815 Multa
422 1772 578 1828 loquor
593 1786 603 1824 ;
643 1772 821 1829 quiduis
851 1771 1045 1814 nummis
1074 1770 1383 1828 praesentibus
1412 1774 1530 1828 opta,
1652 1777 1678 1806 C

306 1834 351 1873 et
379 1831 556 1882 ueniet;
595 1830 793 1873 clausum
823 1830 1019 1887 possidet
1048 1830 1183 1873 archa
1213 1830 1378 1873 Iouem.

163 1908 283 1953 Dum
317 1910 466 1968 itaque
501 1914 733 1968 quaestum
774 1910 923 1961 faciat,
955 1910 1079 1953 nulla
1113 1925 1216 1968 pars
1256 1910 1411 1952 mundi
1452 1910 1634 1953 uidetur

103 1993 147 2028 τε,
164 1979 473 2024 inaccessibilis
493 1984 538 2024 et
557 1980 697 2038 ipsius
717 1980 911 2024 torridae
937 1984 1082 2024 estum
1107 1980 1249 2023 maior
1270 1980 1488 2023 auaritiae
1515 1979 1634 2038 ignis

164 2053 390 2107 exuperat.
446 2050 557 2094 Inde
587 2054 655 2094 est
684 2050 828 2107 quod:

279 2120 366 2164 Hic
395 2123 542 2163 mutat
571 2135 736 2163 merces
767 2123 977 2178 surgente
1007 2134 1035 2162 a
1065 2120 1155 2163 sole
1186 2120 1242 2162 ad
1274 2134 1375 2162 eum
1406 2134 1495 2176 quo

277 2179 530 2235 uespertina
558 2182 681 2235 tepet
710 2180 844 2236 regio.

164 2234 251 2280 Hic
280 2239 376 2280 toto
401 2237 571 2294 impetu
601 2238 746 2280 fertur
775 2237 823 2280 in
853 2237 1050 2289 hostem;

103 2308 149 2344 30
852 2296 1154 2347 concurritur;
1192 2294 1327 2337 horae

278 2354 501 2396 momento
529 2352 618 2396 cita
646 2367 764 2396 mors
792 2354 919 2396 uenit
947 2357 1028 2396 aut
1055 2354 1246 2396 uictoria
1275 2353 1388 2405 leta;

164 2425 278 2471 alius
297 2427 496 2484 superbis
516 2428 682 2485 gaudet
701 2420 892 2472 assidere
912 2429 1141 2472 liminibus
1162 2432 1214 2472 ut
1238 2443 1295 2472 ex
1323 2428 1631 2472 familiaritate

168 2523 198 2556 1,
216 2523 238 2550 2
263 2513 452 2551 neminem
467 2513 662 2561 umquam]
681 2525 876 2560 nunquam
893 2513 1086 2551 hominem
1104 2514 1144 2550 M
1344 2525 1365 2550 2
1390 2514 1553 2552 diuitem
1570 2528 1632 2552 un-

166 2572 281 2607 quam
297 2560 344 2596 Βι
526 2572 569 2608 13
594 2561 725 2598 credas
741 2561 915 2598 omnibus
931 2561 976 2597 A¹
1148 2563 1191 2599 16
1216 2562 1367 2598 danaan
1386 2562 1424 2598 8ι
1589 2573 1630 2607 17

166 2609 315 2644 danaan
337 2607 500 2644 CBASM
645 2611 687 2645 18
710 2608 939 2646 declammet
955 2608 980 2645 S
1125 2610 1171 2646 26
1195 2611 1398 2656 exsuperat
1416 2609 1440 2646 S

218 2687 234 2715 1
261 2689 364 2714 amor
377 2679 514 2725 inqenii
533 2680 629 2715 etc.:
656 2679 807 2716 Petron.
823 2681 901 2715 Sat.
916 2681 972 2725 83.
1157 2680 1178 2715 8
1202 2681 1236 2714 si
1251 2691 1332 2725 apes
1348 2681 1422 2716 etc.
1438 2692 1446 2715 ε
1471 2692 1504 2716 v.
1530 2679 1631 2717 Pers.

167 2727 242 2764 Sat.
261 2724 354 2771 prol.
375 2735 426 2762 12.
559 2736 596 2762 11
625 2731 657 2762 et
672 2727 839 2762 sibilante
856 2728 952 2764 ete:
978 2739 1010 2763 V.
1027 2727 1118 2764 Hor.
1135 2728 1210 2763 Sat.
1227 2726 1251 2762 i.
1274 2738 1303 2763 1.
1322 2728 1379 2769 66,
1398 2729 1457 2772 67.
1589 2738 1631 2772 14

171 2774 339 2818 Quisquis
353 2773 455 2808 habet
470 2774 564 2809 etc.:
589 2773 742 2810 Petron.
759 2775 835 2810 Sat.
858 2783 934 2819 137.
1034 2784 1077 2818 27
1104 2776 1177 2810 Hic
1193 2779 1309 2809 mutat
1325 2777 1420 2811 etc.:
1447 2774 1538 2812 Hor.
1555 2776 1630 2811 Sat.

167 2819 193 2856 i.
211 2830 245 2864 4.
263 2829 318 2864 29,
337 2829 393 2864 30.
532 2829 579 2866 29
593 2823 722 2865 fer-cur
740 2823 781 2856 in
805 2823 960 2858 hostem:
991 2821 1105 2868 Verg.
1132 2823 1256 2868 Geovy.
1281 2821 1336 2858 iii.
1362 2824 1442 2868 236.
1585 2833 1632 2868 30

169 2868 397 2905 oon-curritur
410 2867 504 2903 etc.:
526 2867 616 2906 Hor.
632 2870 706 2907 Sat.
724 2868 750 2907 i.
773 2878 802 2907 1.
820 2877 854 2914 7,
871 2871 903 2906 8.

1459 2931 1522 2970 1⁵7
