1988 3250
128 219 228 254 oar.
243 210 386 267 xvm]
646 207 1050 254 POLICRATICV
1052 208 1085 253 S
1606 208 1685 257 614
1703 207 1734 247 b

0 355 5 396 Ξ
128 328 384 373 Ierosolima
410 328 600 372 liberata
627 327 831 379 redierat,
861 327 945 371 sub
973 327 1132 371 umbra.
1160 327 1352 371 nominis
1377 326 1596 384 quomodo

0 403 14 451 ξ
127 397 295 455 ceperit
325 397 460 440 alieni
498 396 711 440 terminos
746 396 873 454 regni
911 396 1147 454 ingressuS,
1181 395 1346 439 referre
1385 410 1595 452 superna·
1611 404 1639 436 e

0 457 13 490 5·
128 480 312 512 caneum
331 465 473 516 credo,
492 479 592 509 cum
619 464 755 509 etiam
780 464 974 508 iuniores
994 464 1182 507 eundem
1201 467 1381 521 captum
1401 464 1599 508 uiderint

14 591 15 595 Ἰ
128 535 178 579 in
195 535 396 580 custodia
413 534 602 592 publica,
621 534 776 577 habita
798 536 949 577 tamen
971 533 1278 577 aestimatione
1299 533 1533 590 dignitatis
1554 537 1600 576 et

93 621 114 658 5
129 603 368 662 sanguinis.
445 603 687 647 Testantur
734 603 816 646 hoc
862 602 1223 645 Normannorum
1245 634 1249 639 .
1269 616 1482 658 proceres,
1521 601 1600 645 alii

129 673 261 732 capti,
279 673 357 716 alii
391 672 662 723 incarcerati,
682 671 760 715 alii
790 671 1049 715 exheredati
1082 671 1129 713 in
1160 670 1425 714 hodiernum
1458 671 1601 723 diem;

0 697 25 806 ἔ.
130 743 208 788 aed
227 746 274 787 et
292 742 573 800 sepulchrum
592 741 760 798 captiui
781 741 905 784 ducis
925 740 1044 798 apud
1065 755 1145 784 nos
1166 743 1247 784 est.

0 810 19 891 i<
190 811 428 862 Postremo,
447 825 503 854 ne
529 810 659 868 longe
684 813 897 868 petantur
923 810 1137 867 exempla,
1156 823 1292 866 nepos
1311 808 1443 859 illius,
1463 809 1604 852 totius

132 879 216 932 eui,
249 879 288 924 si
325 879 511 924 collatae
550 879 640 922 iam
673 879 844 937 gratiae
879 879 1101 922 uirtutum
1142 878 1189 921 in
1229 878 1316 921 fine
1356 878 1605 921 coheeerint

75 968 118 1001 xo
132 949 303 1001 merita,
342 964 423 993 rex
461 949 656 1006 optimus
695 948 815 1006 apud
855 948 1125 998 Britannia-s,
1156 947 1517 990 Normannorum
1559 950 1606 990 et

132 1019 460 1078 Aquitanorum
485 1018 580 1063 dux
608 1017 889 1062 felicissimus
916 1021 962 1061 et
990 1017 1160 1075 primus
1187 1020 1280 1061 tam
1311 1016 1606 1074 amplitudine

18 1083 19 1086 ¹
67 1119 71 1124 -
133 1103 281 1135 rerum
321 1103 455 1146 quam
494 1087 726 1145 splendore
765 1087 1000 1138 uirtutum,
1040 1102 1173 1144 quam
1217 1090 1436 1137 strenuus,
1472 1099 1606 1142 quam

133 1157 406 1216 magnificus,
426 1171 560 1214 quam
580 1156 774 1214 prudens
790 1159 836 1200 et
851 1156 1075 1200 modestus
1096 1156 1153 1198 ab
1173 1156 1281 1212 ipsa,
1295 1158 1347 1198 ut
1367 1155 1431 1198 ita
1452 1154 1608 1205 dicam,

135 1227 330 1272 infantia
349 1226 498 1277 fuerit,
518 1240 598 1270 nec
624 1226 718 1285 ipse
745 1226 861 1270 liuor
884 1226 1012 1269 silere
1039 1227 1119 1268 aut
1146 1225 1425 1268 dissimulare
1449 1226 1608 1281 potest,

15 1347 18 1349 Α
79 1313 120 1351 15
137 1311 236 1342 cum
265 1311 398 1355 opera
431 1296 625 1340 recentia.
658 1299 704 1340 et
738 1295 976 1339 manifesta
1007 1295 1110 1346 sint,
1140 1299 1185 1338 et
1214 1310 1242 1337 a
1273 1294 1608 1338 Britanniarum
1624 1292 1654 1333 d

137 1366 301 1412 finibus
334 1366 392 1410 ad
427 1366 672 1424 Hispaniae
706 1366 870 1410 limites
904 1365 1088 1408 uirtutis
1123 1379 1229 1408 suae
1258 1364 1535 1422 protenderit
1564 1366 1611 1407 et

138 1435 467 1482 continuauerit
496 1435 662 1480 titulos.

314 1532 492 1577 Scilicet
519 1532 748 1590 ingenium
778 1535 824 1576 et
853 1546 1001 1575 rerum
1031 1531 1269 1589 prudentia
1298 1531 1431 1574 uelox

19 1615 21 1618 ⁴
313 1594 418 1634 ante
447 1591 560 1648 pilos
588 1591 725 1641 uenit,
754 1590 940 1634 dicenda
970 1590 1243 1646 tacendaque
1271 1590 1414 1640 callet,

82 1671 128 1699 ιο
314 1652 361 1693 et
389 1649 506 1707 potis
537 1652 604 1693 est
633 1649 812 1707 nigrum
841 1649 955 1692 uitio
983 1650 1225 1706 praefigere
1255 1651 1362 1692 teta.

140 1791 163 1819 2
188 1780 298 1829 regni
313 1780 501 1829 ingressus
516 1780 701 1818 terminos
718 1780 785 1818 SM
932 1790 946 1817 1
957 1791 970 1818 1
999 1779 1295 1827 aquitannbrum
1313 1779 1354 1816 M

193 1913 208 1941 1
235 1904 301 1940 aab
315 1903 445 1940 umbra
460 1904 619 1939 nominis
636 1904 731 1940 etc.:
759 1902 808 1939 cf.
825 1902 913 1940 Ord.
929 1902 1008 1938 Vit.
1023 1903 1118 1938 Hist.
1134 1903 1231 1938 Eccl.
1249 1901 1316 1938 xii.
1334 1910 1380 1939 12
1395 1900 1614 1941 (Duchesne

142 1952 226 1989 Ber.
243 1951 512 1997 Nom.'Scro·pt.
527 1962 570 2033 f.
588 1951 655 1997 865
671 1964 679 1993 ;
706 1950 837 1996 Migne
854 1952 897 1987 P.
912 1951 955 1986 L.
969 1949 1159 1986 clxxxviii.
1174 1951 1260 1994 884)
1277 1949 1342 1986 ubi
1358 1950 1406 1985 ad
1424 1949 1616 1986 Calixtum

143 2009 282 2047 papam
310 1997 497 2035 Henricue
571 2009 610 2034 se
640 2000 815 2035 excusat:
851 1999 1019 2034 Fmtrem
1051 2010 1167 2033 meum
1200 1999 1333 2033 ducatu
1366 1999 1618 2033 Normanniae

144 2057 218 2084 non
235 2047 405 2092 priscani,
423 2047 485 2082 sed
502 2047 627 2092 patris
642 2047 758 2082 noetm’
778 2047 1062 2081 haereditarium
1083 2047 1141 2080 ius
1165 2047 1280 2080 armis
1304 2046 1504 2087 uindicaui,
1521 2046 1616 2092 quod

144 2105 219 2131 mm
234 2094 471 2139 flutermeus
486 2105 597 2139 neque
620 2105 729 2139 nepos
753 2094 821 2128 sibi
838 2094 1081 2139 possidebant,
1108 2094 1169 2128 sed
1187 2094 1340 2138 pessimi
1359 2095 1561 2138 praedones
1586 2097 1619 2128 et

144 2142 310 2187 sacrileqi
332 2142 522 2176 nebulones
545 2142 793 2176 deuastabant.
985 2151 1006 2186 3
1031 2153 1110 2176 eum
1134 2142 1241 2175 etiam
1263 2142 1426 2175 iuniores
1442 2143 1536 2176 etc:
1563 2139 1618 2176 De

146 2185 301 2225 Roberti
318 2187 546 2235 captiuitate
563 2187 610 2224 cf.
625 2187 712 2224 Ord.
730 2187 806 2224 Vit.
825 2186 874 2232 xi.
899 2197 951 2230 11,
970 2186 1033 2223 xii.
1058 2198 1120 2229 12;
1146 2186 1250 2223 Will.
1266 2186 1398 2223 Malm.
1421 2189 1513 2223 Gest.
1531 2189 1616 2232 Req.

147 2236 254 2282 Anql.
269 2234 316 2272 iv.
337 2234 355 2282 §
375 2237 444 2289 389
463 2235 534 2282 (ed.
554 2234 695 2271 stubbs
711 2234 749 2271 ii.
769 2247 804 2281 p.
822 2234 921 2279 463).
1066 2246 1088 2279 4
1113 2236 1234 2270 habita
1253 2240 1371 2270 tamen
1389 2237 1483 2271 etc.:
1512 2234 1618 2271 Idem

147 2284 306 2319 narrant
322 2283 521 2329 scriptores
538 2293 666 2319 omnes
684 2282 749 2328 qui
763 2283 913 2318 exstant
924 2282 1139 2324 coaetanei;
1158 2281 1205 2318 cf.
1222 2282 1323 2318 locos
1336 2294 1449 2328 supra
1463 2282 1617 2323 citato&

148 2340 183 2367 v.
211 2329 392 2367 Freeman
420 2331 518 2366 Hm.
546 2332 592 2376 os
617 2331 675 2366 the
706 2331 871 2366 Norman
900 2331 1073 2376 Conquest
1102 2342 1134 2366 v.
1160 2341 1224 2376 pp.
1253 2331 1323 2375 849
1352 2342 1428 2375 seq.
1595 2338 1615 2373 7

150 2378 250 2424 apud
270 2388 358 2414 nos:
382 2388 432 2413 sc.
458 2376 559 2424 apud
581 2375 856 2414 Gloucestriam
882 2376 924 2412 in
947 2377 1107 2414 ecclesia.
1133 2377 1167 2413 S.
1191 2377 1294 2413 Petri
1313 2380 1406 2413 tunc
1432 2376 1618 2412 abbatiali

149 2423 216 2462 sed
237 2423 351 2462 hodie
375 2423 598 2469 cathedrali,
623 2424 690 2461 ubi
715 2424 796 2462 eius
821 2424 943 2461 adhuc
969 2427 1093 2461 exstat
1117 2424 1243 2471 imago
1274 2436 1294 2461 e
1323 2424 1429 2471 ligno
1455 2435 1618 2470 querceo

151 2470 253 2508 circa
268 2482 303 2508 a.
321 2481 423 2516 1200,
442 2474 486 2508 ut
507 2470 665 2515 videtur,
685 2472 905 2518 exsculpta3
931 2473 978 2508 cf.
1002 2474 1097 2507 Hist.
1115 2474 1215 2509 Mon.
1232 2473 1268 2508 S.
1286 2474 1385 2508 Petri
1404 2473 1525 2508 Glouc.
1546 2471 1618 2513 (ed.

151 2517 250 2556 Hart
272 2517 296 2554 i.
315 2530 353 2565 p.
374 2519 430 2566 15)
448 2520 558 2555 Anno
575 2521 726 2555 Domini
743 2522 912 2555 mcxxxiv
935 2521 1021 2555 obiit
1044 2521 1212 2556 dominus
1227 2521 1401 2555 Robertus
1420 2520 1619 2560 Curtehoee,

152 2567 501 2610 oomeeNor-maniae‚
507 2567 616 2611 filius
624 2569 718 2612 reqie
734 2568 905 2602 Willelmi
916 2570 1162 2613 conquestoris,
1170 2569 1272 2603 tertio
1284 2579 1399 2602 nonas
1411 2567 1619 2608 Februarii,

153 2625 177 2650 a
204 2615 254 2649 ud
281 2618 435 2649 nastrum
460 2615 502 2649 de
529 2615 682 2659 Kerdajff
702 2613 786 2660 [i.e.
815 2614 984 2660 CardiffJ.
1034 2616 1102 2650 Sed
1128 2617 1169 2649 in
1198 2616 1340 2650 ecclesia
1366 2615 1491 2650 Sancti
1519 2615 1621 2648 Petri

192 2661 396 2697 lovea-striae
418 2662 609 2704 honorifice
625 2673 743 2697 cmm
761 2663 966 2707 principali
990 2663 1102 2697 altari
1125 2663 1305 2707 sepelitur.
1442 2662 1463 2696 8
1492 2662 1618 2696 illius:

155 2718 207 2744 sc.
225 2705 381 2744 Henrici
397 2706 426 2744 1.
524 2718 568 2744 10
591 2720 658 2743 rex
673 2711 830 2754 optimus
847 2710 917 2744 etc.
933 2719 942 2744 ε
970 2720 1020 2744 sc.
1039 2708 1226 2745 Henrieus
1243 2708 1293 2743 II.
1421 2710 1464 2744 16
1489 2710 1537 2743 ad
1553 2709 1619 2742 Hi-

155 2755 308 2801 spaniae
334 2754 486 2808 limi-tea:
528 2754 748 2808 Alianoram
771 2755 1047 2801 Aquitanorum
1069 2756 1150 2805 iure
1176 2755 1408 2813 hereditario
1433 2754 1619 2791 ducissam

157 2800 650 2895 gprpvm‘tt’hglltghnncus
676 2802 713 2838 II
740 2814 774 2839 a..
803 2811 903 2848 1152.
1108 2804 1150 2840 18
1174 2805 1314 2839 chlncet
1339 2805 1433 2840 etc.:
1458 2814 1491 2838 v.
1518 2802 1620 2838 Pers.

215 2919 296 2939 πω
309 2918 332 2939 ιι
873 2918 906 2946 Η

1466 2922 1511 2956 49
