1988 3250
114 207 213 242 m.
225 193 287 255 11]
628 191 1062 238 PoucssA'rIcvs
1589 197 1664 239 713
1682 198 1712 228 a

116 367 220 426 Cap.
242 381 278 413 2.
324 367 454 421 Quod
482 380 620 410 rarus
649 367 708 408 est
737 366 1012 418 contemptor
1039 361 1210 418 9loriae
1222 380 1241 411 ;
1277 366 1315 404 et
1346 362 1400 405 de
1428 361 1577 405 tribus

229 436 334 480 locis
367 451 398 479 a
425 435 591 492 quibus
619 433 778 478 laudis
805 431 1003 475 materia
1032 430 1239 474 trahitur
1251 449 1269 480 ,·
1305 435 1344 473 et
1374 445 1489 486 quae
1518 430 1577 473 sit

229 506 332 550 laus
358 519 484 557 uera,
507 519 622 561 quae
643 502 852 560 perfecta,
871 516 986 558 quae
1010 504 1179 543 neutra
1192 518 1210 550 ;
1241 504 1279 543 et
1301 500 1354 542 de
1374 500 1578 543 modera-

229 576 350 620 tione
375 573 693 631 laryiticmwm.

82 697 109 733 μ’
174 679 266 722 Vix
296 681 444 722 tamen
479 680 546 720 est
578 677 653 734 qui
687 691 829 719 uanae
860 675 1028 733 gloriae
1059 689 1149 718 non
1183 674 1377 725 insistat,
1407 676 1452 715 et
1482 687 1579 715 eam

119 762 229 807 quae
255 748 312 791 ab
338 746 591 790 hominibus
616 748 684 789 est
702 760 792 788 non
817 745 1097 802 concupiscat
1117 743 1304 786 laudem.
1364 742 1435 784 Ad
1467 742 1580 784 hanc

119 818 196 862 alii
221 818 401 868 uirtute,
420 816 498 859 alii
522 815 707 859 uirtutis
727 815 933 872 imagine,
953 814 1033 857 alii
1059 817 1246 856 naturae
1267 815 1346 855 aut
1373 811 1581 854 fortunae

118 887 327 932 beneficio
355 886 702 944 proficiscuntur.
763 884 832 926 Ex
859 884 930 927 his
956 883 1074 926 enim
1106 883 1250 926 tribus
1278 881 1385 924 locis
1416 880 1582 938 placuit

119 957 366 1002 oratoribus
404 955 548 998 laudis
587 969 679 997 esse
718 953 961 996 materiam.
1040 952 1157 996 Nam
1206 951 1262 994 ab
1305 950 1454 993 animo
1502 952 1583 992 aut

64 1043 106 1070 xo
121 1041 298 1085 corpore
325 1028 404 1068 aut
433 1024 490 1067 ab
517 1023 802 1081 extrapositis
828 1023 922 1080 peti
949 1022 1090 1066 debet.
1152 1021 1287 1064 Porro
1306 1020 1443 1062 animi
1465 1020 1582 1062 bona

121 1099 200 1140 aut
231 1095 423 1153 corporis
453 1098 532 1137 aut
566 1093 832 1136 naturaliter
865 1092 1000 1135 insita
1032 1094 1138 1135 sunt
1172 1093 1251 1134 aut
1286 1089 1434 1132 studio
1466 1103 1579 1132 com·
1597 1098 1627 1137 b

121 1168 276 1225 parata
301 1167 381 1208 aut
406 1163 641 1208 causaliter
667 1166 712 1206 et
735 1162 972 1206 casualiter
998 1163 1287 1205 accesserunt.
1348 1161 1410 1202 At
1435 1159 1481 1201 in
1511 1159 1582 1200 his

121 1234 230 1280 certi
249 1237 354 1278 sunt
376 1233 540 1292 gradus
565 1247 646 1291 pro
673 1232 893 1290 dignitate
913 1247 1064 1275 eorum
1086 1231 1132 1273 in
1154 1230 1314 1287 quibus
1333 1228 1584 1272 consistunt

123 1307 169 1349 et
201 1319 230 1348 a
260 1303 419 1361 quibus
449 1305 674 1360 petuntur.
736 1302 909 1344 Primus
941 1301 1158 1358 siquidem
1190 1297 1584 1343 commendationis

66 1387 107 1423 ιε
123 1373 286 1433 gradus
305 1375 372 1416 est
387 1372 462 1430 qui
479 1372 536 1415 ab
550 1371 687 1414 animi
708 1371 811 1414 dote
831 1371 1048 1428 prouenit.
1099 1369 1327 1413 Secundus
1348 1371 1393 1411 et
1413 1367 1585 1410 medius

124 1443 200 1502 qui
219 1442 411 1500 corporis
430 1441 724 1485 ualitudinem
751 1441 969 1498 approbat
988 1444 1034 1484 et
1055 1443 1348 1482 uenustatem.
1408 1437 1585 1480 Tertius

123 1513 324 1570 idemque
343 1511 609 1555 nouissimus
628 1510 704 1567 qui
730 1510 999 1553 exteriorum
1020 1509 1218 1552 continet
1237 1508 1412 1552 laudem
1428 1522 1437 1560 3
1467 1506 1585 1564 quod

83 1634 85 1638 ι
124 1585 170 1627 et
207 1581 442 1640 Apuleium
482 1580 679 1624 docuisse
719 1580 920 1637 superius
962 1579 1105 1622 retuli.
1182 1578 1240 1621 Et
1279 1578 1376 1620 laus
1409 1577 1586 1634 quidem

35 1681 38 1684 -
124 1651 260 1695 animi
294 1665 405 1698 ,uera
443 1652 510 1694 est
547 1664 762 1707 saepeque
794 1648 1002 1706 perfecta,
1038 1649 1076 1691 si
1112 1652 1261 1691 tamen
1297 1648 1336 1690 ei
1372 1647 1588 1690 tenaciter

67 1732 112 1765 to
125 1721 250 1772 bona,
276 1735 387 1778 quae
413 1720 461 1762 in
490 1719 587 1776 ipso
613 1718 988 1769 commendantur,
1008 1718 1254 1761 inheserint
1278 1718 1388 1760 adeo
1408 1716 1586 1774 quidem

126 1792 178 1834 ut
197 1790 287 1834 sint
306 1789 626 1847 inseparabilia.
686 1787 870 1832 Certum
895 1791 962 1831 est
982 1788 1100 1830 enim
1126 1788 1231 1845 quia
1251 1787 1396 1830 inuito
1417 1786 1585 1830 auferri

127 1874 216 1903 non
238 1862 444 1917 possunt3
474 1859 583 1902 alias
610 1858 789 1915 quidem
816 1873 924 1901 uera
951 1858 1140 1901 fortasse
1167 1857 1243 1900 sed
1270 1857 1469 1915 perfecta
1494 1871 1587 1899 esse

128 1943 217 1973 non
245 1931 400 1987 potest.
458 1927 665 1986 Corporis
695 1931 844 1971 autem
880 1927 1136 1971 uerisimilis
1168 1931 1236 1971 est
1265 1926 1587 1971 commendatio
1605 1936 1631 1966 c

131 1998 207 2042 sed
236 1998 432 2056 perfecta
469 2011 734 2055 numquam3
773 2012 876 2040 nam
917 1997 1033 2040 bona
1072 1997 1166 2040 eius
1205 2000 1375 2054 queunt
1417 2010 1590 2052 semper

73 2079 114 2116 ¹5
132 2067 298 2110 auferri
317 2067 482 2120 inuito;
509 2070 671 2110 natura
690 2066 807 2110 enim
828 2067 922 2110 eius
942 2070 988 2110 et
1015 2066 1238 2109 debilitari
1259 2069 1406 2123 potest
1426 2066 1590 2122 iugiter

133 2139 179 2180 et
203 2136 434 2194 corrumpi.
491 2136 852 2179 Aduentitiorum
878 2151 984 2179 uero
1010 2136 1313 2194 perfunctoria
1339 2135 1486 2193 gratia
1510 2138 1590 2187 est,

133 2208 179 2249 et
219 2220 299 2249 nec
340 2220 490 2249 ueram
534 2220 614 2249 nec
659 2205 901 2264 perfectam
943 2206 1110 2249 habent
1154 2205 1341 2255 laudem,
1381 2205 1471 2247 imo
1511 2218 1590 2247 nec

133 2275 427 2318 uerisimilem.
485 2275 684 2318 Sufficiat
723 2275 785 2318 eis
824 2276 862 2318 si
902 2276 975 2318 uel
1014 2275 1289 2333 probabilem
1333 2274 1589 2326 imitentur3

133 2344 347 2400 siquidem
385 2344 432 2386 in
469 2347 702 2402 utramque
744 2348 918 2402 partem
957 2346 1200 2389 flectuntur
1239 2344 1368 2387 facile
1408 2347 1465 2394 et,
1504 2344 1590 2386 nisi

77 2423 120 2458 30
136 2413 451 2470 possidentium
474 2413 685 2457 iuuentur
710 2428 806 2464 usu,
832 2429 922 2458 non
948 2415 1005 2458 ad
1036 2415 1211 2457 laudem
1241 2417 1346 2457 sunt
1372 2428 1504 2470 quam
1535 2413 1592 2456 ad

134 2531 358 2616 {afflgiffie
375 2531 415 2568 M
508 2542 552 2578 27
577 2533 718 2571 habent
729 2533 880 2571 laudem
893 2534 1103 2582 perfectam
1116 2534 1185 2571 A¹z
1211 2534 1422 2582 perfectam
1441 2534 1590 2571 laudem

186 2697 216 2734 5,
233 2689 256 2724 6
280 2699 357 2723 eam
380 2700 468 2735 quae
491 2689 535 2724 ab
558 2689 760 2725 hominibus
776 2690 868 2726 etc.:
893 2702 925 2726 v.
948 2690 1055 2726 Rom.
1076 2688 1117 2726 ii.
1141 2699 1198 2735 29.
1387 2700 1410 2735 9
1435 2691 1531 2725 Nam
1548 2691 1594 2725 ab

137 2737 258 2771 animo
275 2737 370 2772 eta:
397 2747 427 2770 v.
445 2733 601 2778 Quintil.
617 2737 707 2772 Inst.
729 2738 788 2774 Or.
805 2736 860 2772 iii.
878 2746 898 2782 7
918 2736 936 2783 ξ
960 2747 1014 2773 12.
1160 2738 1201 2774 18
1227 2738 1448 2783 Apuleium:
1478 2749 1509 2772 v.
1538 2739 1594 2772 De

137 2783 212 2819 Deo
228 2784 324 2818 Socr.
340 2793 392 2818 cc.
411 2791 539 2827 21-24.
644 2785 831 2829 superius:
858 2795 890 2821 v.
907 2795 1022 2831 supra
1038 2782 1085 2820 vi.
1104 2785 1162 2821 28.
1274 2785 1325 2819 Et
1341 2786 1423 2820 laus
1439 2787 1511 2821 etc.
1526 2797 1534 2820 ε
1561 2796 1593 2820 v.

138 2829 297 2874 Quintil.
312 2830 402 2866 Inst.
421 2831 478 2866 Or.
496 2827 552 2866 ιιι.
569 2838 589 2875 7
609 2828 627 2877 ξ
648 2838 702 2877 15.

1421 2911 1481 2944 ²3¹
