1988 3250
231 203 302 252 8¹7
320 213 351 243 a
693 205 954 251 IOANNIS
994 207 1509 251 SARESBERIENSIS
1625 207 1738 264 [ΜΒ.
1752 216 1846 251 vnt

371 324 524 381 itaque
563 325 677 369 liber
725 325 918 370 Eneidos
955 326 1039 370 sub
1077 327 1271 385 imagine
1311 326 1539 384 naufragii
1582 325 1845 370 manifestas

371 393 604 447 infantiae,
619 409 733 452 quae
751 396 845 439 suis
863 396 1067 454 procellis
1086 397 1298 454 agitatur,
1313 396 1498 453 exponit
1518 396 1770 449 tunsiones;
1797 399 1845 439 et

325 469 354 507 b
372 463 421 506 in
440 464 528 507 fine
547 479 628 508 suo
648 465 956 508 habundantia
975 466 1062 509 cibi
1083 468 1128 509 et
1148 469 1280 523 potus
1300 465 1455 508 adulta
1473 465 1649 522 prosilit
1668 465 1725 508 ad
1745 465 1844 508 leti-

369 532 483 575 tiam
503 534 792 580 conuiualem.
850 535 907 578 In
933 536 1124 578 confinio
1150 550 1259 592 ergo
1285 535 1606 578 adolescentiae
1625 534 1846 592 prodeunt

369 602 690 659 colloquiorum
712 604 984 657 commercia,
1005 607 1052 647 et
1076 619 1228 647 eorum
1255 604 1539 660 intemperies
1564 606 1646 647 aut
1669 603 1845 648 fabulas
1865 620 1885 654 5

369 675 529 715 narrat
543 675 623 715 aut
642 673 762 716 ueris
777 672 892 716 falsa
906 673 1153 730 permiscet,
1173 688 1224 716 eo
1236 673 1358 730 quod
1374 673 1655 729 multiloquio
1666 675 1847 730 peccata

286 791 293 798 .
371 740 523 784 deesse
542 757 632 785 non
659 745 855 799 possunt.
915 743 1051 786 Porro
1079 743 1241 785 tertius
1270 741 1420 785 uarios
1447 742 1696 784 iuuentutis
1719 741 1847 798 quasi

374 824 477 854 snos
495 811 616 854 canit
635 825 825 864 errores;
856 826 908 855 eo
929 811 1047 869 quod
1067 811 1144 854 illa
1164 814 1259 854 etas
1280 810 1373 854 fere
1389 810 1503 854 solos
1519 811 1647 854 nouit
1666 825 1848 856 errores

372 878 617 937 Siquidem,
636 883 689 924 ut
708 881 774 924 ait
793 881 988 924 ethicus:

492 954 710 999 Imberbis
730 955 904 999 iuuenis
923 955 1104 999 tandem
1124 955 1306 999 custode
1325 958 1495 999 remoto
1866 965 1910 990 ¹0

490 1013 659 1070 gaudet
678 1014 803 1071 equis
823 1014 1092 1070 canibusque
1112 1017 1159 1057 et
1178 1013 1316 1071 aprici
1336 1016 1538 1071 gramine
1557 1013 1702 1071 campi
1718 1027 1728 1066 ;

491 1086 642 1114 cereus
662 1072 709 1114 in
729 1072 890 1115 uitium
911 1072 1042 1122 flecti,
1060 1072 1354 1115 monitoribus
1372 1087 1513 1129 asper,

492 1130 672 1172 utilium
694 1130 848 1173 tardus
868 1130 1081 1187 prouisor,
1101 1130 1313 1188 prodigus
1332 1131 1431 1174 eris.

379 1203 528 1247 Prim8.
554 1219 659 1262 ergo
686 1208 780 1248 etas
809 1205 1040 1257 nutricem,
1069 1205 1262 1249 secunda
1290 1205 1517 1249 custodem
1546 1205 1694 1255 habet,
1712 1203 1848 1246 tertia

336 1291 361 1321 c
378 1288 466 1331 quo
495 1274 686 1326 liberior,
716 1289 768 1318 eo
798 1274 974 1318 facilius
1004 1278 1134 1326 errat,
1163 1275 1362 1318 nondum
1385 1279 1537 1318 tamen
1562 1273 1761 1333 procedit
1789 1272 1847 1317 ad
1868 1291 1910 1327 ¹5

377 1343 574 1387 crimina„
635 1343 806 1397 Quarta
825 1344 1003 1387 illicitos
1022 1359 1194 1388 amores
1213 1345 1418 1389 conciliat
1437 1348 1483 1388 et
1502 1345 1651 1403 ignem
1681 1344 1848 1400 impru-

378 1412 536 1455 denter
554 1416 814 1470 conceptum
835 1413 882 1456 in
901 1416 1078 1471 pectore
1096 1413 1155 1456 ad
1174 1414 1366 1457 amantis
1396 1414 1617 1457 infelicem
1644 1412 1851 1471 producit

379 1496 547 1539 rogum.
607 1482 764 1539 Neque
785 1483 902 1526 enim
923 1483 1184 1527 inconcessis
1205 1483 1388 1527 fatalem
1414 1483 1737 1527 beatitudinem
1756 1496 1850 1526 esse

380 1552 464 1594 sub
502 1554 614 1609 typo
649 1552 856 1596 Mercurii
896 1553 1012 1596 ratio
1051 1554 1300 1611 persuadet,
1332 1554 1547 1611 docetque
1587 1554 1714 1596 illum
1757 1552 1850 1610 qui,

380 1620 487 1663 dum
518 1620 668 1664 fuerat
697 1622 923 1679 paruulus,
952 1623 1154 1680 sapiebat
1175 1626 1228 1666 ut
1252 1623 1480 1680 paruulus,
1510 1622 1775 1680 loquebatur
1796 1625 1850 1666 ut
1869 1647 1914 1673 20

379 1690 606 1748 paruulus,
661 1691 824 1750 agebat
882 1695 935 1735 ut
1002 1692 1230 1750 paruulus,
1298 1692 1409 1750 fuga
1481 1691 1852 1750 irrefragabiliter

380 1759 665 1817 apprehensa,
699 1775 913 1804 euacuare
952 1776 1064 1819 quae
1104 1765 1233 1805 erant
1267 1761 1457 1819 paruuli.
1528 1761 1667 1813 Vnde,
1702 1764 1755 1805 ut
1792 1760 1852 1804 ad

380 1833 672 1873 memoratum
702 1830 898 1874 ethicum
927 1831 1181 1874 redeamus:

497 1903 735 1949 Conuersis
754 1906 915 1949 studiis
933 1909 1029 1949 etas
1049 1907 1310 1963 animusque
1331 1906 1475 1950 uirilis

497 1963 673 2020 quaerit
690 1978 794 2020 opes
814 1967 860 2007 et
879 1964 1109 2015 amicitias,
1129 1965 1318 2008 inseruit
1336 1964 1505 2016 honori,

497 2021 765 2065 commisisse
785 2026 915 2065 cauet
933 2023 1051 2079 quod
1071 2038 1176 2066 mox
1196 2027 1371 2066 mutare
1391 2022 1575 2066 laboret.

1871 1997 1912 2031 25

383 2100 503 2160 Ergo
528 2104 575 2144 et
606 2101 752 2144 uirilis
778 2104 873 2145 etas
902 2102 1090 2159 puerilia
1120 2106 1166 2146 et
1196 2102 1411 2146 iuuenilia
1439 2102 1658 2146 erubescit
1684 2104 1741 2154 et,
1767 2102 1805 2146 si
1825 2116 1854 2146 a

336 2180 364 2219 d
382 2186 592 2229 peruersa
621 2170 852 2228 uoluptate
880 2175 927 2215 et
956 2171 1185 2215 immundo
1214 2187 1362 2215 amore
1391 2172 1562 2230 nauigii
1589 2172 1659 2215 sui
1678 2172 1853 2216 soluere

383 2256 472 2285 non
489 2243 636 2299 potest
651 2241 900 2291 anchoram,
913 2241 1128 2298 praecidit
1141 2245 1186 2284 et
1202 2241 1367 2285 funem.
1429 2242 1502 2285 Sic
1515 2245 1560 2285 et
1574 2242 1852 2299 patriarchae

383 2310 570 2368 pudicus
585 2310 704 2353 filius
716 2310 900 2367 pallium
918 2311 1098 2369 reliquit
1118 2311 1356 2367 adulterae,
1375 2326 1431 2355 ne
1445 2311 1654 2355 adulterii
1669 2311 1852 2356 crimine
1871 2336 1914 2370 30

383 2421 404 2458 3
430 2409 667 2447 abundantia
682 2409 732 2447 A’
881 2419 904 2454 4
929 2407 1210 2445 adholescentie
1228 2407 1273 2444 A¹
1429 2417 1472 2454 19
1495 2406 1578 2455 tipo
1594 2405 1654 2443 AS
1807 2416 1854 2444 22

382 2458 594 2506 aprehensa
610 2457 635 2494 S
778 2458 835 2502 28,
854 2466 899 2503 29
925 2467 1000 2492 non
1019 2458 1145 2502 potcst
1160 2456 1307 2493 soluere
1325 2455 1358 2490 A

431 2557 453 2590 4
479 2521 638 2590 counitio
663 2545 940 2580 adolescentiae:
970 2542 993 2578 i.
1009 2554 1042 2578 e.
1063 2544 1238 2588 pueritia,
1271 2542 1316 2578 de
1343 2552 1418 2587 qua
1446 2551 1517 2578 sec.
1548 2539 1781 2578 Bernardum
1812 2538 1852 2576 in

383 2595 474 2630 Am.
492 2592 532 2630 ii.
549 2593 688 2638 agitur.
825 2592 847 2626 6
873 2591 1096 2637 multiloquio
1114 2593 1207 2626 etc.:
1236 2602 1265 2626 v.
1287 2589 1391 2625 Prov.
1410 2601 1447 2625 x.
1469 2598 1521 2635 19.
1703 2589 1853 2623 tentus:

384 2640 450 2688 qui
468 2652 538 2678 acc.
560 2638 671 2677 Bern.
689 2639 735 2675 de
750 2640 987 2674 adolescentia
1004 2639 1159 2674 tractat.
1278 2647 1321 2673 ιο
1344 2637 1518 2672 Imberbis
1535 2637 1627 2672 etc.:
1690 2646 1742 2672 or.
1753 2636 1799 2671 A.
1812 2634 1854 2671 P.

389 2690 562 2732 161-164.
723 2688 765 2722 16
793 2688 952 2730 Quat-ta:
982 2687 1071 2721 Am.
1091 2684 1137 2720 iv.
1156 2686 1338 2720 iuuentuti
1354 2684 1420 2720 dat
1439 2683 1551 2720 Bern.
1724 2692 1766 2729 19
1789 2682 1855 2718 nub

384 2742 466 2783 typo
487 2736 663 2771 Mercurii
679 2736 793 2772 ratio:
815 2733 861 2770 cs.
888 2732 992 2779 fulg.
1016 2734 1112 2787 Virp.
1134 2734 1234 2768 Com.
1252 2744 1288 2778 p.
1308 2743 1354 2778 94
1372 2730 1431 2767 cd.
1451 2730 1574 2767 Helm.
1737 2739 1790 2776 19.
1807 2739 1855 2766 20

382 2785 458 2832 qui,
474 2785 559 2819 dum
569 2784 697 2828 fiam!
714 2784 805 2818 etc.:
831 2793 861 2818 v.
883 2791 895 2817 ι
918 2780 1000 2817 Cor.
1020 2779 1097 2816 xiii.
1121 2790 1174 2816 ιι.
1363 2788 1409 2824 ²4
1435 2779 1628 2816 Coo-uersis
1643 2779 1738 2815 etc.:
1764 2777 1855 2814 Hor.

384 2833 429 2868 A.
451 2832 491 2866 Ρ.
515 2831 685 2867 166-168.
798 2838 842 2873 ²7
861 2829 985 2864 uir-flia
1001 2833 1097 2863 etas:
1123 2827 1169 2862 de
1186 2838 1263 2873 qua
1278 2828 1368 2863 Aen.
1382 2837 1414 2862 v.
1431 2837 1503 2862 sec.
1518 2825 1631 2864 Bern.
1739 2834 1796 2871 29,
1806 2834 1856 2874 3ο

378 2879 613 2926 patriarchae
626 2878 922 2925 pudicmsttn'us:
946 2887 994 2912 ac.
1015 2874 1149 2923 Ioseph
1166 2886 1174 2921 3
1202 2886 1233 2912 v.
1251 2874 1343 2912 Gen.
1362 2873 1488 2910 xxxix.
1510 2883 1564 2910 12.

483 2932 551 2978 416
