1988 3250
171 202 399 266 σΔΡΝιιῐ]
689 202 1128 248 POLICRATICVS
1658 204 1734 253 651
1753 212 1779 242 c

171 323 286 367 uelle
314 324 467 367 uiuere
495 326 548 366 ut
576 323 758 366 ederent
786 325 832 365 et
861 322 1065 364 biberent
1077 335 1087 373 ;
1129 336 1175 364 se
1204 321 1354 365 bibere
1381 325 1515 379 atque
1547 337 1641 365 esse

171 395 224 436 ut
254 393 438 436 uiueret.
499 392 649 434 Vnum
680 391 821 448 igitur
854 393 900 434 et
928 390 1153 448 singulare
1184 405 1406 433 summum
1441 391 1640 434 omnium

171 461 387 505 bonorum
414 460 645 504 beatitudo
677 462 757 510 est,
783 459 861 502 sed
891 459 948 502 ab
980 473 1032 502 eo
1061 462 1129 502 est
1161 459 1284 501 aliud
1317 460 1640 516 quodammodo

171 531 447 588 quorundam
481 530 714 573 collatione
749 542 971 571 summum
1007 530 1052 570 et
1085 542 1136 570 eo
1171 528 1267 584 ipso
1298 529 1501 585 superius
1540 529 1639 572 aliis
1656 532 1686 572 d

133 615 155 652 5
172 599 288 657 quod
308 599 365 642 ad
385 599 507 650 illud,
528 589 646 656 quod
673 612 776 640 uere
796 596 1084 654 singulariter
1104 600 1150 639 et
1170 597 1298 640 unice
1318 612 1540 640 summum
1561 602 1640 649 est,

170 668 434 712 familiarius
458 668 636 712 accedit.
696 666 904 711 Ceterum
932 666 989 708 ad
1016 666 1219 708 neutrius
1245 667 1640 723 apprehensionem

168 738 255 782 nisi
275 738 553 795 philosophia
571 737 682 780 duce
701 737 894 779 humana
915 736 1152 778 infirmitas
1170 736 1449 779 conualescit.
1510 736 1640 789 Quis-

170 807 269 865 quis
289 807 404 850 enim
426 807 521 850 sine
551 821 603 850 ea
633 806 690 849 ad
716 805 1007 848 beatitudinis
1034 805 1154 847 uiam
1181 805 1339 857 tendit,
1360 806 1486 862 quasi
1513 820 1640 849 cecus

169 876 218 920 in
251 876 420 920 lubrico
454 876 640 919 tendens
674 875 731 918 ad
766 875 859 918 alta
893 877 1287 932 praesumptuosus
1321 875 1454 918 cadit.
1511 875 1640 918 Vnde

113 965 154 990 ιο
171 960 267 990 eam
315 945 569 988 diuinarum
616 948 662 988 et
705 945 1002 987 humanarum
1052 958 1200 987 rerum
1249 947 1496 1001 compotem
1547 959 1640 988 esse

171 1013 401 1073 Orisippus
434 1015 635 1066 asseruit,
655 1029 735 1058 nec
770 1028 982 1070 umquam
1017 1013 1127 1056 satis
1161 1028 1288 1070 posse
1319 1014 1493 1057 laudari
1528 1029 1642 1071 quae

169 1085 283 1128 uitia
313 1085 507 1142 expellit,
537 1085 729 1128 uirtutes
763 1083 959 1127 ostendit
995 1086 1040 1126 et
1071 1083 1255 1136 confert,
1283 1086 1329 1126 et
1363 1083 1410 1126 in
1446 1083 1642 1126 humana

169 1153 428 1198 infirmitate
475 1154 675 1197 diuinam
725 1152 1048 1210 quodammodo
1091 1156 1270 1209 reparat
1318 1153 1638 1210 integritatem.

171 1222 240 1274 Et,
271 1226 323 1266 ut
354 1237 530 1266 sensum
561 1237 691 1266 suum
726 1222 977 1280 expressius
1008 1221 1219 1279 proferat,
1248 1236 1400 1265 omnes
1435 1222 1511 1278 qui
1548 1236 1638 1264 non

111 1311 153 1348 15
170 1292 228 1336 ab
246 1293 323 1336 illa
346 1293 419 1336 uel
438 1293 495 1335 ad
518 1292 641 1337 illam
662 1292 854 1350 uigilant
877 1291 1011 1348 (quod
1035 1295 1185 1334 tamen
1209 1291 1266 1334 ab
1286 1292 1363 1334 illa
1387 1291 1473 1348 est)
1494 1291 1640 1334 brutis

170 1362 435 1405 animalibus
450 1362 559 1406 dicit
579 1376 671 1404 esse
691 1360 950 1411 conformes,
968 1361 1103 1403 immo
1124 1364 1169 1404 et
1194 1361 1463 1418 stupendum
1484 1365 1639 1404 contra
1657 1365 1738 1413 652
1760 1375 1790 1404 a

169 1434 375 1476 naturam
395 1431 657 1475 miraculum
685 1431 732 1473 in
752 1430 1008 1488 corporibus
1032 1430 1239 1473 humanis
1265 1431 1420 1473 brutos
1440 1430 1639 1473 homines

169 1514 272 1544 esse.
332 1501 436 1544 Tria
463 1515 570 1543 uero
599 1514 762 1558 genera
791 1499 1020 1542 hominum
1048 1499 1124 1555 qui
1155 1499 1354 1543 homines
1378 1503 1485 1542 sunt
1512 1499 1640 1553 (alios

171 1570 287 1614 enim
303 1570 458 1614 brutos
477 1570 605 1628 dicit)
625 1585 718 1613 esse
738 1570 940 1614 asseruit.
998 1569 1090 1611 Alii
1118 1569 1235 1612 enim
1257 1570 1345 1612 iam
1366 1570 1640 1613 iocunditate

111 1655 156 1683 20
172 1639 412 1697 sapientiae
432 1639 737 1697 perfruuntur,
758 1642 803 1682 et
829 1639 893 1681 hii
920 1639 1142 1696 sapientes
1169 1642 1297 1691 sunt;
1327 1639 1404 1681 alii
1425 1639 1640 1682 accedunt

172 1711 225 1752 ut
253 1707 474 1761 fruantur,
503 1711 549 1752 et
578 1709 643 1751 hii
673 1712 779 1752 sunt
808 1708 1085 1766 philosophi;
1114 1708 1190 1750 alii
1221 1708 1453 1765 adspirant
1483 1709 1540 1751 ad
1570 1723 1640 1752 ac-

170 1777 423 1829 cedendum,
463 1778 629 1821 scilicet
668 1778 744 1834 qui
785 1777 982 1820 nondum
1024 1780 1131 1820 sunt
1170 1780 1216 1820 et
1255 1792 1348 1820 esse
1388 1778 1639 1835 philosophi

170 1847 493 1905 concupiscunt.
570 1846 758 1891 Constat
808 1847 924 1890 enim
974 1861 1067 1890 esse
1117 1861 1250 1903 quam
1299 1847 1514 1904 plurimos
1564 1848 1639 1904 qui

171 1915 366 1958 nondum
406 1916 776 1974 philosophantur
814 1918 860 1959 et
898 1916 1040 1958 uitam
1080 1916 1442 1973 philosophorum
1478 1917 1515 1959 si
1551 1931 1640 1959 non

115 2002 156 2037 2⁵
173 1998 313 2042 opere,
344 1985 500 2028 saltem
533 1985 749 2028 desiderio
781 1985 1045 2028 emulantur.
1111 1985 1205 2042 Ego
1239 1985 1506 2028 sententiam
1546 1986 1641 2028 eius

171 2055 299 2096 tanto
332 2054 527 2097 securius
558 2054 764 2111 approbo,
796 2057 964 2111 quanto
998 2069 1095 2096 eam
1130 2054 1265 2097 michi
1300 2054 1452 2097 uidere
1486 2055 1643 2098 uideor

171 2123 312 2166 sancti
349 2123 542 2180 Spiritus
581 2124 847 2166 auctoritate
892 2123 1141 2176 subnixam,
1177 2123 1351 2166 dicente
1400 2125 1640 2180 propheta:

172 2190 439 2249 Concupiuit
477 2192 626 2235 anima
664 2207 762 2235 mea
801 2192 1050 2235 desiderare
1082 2193 1418 2235 iustificationes
1452 2196 1554 2236 tuas
1594 2194 1640 2236 in

171 2260 291 2303 omni
330 2264 538 2318 tempore.
619 2261 674 2303 In
715 2276 802 2318 quo
847 2261 981 2305 michi
1025 2265 1115 2304 tres
1158 2262 1421 2318 praemissos
1464 2262 1640 2306 ordines
1656 2263 1686 2302 b

114 2345 157 2379 30
172 2329 405 2372 manifeste
424 2330 604 2373 uidetur
629 2330 904 2387 expressisse.
965 2330 1079 2374 Cum
1104 2331 1222 2373 enim
1250 2330 1375 2374 Plato
1396 2331 1640 2388 sapientem

173 2397 292 2442 dicat
326 2413 418 2442 esse
451 2399 664 2442 cultorem
698 2399 794 2452 Dei,
827 2400 927 2457 quis
957 2400 1071 2443 alius
1105 2400 1336 2443 habendus
1368 2403 1436 2443 est
1465 2401 1642 2458 sapiens

174 2545 222 2572 20
243 2533 286 2570 hi
301 2533 375 2570 AM
518 2545 560 2572 21
587 2535 630 2572 hi
645 2535 719 2572 AM
861 2548 908 2582 24
933 2536 1260 2584 phylosophantur
1277 2537 1317 2573 Μ

225 2666 271 2693 ιο
292 2658 507 2692 diuinarum
517 2659 609 2694 etos
626 2657 841 2695 Marcianus
852 2658 894 2695 in
908 2660 990 2705 Diy.
1004 2659 1029 2695 i.
1045 2670 1078 2705 3.
1093 2670 1114 2696 2
1128 2658 1327 2706 Chrysippi
1341 2659 1386 2696 de
1399 2659 1484 2706 lege
1495 2658 1641 2695 dictum

176 2714 256 2739 non
268 2702 448 2741 dissimile
460 2704 553 2741 citat
567 2717 576 2748 3
595 2705 742 2752 reliqua
753 2718 849 2752 quae
862 2706 986 2743 eidem
1000 2706 1209 2754 Chrysippo
1220 2707 1412 2751 attribuit,
1426 2710 1469 2742 ut
1480 2706 1642 2748 videtur,

177 2750 337 2787 Ioannes
349 2753 484 2795 noster,
498 2763 683 2798 nusquam
700 2753 792 2790 alibi
810 2754 973 2800 reperire
990 2754 1099 2801 potui
1113 2767 1121 2796 ;
1146 2753 1329 2800 suspicari
1341 2754 1435 2790 licet
1448 2766 1493 2790 ea
1506 2765 1552 2789 ex
1563 2754 1639 2790 Cic.

176 2799 221 2833 de
235 2799 322 2843 Rep.
339 2797 446 2834 libris
462 2799 661 2846 desumpta
677 2811 765 2837 esse.
940 2804 984 2837 28
1012 2803 1229 2848 concupiuit
1244 2805 1339 2838 etc.:
1366 2801 1422 2837 Ps.
1441 2800 1566 2837 cxviii.
1584 2811 1642 2843 20,

175 2854 226 2891 30
247 2846 353 2881 Plato
369 2847 462 2883 etc.:
486 2858 519 2883 v.
535 2846 631 2894 Aug.
648 2849 690 2884 de
709 2849 747 2885 Ο.
765 2849 813 2885 D.
830 2846 909 2886 viii.
929 2857 960 2896 5.
978 2850 1013 2895 8,
1034 2859 1072 2886 ιι
1090 2861 1100 2892 ;
1124 2849 1173 2886 cf.
1189 2848 1294 2886 infra.
1309 2860 1340 2885 c.
1364 2859 1402 2886 ιι
1426 2848 1506 2895 (661
1522 2849 1576 2894 Β).

1468 2927 1534 2963 119
