1988 3250
226 222 315 264 680
333 222 366 273 b
691 222 957 269 IOANNIS
997 222 1512 268 SARESBERIENSIS
1644 222 1760 285 [ΜΒ.
1773 233 1846 270 vn

380 343 575 403 insignia
621 349 938 404 praeconantes
985 346 1313 404 praedictorum
1361 345 1566 390 derident
1617 343 1847 403 ignauiam

379 413 508 458 uelut
535 415 730 460 militum
759 417 837 474 qui
865 417 1053 460 militiae
1082 430 1188 460 suae
1216 415 1374 460 titulos
1402 431 1493 459 non
1522 415 1718 459 audeant
1745 428 1846 472 pro·

379 483 512 529 fiteri.
572 485 648 539 Hi,
679 485 783 530 licet
820 487 986 544 impuri
1024 487 1118 530 sint
1156 489 1203 529 et
1241 500 1322 530 nec
1355 486 1498 529 uitam
1536 499 1664 529 suam
1703 484 1848 527 uelint

380 553 550 612 erigere
578 569 659 599 nec
687 556 831 599 sciant
859 556 1079 599 instruere
1107 555 1309 606 alienam,
1329 554 1581 605 immundis,
1600 557 1653 598 ut
1672 553 1848 604 dicitur,

378 623 566 680 pedibus
604 625 809 668 certatim
848 625 1105 682 irrumpunt
1138 624 1186 666 in
1221 626 1376 667 sancta
1409 626 1675 675 sanctorum,
1708 636 1847 680 panes
1863 637 1885 678 ⁵

379 691 638 737 Dominicae
667 694 981 751 propositionis
1010 697 1056 737 et
1085 708 1239 737 carnes
1267 693 1388 750 Agni
1422 692 1697 736 immaculati
1726 705 1849 734 assas

380 761 485 820 igne
517 762 735 820 passionis
765 763 814 806 in
844 777 972 807 cruce
1005 778 1095 806 non
1129 763 1260 806 modo
1291 762 1429 805 illotis
1459 762 1537 805 sed
1575 761 1758 819 pollutis
1791 759 1849 816 (si

379 830 528 890 liceat)
548 832 754 875 manibus
780 832 1030 876 tractaturi.
1091 832 1154 875 Hi
1179 834 1286 875 sunt
1310 831 1399 889 qui,
1419 831 1524 875 licet
1550 831 1694 888 primo
1720 829 1850 873 aditu

379 914 431 944 ac
465 900 611 944 ianuis
640 901 891 945 habeantur
925 901 1112 959 indigni,
1146 901 1357 944 continuo
1386 903 1537 943 tamen
1567 899 1761 943 tendunt
1789 898 1848 942 ad

377 970 685 1022 sacerdotium,
715 969 934 1013 festinant
962 970 1020 1013 ad
1050 970 1249 1013 tribunal
1278 972 1335 1021 et,
1366 969 1554 1026 repulsis
1582 969 1751 1021 ceteris,
1783 969 1847 1014 sic
1867 983 1912 1013 ιο

380 1039 516 1083 sacris
531 1039 748 1083 altaribus
759 1039 974 1083 incubant
985 1042 1038 1083 ut
1050 1040 1139 1082 iam
1152 1054 1242 1083 non
1255 1039 1312 1082 ad
1325 1038 1514 1082 formam
1532 1041 1578 1082 et
1593 1039 1847 1097 exemplum

338 1128 367 1158 c
381 1109 682 1165 praebendum
721 1108 840 1166 plebi
878 1109 987 1152 ordo
1018 1109 1093 1152 ille
1126 1108 1335 1152 uideatur
1365 1108 1601 1151 institutus
1639 1108 1716 1152 sed
1754 1122 1850 1152 esse

380 1178 550 1222 occasio
569 1178 785 1235 quaedam
805 1177 854 1221 in
873 1178 1150 1221 abundantia
1168 1181 1214 1221 et
1233 1178 1470 1221 securitate
1496 1177 1694 1222 uiuendi.
1754 1177 1850 1222 Nec

380 1250 569 1304 putatur
587 1247 778 1291 officium
797 1246 1001 1291 districto
1027 1247 1191 1291 iudicio
1215 1247 1300 1290 Dei
1326 1247 1570 1291 obnoxium
1596 1246 1675 1291 sed
1693 1261 1848 1291 secura

381 1316 599 1373 quaedam
628 1319 674 1360 et
713 1330 932 1374 nusquam
961 1316 1240 1360 discutienda
1268 1315 1610 1360 administratio.
1682 1315 1849 1361 Credas
1869 1328 1910 1366 ιε

381 1385 494 1429 illud
513 1386 735 1443 poeticum
755 1400 862 1430 uoce
881 1386 1110 1443 praeconis
1129 1385 1335 1429 omnibus
1354 1385 1576 1429 sonuisse:

779 1478 977 1536 Occupet
1005 1481 1254 1521 extremum
1284 1477 1463 1522 scabies.

380 1568 495 1612 Inde
529 1572 597 1612 est
631 1570 750 1627 quod
784 1584 936 1613 omnes
969 1570 1095 1627 quasi
1130 1570 1178 1613 in
1217 1569 1352 1613 stadii
1387 1584 1528 1628 agone
1560 1569 1850 1623 contendunt,

381 1639 663 1683 anelantibus
689 1639 877 1698 singulis
905 1652 962 1683 ne
986 1640 1287 1698 episcopatum
1317 1639 1506 1697 accipiat
1535 1639 1661 1683 alter.
1720 1639 1850 1683 Votis

382 1723 499 1767 erge,
514 1709 596 1753 etsi
618 1724 707 1753 non
728 1725 786 1760 re,
802 1709 950 1767 plures
970 1724 1154 1753 numero
1168 1712 1275 1753 sunt
1294 1713 1484 1753 rectores
1503 1723 1637 1766 quam
1651 1708 1718 1751 illi
1738 1723 1849 1766 quos
1867 1727 1911 1752 ao

382 1782 555 1837 regunt.
615 1779 733 1822 Nam
761 1779 837 1836 qui
865 1778 959 1837 regi
987 1779 1131 1822 uelint
1156 1779 1364 1836 perpauci
1395 1781 1512 1829 sunt,
1531 1793 1633 1822 cum
1662 1778 1850 1836 quisque

380 1852 433 1892 ut
453 1848 754 1906 emancipetur
773 1863 801 1891 a
820 1848 925 1906 iugo
943 1848 1125 1892 rectoris
1142 1848 1310 1906 proprii
1331 1848 1438 1892 totis
1458 1848 1631 1891 uiribus
1651 1850 1849 1905 quaerat.

381 1972 405 2009 9
429 1974 496 1998 om.
514 1963 644 1998 tamen
663 1959 780 1996 C¹AM
880 1970 922 2007 13
949 1958 1213 1997 habundantia
1229 1958 1302 1996 A¹S
1398 1969 1442 2006 19
1467 1958 1738 1997 anhelantibus
1754 1958 1794 1995 M

435 2074 448 2101 x
478 2065 639 2110 imiqnia
651 2066 929 2109 praeconantes:
954 2060 1125 2106 Anglice,
1145 2060 1294 2105 blowinq
1309 2061 1405 2096 their
1420 2071 1498 2096 own
1514 2064 1682 2107 trumpet.
1827 2070 1850 2107 3

382 2112 447 2156 Hs,
467 2113 547 2148 licet
571 2113 644 2147 etc.
667 2121 784 2156 usque
805 2108 851 2145 ad
876 2109 1160 2144 administratio:
1187 2119 1220 2143 v.
1238 2106 1350 2155 Greg.
1371 2107 1458 2143 Naz.
1480 2109 1538 2144 Or.
1561 2106 1602 2144 ii.
1621 2107 1639 2154 ξ
1662 2108 1683 2144 8
1702 2107 1851 2155 (Migne

382 2160 518 2196 Patrol.
541 2160 603 2195 Gr.
622 2169 728 2194 xxxv.
747 2158 828 2201 416,
845 2157 949 2201 417);
977 2167 1049 2201 quo
1068 2155 1271 2202 interprete
1288 2154 1511 2202 Gregorium
1535 2155 1568 2191 le
1598 2154 1671 2192 erit
1690 2154 1851 2193 Ioannes

384 2209 524 2248 noster.
550 2205 700 2248 nescioz
727 2216 815 2240 nam
834 2202 1052 2240 Orationem
1073 2202 1170 2238 hanc
1192 2202 1293 2239 inter
1315 2214 1336 2239 o
1367 2203 1500 2239 nucula
1523 2214 1547 2238 a
1597 2202 1696 2239 ufino
1716 2201 1851 2241 Latine

383 2266 487 2291 versa
515 2253 616 2289 haud
644 2252 814 2299 reperies.
877 2251 921 2286 In
949 2249 1108 2295 vestigia
1134 2249 1301 2286 eiusdem
1367 2249 1526 2286 rationis
1547 2249 1665 2287 etiam
1691 2249 1731 2285 in
1765 2261 1850 2297 cap.

383 2301 633 2349 praecedente
655 2299 797 2341 incidi3
833 2309 864 2335 v.
894 2309 1006 2344 supra
1032 2298 1079 2334 ad
1110 2309 1141 2334 c.
1176 2298 1217 2334 18
1249 2298 1335 2343 (679
1351 2298 1408 2343 Α).
1571 2306 1589 2344 5
1619 2303 1746 2333 sancta
1772 2309 1853 2334 ean·

384 2354 539 2385 ecorum:
567 2347 697 2385 Mensa
718 2349 846 2384 tamen
865 2357 1005 2392 panum
1034 2343 1302 2392 propositionis
1322 2356 1399 2381 non
1424 2344 1466 2380 in
1491 2346 1628 2381 sanctis
1645 2350 1852 2382 cunctorum

384 2396 448 2433 sed
474 2398 624 2432 tantum
652 2394 692 2431 in
717 2396 851 2430 sanctie
880 2393 1004 2440 posita
1033 2395 1110 2435 est3
1137 2405 1169 2430 v.
1200 2391 1315 2429 Hebr.
1346 2392 1395 2428 ix.
1423 2403 1458 2436 2,
1510 2419 1519 2428 .
1619 2401 1648 2438 5,
1679 2393 1703 2429 6
1737 2404 1853 2439 panes

387 2445 596 2480 Dominicae
624 2444 902 2489 propositionis:
929 2452 960 2476 v.
991 2441 1105 2476 Exod.
1138 2452 1219 2476 xxv.
1251 2450 1297 2486 3ο
1323 2439 1439 2484 alibi;
1466 2451 1486 2475 c
1504 2467 1512 2476 .
1547 2449 1561 2476 1
1594 2438 1687 2487 Reg.
1712 2439 1789 2476 xxi.
1815 2440 1850 2477 6.

385 2492 409 2528 6
435 2493 534 2534 Aqm·
551 2491 793 2526 immaculati:
821 2501 851 2524 v.
876 2498 887 2525 1
912 2487 1012 2524 Petr.
1030 2487 1052 2523 i.
1076 2498 1126 2542 ¹9.
1239 2487 1271 2530 6.
1292 2496 1311 2531 7
1338 2499 1439 2542 qaam
1457 2489 1557 2533 iane:
1583 2486 1644 2523 Sic
1662 2486 1852 2534 paschalis

386 2538 478 2622 agni
497 2550 628 2574 carnes
645 2537 753 2574 edere
772 2534 859 2593 iussi
876 2537 964 2571 sunt
983 2534 1174 2589 israelitae
1192 2533 1307 2571 Exod.
1325 2546 1391 2589 ¹.¹¹·
1413 2535 1446 2571 8.
1603 2543 1623 2579 7
1647 2537 1850 2589 passionis:

387 2598 436 2622 c.
473 2584 583 2631 Greg.
621 2584 671 2621 M.
704 2586 806 2620 Hom.
844 2596 883 2619 m
917 2584 1055 2628 Evany.
1091 2594 1179 2618 xxn.
1275 2581 1420 2628 (Migne
1447 2583 1486 2618 P.
1512 2582 1556 2619 L.
1584 2581 1697 2618 lxxvi.
1733 2584 1851 2628 1178).

387 2635 499 2670 illoesa
514 2645 522 2670 ι
554 2645 585 2668 v.
600 2632 714 2668 Marc.
729 2630 788 2667 vii.
804 2641 835 2667 2.
942 2641 983 2666 ιο
1005 2631 1188 2665 tribunal:
1217 2591 1298 2665 {loc
1314 2629 1536 2666 vocabulum
1554 2630 1621 2665 aut
1637 2629 1683 2666 de
1700 2628 1852 2677 pulpito

387 2679 551 2725 (Gallice
574 2680 731 2722 trimme)
758 2680 825 2715 aut
849 2677 894 2714 de
921 2676 1083 2714 sacrario
1112 2676 1284 2722 intellegi
1315 2679 1464 2723 poteut;
1491 2689 1521 2711 v.
1544 2676 1602 2712 Du
1628 2676 1755 2723 Gange
1782 2676 1852 2714 sub

385 2739 487 2773 voc.;
513 2727 574 2764 hic
591 2729 718 2764 autem
743 2727 790 2763 de
813 2725 975 2762 sacrario
991 2723 1112 2771 accipi
1134 2724 1267 2761 debet:
1293 2737 1325 2760 v.
1344 2724 1452 2771 Greg.
1470 2722 1560 2760 Naz.
1579 2723 1647 2761 loc.
1665 2723 1729 2761 cit.
1748 2739 1852 2779 μετα-

383 2778 558 2813 ποιοῦνται
581 2777 641 2810 τοῦ
662 2774 825 2821 βήματος.
976 2782 1011 2809 Η
1032 2774 1196 2818 somnam
1214 2777 1244 2807 et
1262 2772 1465 2818 exemplum
1481 2774 1552 2810 etc.
1567 2784 1575 2808 2
1602 2783 1635 2808 V.
1653 2770 1728 2808 Tit.
1745 2770 1785 2807 li.
1805 2781 1850 2819 73

387 2833 401 2860 ι
425 2823 525 2860 Petr.
542 2834 573 2859 v.
593 2833 623 2868 3.
780 2830 820 2865 ¹7
850 2821 939 2857 ooeu
967 2825 999 2856 ee
1015 2822 1109 2857 etc.=
1136 2819 1223 2856 nor.
1244 2821 1288 2855 A.
1302 2821 1342 2856 P.
1363 2827 1444 2865 417.
1592 2829 1635 2867 ¹9
1665 2820 1762 2857 Voti-2
1778 2820 1850 2864 etc,

382 2882 497 2918 unque
515 2870 563 2907 ad
581 2874 728 2916 repunt:
754 2881 785 2906 v.
805 2868 916 2915 Greg.
971 2879 1024 2904 u.
1047 2867 1117 2905 loc.
1133 2878 1247 2915 supra
1264 2866 1328 2904 cit.

497 2949 560 2986 170
