<?xml version="1.0" encoding="UTF-8"?>
<!DOCTYPE html PUBLIC "-//W3C//DTD XHTML 1.0 Transitional//EN"
    "http://www.w3.org/TR/xhtml1/DTD/xhtml1-transitional.dtd">
<html xmlns="http://www.w3.org/1999/xhtml" xml:lang="en" lang="en">
 <head>
  <title>
</title>
<meta http-equiv="Content-Type" content="text/html;charset=utf-8" />
  <meta name='ocr-system' content='tesseract 3.04.00' />
  <meta name='ocr-capabilities' content='ocr_page ocr_carea ocr_par ocr_line ocrx_word'/>
</head>
<body>
  <div class='ocr_page' id='page_1' title='image "./policraticisived02john_0383.png"; bbox 0 0 1988 3250; ppageno 0'>
   <div class='ocr_carea' id='block_1_1' title="bbox 158 187 1764 249">
    <p class='ocr_par' dir='ltr' id='par_1_1' title="bbox 158 187 1764 249">
     <span class='ocr_line' id='line_1_1' title="bbox 158 187 1764 249; baseline 0.001 -15"><span class='ocrx_word' id='word_1_1' title='bbox 158 201 256 234; x_wconf 65' lang='lat' dir='ltr'><strong>car.</strong></span> <span class='ocrx_word' id='word_1_2' title='bbox 273 187 374 249; x_wconf 83' lang='lat' dir='ltr'>x1x]</span> <span class='ocrx_word' id='word_1_3' title='bbox 656 188 1094 236; x_wconf 83' lang='lat' dir='ltr'>POLICRATICVS</span> <span class='ocrx_word' id='word_1_4' title='bbox 1634 204 1716 246; x_wconf 82' lang='lat'><strong>792</strong></span> <span class='ocrx_word' id='word_1_5' title='bbox 1735 196 1764 235; x_wconf 82' lang='lat' dir='ltr'><strong>b</strong></span> 
     </span>
    </p>
   </div>
   <div class='ocr_carea' id='block_1_2' title="bbox 71 307 1662 2097">
    <p class='ocr_par' dir='ltr' id='par_1_2' title="bbox 71 307 1662 2097">
     <span class='ocr_line' id='line_1_2' title="bbox 155 307 1616 371; baseline 0.003 -19"><span class='ocrx_word' id='word_1_6' title='bbox 155 309 397 352; x_wconf 79' lang='lat' dir='ltr'><strong>auctoritas</strong></span> <span class='ocrx_word' id='word_1_7' title='bbox 426 311 472 352; x_wconf 90' lang='lat' dir='ltr'><strong>et</strong></span> <span class='ocrx_word' id='word_1_8' title='bbox 499 307 733 366; x_wconf 89' lang='lat' dir='ltr'><strong>diligentia</strong></span> <span class='ocrx_word' id='word_1_9' title='bbox 760 308 1012 353; x_wconf 74' lang='lat' dir='ltr'>studiosior.</span> <span class='ocrx_word' id='word_1_10' title='bbox 1082 309 1171 353; x_wconf 85' lang='lat' dir='ltr'><strong>Sed</strong></span> <span class='ocrx_word' id='word_1_11' title='bbox 1200 311 1307 356; x_wconf 86' lang='lat' dir='ltr'><strong>haec</strong></span> <span class='ocrx_word' id='word_1_12' title='bbox 1336 313 1421 356; x_wconf 86' lang='lat' dir='ltr'>sibi</span> <span class='ocrx_word' id='word_1_13' title='bbox 1451 328 1616 371; x_wconf 86' lang='lat' dir='ltr'><strong>nequa-</strong></span> 
     </span>
     <span class='ocr_line' id='line_1_3' title="bbox 156 376 1618 436; baseline 0.004 -16"><span class='ocrx_word' id='word_1_14' title='bbox 156 392 290 435; x_wconf 90' lang='lat' dir='ltr'><strong>quam</strong></span> <span class='ocrx_word' id='word_1_15' title='bbox 309 377 506 430; x_wconf 88' lang='lat' dir='ltr'><strong>obuiant,</strong></span> <span class='ocrx_word' id='word_1_16' title='bbox 525 391 626 421; x_wconf 91' lang='lat' dir='ltr'><strong>cum</strong></span> <span class='ocrx_word' id='word_1_17' title='bbox 646 376 833 420; x_wconf 88' lang='lat' dir='ltr'><strong>diuersis</strong></span> <span class='ocrx_word' id='word_1_18' title='bbox 853 378 1126 434; x_wconf 88' lang='lat' dir='ltr'><strong>temporibus</strong></span> <span class='ocrx_word' id='word_1_19' title='bbox 1152 381 1378 436; x_wconf 91' lang='lat' dir='ltr'><strong>potuerint</strong></span> <span class='ocrx_word' id='word_1_20' title='bbox 1397 383 1618 426; x_wconf 86' lang='lat' dir='ltr'><strong>accidisse.</strong></span> 
     </span>
     <span class='ocr_line' id='line_1_4' title="bbox 156 445 1662 497; baseline 0.002 -8"><span class='ocrx_word' id='word_1_21' title='bbox 156 445 376 490; x_wconf 84' lang='lat' dir='ltr'><strong>Comodus</strong></span> <span class='ocrx_word' id='word_1_22' title='bbox 405 449 567 497; x_wconf 88' lang='lat' dir='ltr'><strong>autem,</strong></span> <span class='ocrx_word' id='word_1_23' title='bbox 595 445 765 489; x_wconf 86' lang='lat' dir='ltr'><strong>cunctis</strong></span> <span class='ocrx_word' id='word_1_24' title='bbox 794 445 1106 497; x_wconf 91' lang='lat' dir='ltr'><strong>incommodus,</strong></span> <span class='ocrx_word' id='word_1_25' title='bbox 1136 447 1183 489; x_wconf 92' lang='lat' dir='ltr'><strong>in</strong></span> <span class='ocrx_word' id='word_1_26' title='bbox 1212 448 1343 492; x_wconf 91' lang='lat' dir='ltr'><strong>domo</strong></span> <span class='ocrx_word' id='word_1_27' title='bbox 1373 450 1617 494; x_wconf 88' lang='lat' dir='ltr'><strong>Vestaliani</strong></span> <span class='ocrx_word' id='word_1_28' title='bbox 1635 462 1662 492; x_wconf 81' lang='lat' dir='ltr'><strong>e</strong></span> 
     </span>
     <span class='ocr_line' id='line_1_5' title="bbox 154 515 1619 574; baseline 0.004 -16"><span class='ocrx_word' id='word_1_29' title='bbox 154 515 460 572; x_wconf 84' lang='lat' dir='ltr'><strong>strangulatus</strong></span> <span class='ocrx_word' id='word_1_30' title='bbox 474 518 553 566; x_wconf 91' lang='lat' dir='ltr'><strong>est,</strong></span> <span class='ocrx_word' id='word_1_31' title='bbox 565 515 698 558; x_wconf 89' lang='lat' dir='ltr'><strong>uiuus</strong></span> <span class='ocrx_word' id='word_1_32' title='bbox 716 517 821 558; x_wconf 89' lang='lat' dir='ltr'><strong>ante</strong></span> <span class='ocrx_word' id='word_1_33' title='bbox 836 515 977 558; x_wconf 88' lang='lat' dir='ltr'><strong>hostis</strong></span> <span class='ocrx_word' id='word_1_34' title='bbox 992 515 1177 559; x_wconf 88' lang='lat' dir='ltr'><strong>humani</strong></span> <span class='ocrx_word' id='word_1_35' title='bbox 1197 518 1371 574; x_wconf 87' lang='lat' dir='ltr'><strong>generis</strong></span> <span class='ocrx_word' id='word_1_36' title='bbox 1385 519 1619 564; x_wconf 88' lang='lat' dir='ltr'><strong>iudicatus.</strong></span> 
     </span>
     <span class='ocr_line' id='line_1_6' title="bbox 116 584 1620 644; baseline 0.003 -17"><span class='ocrx_word' id='word_1_37' title='bbox 116 606 138 643; x_wconf 67' lang='lat'>⁸</span> <span class='ocrx_word' id='word_1_38' title='bbox 157 584 216 627; x_wconf 92' lang='lat' dir='ltr'><strong>Et</strong></span> <span class='ocrx_word' id='word_1_39' title='bbox 244 584 351 628; x_wconf 89' lang='lat' dir='ltr'><strong>haec</strong></span> <span class='ocrx_word' id='word_1_40' title='bbox 381 585 559 642; x_wconf 89' lang='lat' dir='ltr'><strong>quidem</strong></span> <span class='ocrx_word' id='word_1_41' title='bbox 583 587 651 628; x_wconf 89' lang='lat' dir='ltr'><strong>est</strong></span> <span class='ocrx_word' id='word_1_42' title='bbox 679 584 915 642; x_wconf 73' lang='lat' dir='ltr'><strong>descriptio</strong></span> <span class='ocrx_word' id='word_1_43' title='bbox 946 584 1125 636; x_wconf 90' lang='lat' dir='ltr'><strong>tiranni,</strong></span> <span class='ocrx_word' id='word_1_44' title='bbox 1155 600 1244 643; x_wconf 88' lang='lat' dir='ltr'><strong>qua</strong></span> <span class='ocrx_word' id='word_1_45' title='bbox 1271 587 1521 644; x_wconf 77' lang='lat' dir='ltr'><strong>explicatur</strong></span> <span class='ocrx_word' id='word_1_46' title='bbox 1550 604 1620 632; x_wconf 88' lang='lat' dir='ltr'><strong>res</strong></span> 
     </span>
     <span class='ocr_line' id='line_1_7' title="bbox 155 651 1621 710; baseline 0.003 -16"><span class='ocrx_word' id='word_1_47' title='bbox 155 665 269 709; x_wconf 89' lang='lat' dir='ltr'><strong>quae</strong></span> <span class='ocrx_word' id='word_1_48' title='bbox 289 651 400 694; x_wconf 91' lang='lat' dir='ltr'><strong>latet</strong></span> <span class='ocrx_word' id='word_1_49' title='bbox 419 652 468 695; x_wconf 89' lang='lat' dir='ltr'><strong>in</strong></span> <span class='ocrx_word' id='word_1_50' title='bbox 487 651 676 695; x_wconf 89' lang='lat' dir='ltr'><strong>nomine.</strong></span> <span class='ocrx_word' id='word_1_51' title='bbox 735 651 862 695; x_wconf 91' lang='lat' dir='ltr'><strong>Sicut</strong></span> <span class='ocrx_word' id='word_1_52' title='bbox 889 666 993 710; x_wconf 89' lang='lat' dir='ltr'><strong>ergo</strong></span> <span class='ocrx_word' id='word_1_53' title='bbox 1013 651 1305 710; x_wconf 86' lang='lat' dir='ltr'><strong>dampnatum</strong></span> <span class='ocrx_word' id='word_1_54' title='bbox 1327 654 1498 697; x_wconf 78' lang='lat' dir='ltr'>hostem</span> <span class='ocrx_word' id='word_1_55' title='bbox 1518 655 1621 699; x_wconf 86' lang='lat' dir='ltr'><strong>licet</strong></span> 
     </span>
     <span class='ocr_line' id='line_1_8' title="bbox 71 720 1619 782; baseline 0.003 -19"><span class='ocrx_word' id='word_1_56' title='bbox 71 731 73 734; x_wconf 74' lang='grc'>’</span> <span class='ocrx_word' id='word_1_57' title='bbox 153 720 359 774; x_wconf 87' lang='lat' dir='ltr'><strong>occidere,</strong></span> <span class='ocrx_word' id='word_1_58' title='bbox 391 721 453 764; x_wconf 90' lang='lat' dir='ltr'><strong>sic</strong></span> <span class='ocrx_word' id='word_1_59' title='bbox 484 721 725 765; x_wconf 76' lang='lat' dir='ltr'><strong>tirannum.</strong></span> <span class='ocrx_word' id='word_1_60' title='bbox 798 721 920 765; x_wconf 89' lang='lat' dir='ltr'><strong>Haec</strong></span> <span class='ocrx_word' id='word_1_61' title='bbox 951 724 1101 764; x_wconf 88' lang='lat' dir='ltr'><strong>tamen</strong></span> <span class='ocrx_word' id='word_1_62' title='bbox 1133 736 1223 765; x_wconf 91' lang='lat' dir='ltr'><strong>non</strong></span> <span class='ocrx_word' id='word_1_63' title='bbox 1262 722 1477 780; x_wconf 90' lang='lat' dir='ltr'><strong>impediat</strong></span> <span class='ocrx_word' id='word_1_64' title='bbox 1516 738 1619 782; x_wconf 89' lang='lat' dir='ltr'><strong>sup-</strong></span> 
     </span>
     <span class='ocr_line' id='line_1_9' title="bbox 154 790 1623 848; baseline 0.003 -16"><span class='ocrx_word' id='word_1_65' title='bbox 154 790 330 847; x_wconf 84' lang='lat' dir='ltr'><strong>putatio</strong></span> <span class='ocrx_word' id='word_1_66' title='bbox 362 790 597 835; x_wconf 88' lang='lat' dir='ltr'><strong>ueritatem</strong></span> <span class='ocrx_word' id='word_1_67' title='bbox 627 791 851 842; x_wconf 72' lang='lat' dir='ltr'><strong>historiae,</strong></span> <span class='ocrx_word' id='word_1_68' title='bbox 881 790 1091 848; x_wconf 87' lang='lat' dir='ltr'><strong>quoniam</strong></span> <span class='ocrx_word' id='word_1_69' title='bbox 1124 791 1195 835; x_wconf 91' lang='lat' dir='ltr'><strong>hic</strong></span> <span class='ocrx_word' id='word_1_70' title='bbox 1231 791 1398 836; x_wconf 78' lang='lat' dir='ltr'><strong>Galbae</strong></span> <span class='ocrx_word' id='word_1_71' title='bbox 1431 793 1623 836; x_wconf 88' lang='lat' dir='ltr'><strong>Othonis</strong></span> 
     </span>
     <span class='ocr_line' id='line_1_10' title="bbox 157 859 1624 918; baseline 0.003 -16"><span class='ocrx_word' id='word_1_72' title='bbox 157 861 203 902; x_wconf 89' lang='lat' dir='ltr'><strong>et</strong></span> <span class='ocrx_word' id='word_1_73' title='bbox 234 859 446 903; x_wconf 82' lang='lat' dir='ltr'><strong>similium</strong></span> <span class='ocrx_word' id='word_1_74' title='bbox 482 860 598 904; x_wconf 88' lang='lat' dir='ltr'><strong>ratio</strong></span> <span class='ocrx_word' id='word_1_75' title='bbox 632 861 832 917; x_wconf 87' lang='lat' dir='ltr'><strong>neglecta</strong></span> <span class='ocrx_word' id='word_1_76' title='bbox 867 862 945 904; x_wconf 89' lang='lat' dir='ltr'><strong>est.</strong></span> <span class='ocrx_word' id='word_1_77' title='bbox 1006 860 1100 904; x_wconf 92' lang='lat' dir='ltr'><strong>Nec</strong></span> <span class='ocrx_word' id='word_1_78' title='bbox 1130 861 1230 918; x_wconf 87' lang='lat' dir='ltr'><strong>quis</strong></span> <span class='ocrx_word' id='word_1_79' title='bbox 1260 866 1423 918; x_wconf 91' lang='lat' dir='ltr'><strong>quotus</strong></span> <span class='ocrx_word' id='word_1_80' title='bbox 1452 863 1513 906; x_wconf 90' lang='lat' dir='ltr'><strong>sit</strong></span> <span class='ocrx_word' id='word_1_81' title='bbox 1543 863 1624 906; x_wconf 91' lang='lat' dir='ltr'><strong>im-</strong></span> 
     </span>
     <span class='ocr_line' id='line_1_11' title="bbox 96 929 1627 987; baseline 0.002 -14"><span class='ocrx_word' id='word_1_82' title='bbox 96 944 140 973; x_wconf 83' lang='grc' dir='ltr'><strong>ιο</strong></span> <span class='ocrx_word' id='word_1_83' title='bbox 155 931 411 986; x_wconf 86' lang='lat' dir='ltr'><strong>peratorum</strong></span> <span class='ocrx_word' id='word_1_84' title='bbox 460 930 722 981; x_wconf 91' lang='lat' dir='ltr'><strong>attenditur,</strong></span> <span class='ocrx_word' id='word_1_85' title='bbox 761 930 838 973; x_wconf 91' lang='lat' dir='ltr'><strong>sed</strong></span> <span class='ocrx_word' id='word_1_86' title='bbox 888 929 1107 987; x_wconf 91' lang='lat' dir='ltr'><strong>quomodo</strong></span> <span class='ocrx_word' id='word_1_87' title='bbox 1155 931 1353 974; x_wconf 89' lang='lat' dir='ltr'><strong>omnium</strong></span> <span class='ocrx_word' id='word_1_88' title='bbox 1403 931 1627 976; x_wconf 88' lang='lat' dir='ltr'><strong>domuerit</strong></span> 
     </span>
     <span class='ocr_line' id='line_1_12' title="bbox 154 997 1624 1057; baseline 0.003 -17"><span class='ocrx_word' id='word_1_89' title='bbox 154 997 424 1042; x_wconf 83' lang='lat' dir='ltr'><strong>tirannidem</strong></span> <span class='ocrx_word' id='word_1_90' title='bbox 454 1002 535 1042; x_wconf 87' lang='lat' dir='ltr'><strong>aut</strong></span> <span class='ocrx_word' id='word_1_91' title='bbox 564 998 821 1056; x_wconf 79' lang='lat' dir='ltr'><strong>represserit</strong></span> <span class='ocrx_word' id='word_1_92' title='bbox 850 998 1084 1042; x_wconf 89' lang='lat' dir='ltr'><strong>clementia</strong></span> <span class='ocrx_word' id='word_1_93' title='bbox 1116 998 1210 1049; x_wconf 92' lang='lat' dir='ltr'><strong>Dei,</strong></span> <span class='ocrx_word' id='word_1_94' title='bbox 1231 999 1307 1056; x_wconf 91' lang='lat' dir='ltr'><strong>qui</strong></span> <span class='ocrx_word' id='word_1_95' title='bbox 1338 1014 1419 1057; x_wconf 82' lang='lat' dir='ltr'><strong>pro</strong></span> <span class='ocrx_word' id='word_1_96' title='bbox 1448 1000 1624 1045; x_wconf 86' lang='lat' dir='ltr'><strong>decreto</strong></span> 
     </span>
     <span class='ocr_line' id='line_1_13' title="bbox 154 1066 1622 1126; baseline 0.002 -16"><span class='ocrx_word' id='word_1_97' title='bbox 154 1066 365 1119; x_wconf 87' lang='lat' dir='ltr'><strong>iustitiae,</strong></span> <span class='ocrx_word' id='word_1_98' title='bbox 386 1069 563 1125; x_wconf 82' lang='lat' dir='ltr'><strong>quando</strong></span> <span class='ocrx_word' id='word_1_99' title='bbox 592 1068 704 1118; x_wconf 90' lang='lat' dir='ltr'><strong>uult,</strong></span> <span class='ocrx_word' id='word_1_100' title='bbox 733 1067 958 1125; x_wconf 89' lang='lat' dir='ltr'><strong>flagellum</strong></span> <span class='ocrx_word' id='word_1_101' title='bbox 989 1067 1161 1111; x_wconf 85' lang='lat' dir='ltr'><strong>inducit</strong></span> <span class='ocrx_word' id='word_1_102' title='bbox 1191 1068 1238 1111; x_wconf 91' lang='lat' dir='ltr'><strong>in</strong></span> <span class='ocrx_word' id='word_1_103' title='bbox 1268 1068 1622 1126; x_wconf 88' lang='lat' dir='ltr'><strong>delinquentium</strong></span> 
     </span>
     <span class='ocr_line' id='line_1_14' title="bbox 154 1136 1623 1200; baseline 0.002 -20"><span class='ocrx_word' id='word_1_104' title='bbox 154 1149 315 1194; x_wconf 89' lang='lat' dir='ltr'><strong>penam</strong></span> <span class='ocrx_word' id='word_1_105' title='bbox 347 1140 403 1188; x_wconf 91' lang='lat' dir='ltr'><strong>et,</strong></span> <span class='ocrx_word' id='word_1_106' title='bbox 433 1138 610 1195; x_wconf 91' lang='lat' dir='ltr'><strong>quando</strong></span> <span class='ocrx_word' id='word_1_107' title='bbox 636 1137 747 1188; x_wconf 91' lang='lat' dir='ltr'><strong>uult,</strong></span> <span class='ocrx_word' id='word_1_108' title='bbox 778 1151 887 1194; x_wconf 90' lang='lat' dir='ltr'><strong>quos</strong></span> <span class='ocrx_word' id='word_1_109' title='bbox 908 1136 1015 1180; x_wconf 87' lang='lat' dir='ltr'><strong>fecit</strong></span> <span class='ocrx_word' id='word_1_110' title='bbox 1044 1138 1294 1200; x_wconf 73' lang='lat' dir='ltr'><strong>penitentes</strong></span> <span class='ocrx_word' id='word_1_111' title='bbox 1329 1138 1531 1182; x_wconf 86' lang='lat' dir='ltr'><strong>admittit</strong></span> <span class='ocrx_word' id='word_1_112' title='bbox 1565 1139 1623 1183; x_wconf 85' lang='lat' dir='ltr'><strong>ad</strong></span> 
     </span>
     <span class='ocr_line' id='line_1_15' title="bbox 154 1205 1622 1252; baseline 0.003 -4"><span class='ocrx_word' id='word_1_113' title='bbox 154 1205 342 1250; x_wconf 90' lang='lat' dir='ltr'><strong>ueniam.</strong></span> <span class='ocrx_word' id='word_1_114' title='bbox 403 1206 693 1251; x_wconf 87' lang='lat' dir='ltr'><strong>Decreueram</strong></span> <span class='ocrx_word' id='word_1_115' title='bbox 722 1206 793 1250; x_wconf 92' lang='lat' dir='ltr'><strong>hic</strong></span> <span class='ocrx_word' id='word_1_116' title='bbox 817 1206 1055 1250; x_wconf 87' lang='lat' dir='ltr'><strong>subsistere</strong></span> <span class='ocrx_word' id='word_1_117' title='bbox 1083 1210 1129 1250; x_wconf 92' lang='lat' dir='ltr'><strong>et</strong></span> <span class='ocrx_word' id='word_1_118' title='bbox 1155 1207 1211 1250; x_wconf 86' lang='lat' dir='ltr'><strong>ad</strong></span> <span class='ocrx_word' id='word_1_119' title='bbox 1233 1207 1342 1250; x_wconf 86' lang='lat' dir='ltr'><strong>alias</strong></span> <span class='ocrx_word' id='word_1_120' title='bbox 1362 1223 1390 1250; x_wconf 88' lang='lat' dir='ltr'><strong>a</strong></span> <span class='ocrx_word' id='word_1_121' title='bbox 1410 1209 1622 1252; x_wconf 89' lang='lat' dir='ltr'><strong>Romanis</strong></span> 
     </span>
     <span class='ocr_line' id='line_1_16' title="bbox 97 1275 1618 1335; baseline 0.002 -17"><span class='ocrx_word' id='word_1_122' title='bbox 97 1293 136 1328; x_wconf 82' lang='lat'><strong>¹5</strong></span> <span class='ocrx_word' id='word_1_123' title='bbox 154 1275 343 1319; x_wconf 87' lang='lat' dir='ltr'><strong>transire</strong></span> <span class='ocrx_word' id='word_1_124' title='bbox 378 1276 611 1330; x_wconf 89' lang='lat' dir='ltr'><strong>historias;</strong></span> <span class='ocrx_word' id='word_1_125' title='bbox 652 1276 728 1319; x_wconf 92' lang='lat' dir='ltr'><strong>sed</strong></span> <span class='ocrx_word' id='word_1_126' title='bbox 763 1276 869 1333; x_wconf 91' lang='lat' dir='ltr'><strong>quia</strong></span> <span class='ocrx_word' id='word_1_127' title='bbox 903 1276 950 1319; x_wconf 90' lang='lat' dir='ltr'><strong>in</strong></span> <span class='ocrx_word' id='word_1_128' title='bbox 984 1276 1266 1334; x_wconf 86' lang='lat' dir='ltr'><strong>cathalogum</strong></span> <span class='ocrx_word' id='word_1_129' title='bbox 1302 1276 1618 1335; x_wconf 87' lang='lat' dir='ltr'><strong>imperatorum</strong></span> 
     </span>
     <span class='ocr_line' id='line_1_17' title="bbox 152 1342 1662 1404; baseline 0.003 -18"><span class='ocrx_word' id='word_1_130' title='bbox 152 1342 240 1398; x_wconf 88' lang='lat' dir='ltr'><strong>ille,</strong></span> <span class='ocrx_word' id='word_1_131' title='bbox 270 1359 298 1387; x_wconf 89' lang='lat' dir='ltr'><strong>a</strong></span> <span class='ocrx_word' id='word_1_132' title='bbox 337 1360 424 1402; x_wconf 91' lang='lat' dir='ltr'><strong>quo</strong></span> <span class='ocrx_word' id='word_1_133' title='bbox 461 1346 585 1403; x_wconf 86' lang='lat' dir='ltr'><strong>genti</strong></span> <span class='ocrx_word' id='word_1_134' title='bbox 619 1360 742 1389; x_wconf 85' lang='lat' dir='ltr'><strong>meae</strong></span> <span class='ocrx_word' id='word_1_135' title='bbox 777 1360 938 1388; x_wconf 91' lang='lat' dir='ltr'><strong>nomen</strong></span> <span class='ocrx_word' id='word_1_136' title='bbox 970 1348 1049 1396; x_wconf 90' lang='lat' dir='ltr'><strong>est,</strong></span> <span class='ocrx_word' id='word_1_137' title='bbox 1079 1345 1271 1389; x_wconf 88' lang='lat' dir='ltr'><strong>Seuerus</strong></span> <span class='ocrx_word' id='word_1_138' title='bbox 1304 1347 1507 1397; x_wconf 86' lang='lat' dir='ltr'><strong>occurrit,</strong></span> <span class='ocrx_word' id='word_1_139' title='bbox 1541 1347 1617 1404; x_wconf 89' lang='lat' dir='ltr'><strong>qui</strong></span> <span class='ocrx_word' id='word_1_140' title='bbox 1635 1346 1662 1385; x_wconf 87' lang='lat' dir='ltr'><strong>d</strong></span> 
     </span>
     <span class='ocr_line' id='line_1_18' title="bbox 152 1413 1619 1472; baseline 0.001 -14"><span class='ocrx_word' id='word_1_141' title='bbox 152 1414 366 1458; x_wconf 84' lang='lat' dir='ltr'><strong>aduersus</strong></span> <span class='ocrx_word' id='word_1_142' title='bbox 386 1413 554 1458; x_wconf 87' lang='lat' dir='ltr'><strong>Christi</strong></span> <span class='ocrx_word' id='word_1_143' title='bbox 574 1429 734 1458; x_wconf 90' lang='lat' dir='ltr'><strong>nomen</strong></span> <span class='ocrx_word' id='word_1_144' title='bbox 754 1414 1038 1472; x_wconf 84' lang='lat' dir='ltr'><strong>tyrannidem</strong></span> <span class='ocrx_word' id='word_1_145' title='bbox 1059 1429 1242 1472; x_wconf 88' lang='lat' dir='ltr'><strong>grauem</strong></span> <span class='ocrx_word' id='word_1_146' title='bbox 1266 1416 1476 1467; x_wconf 75' lang='lat' dir='ltr'><strong>exercuit,</strong></span> <span class='ocrx_word' id='word_1_147' title='bbox 1493 1417 1619 1460; x_wconf 89' lang='lat' dir='ltr'><strong>illum</strong></span> 
     </span>
     <span class='ocr_line' id='line_1_19' title="bbox 153 1483 1620 1535; baseline 0.002 -8"><span class='ocrx_word' id='word_1_148' title='bbox 153 1483 297 1528; x_wconf 80' lang='lat' dir='ltr'><strong>adhuc</strong></span> <span class='ocrx_word' id='word_1_149' title='bbox 326 1484 467 1527; x_wconf 90' lang='lat' dir='ltr'><strong>solum</strong></span> <span class='ocrx_word' id='word_1_150' title='bbox 492 1484 692 1535; x_wconf 88' lang='lat' dir='ltr'><strong>adiciam,</strong></span> <span class='ocrx_word' id='word_1_151' title='bbox 721 1498 776 1527; x_wconf 89' lang='lat' dir='ltr'><strong>ne</strong></span> <span class='ocrx_word' id='word_1_152' title='bbox 804 1483 1011 1527; x_wconf 87' lang='lat' dir='ltr'><strong>Seueriae</strong></span> <span class='ocrx_word' id='word_1_153' title='bbox 1041 1484 1112 1527; x_wconf 89' lang='lat' dir='ltr'><strong>uel</strong></span> <span class='ocrx_word' id='word_1_154' title='bbox 1141 1484 1416 1528; x_wconf 85' lang='lat' dir='ltr'><strong>Seresberiae</strong></span> <span class='ocrx_word' id='word_1_155' title='bbox 1443 1490 1620 1530; x_wconf 87' lang='lat' dir='ltr'><strong>nostrae</strong></span> 
     </span>
     <span class='ocr_line' id='line_1_20' title="bbox 153 1552 1620 1611; baseline 0.001 -15"><span class='ocrx_word' id='word_1_156' title='bbox 153 1565 331 1610; x_wconf 86' lang='lat' dir='ltr'><strong>parcere</strong></span> <span class='ocrx_word' id='word_1_157' title='bbox 360 1553 527 1598; x_wconf 88' lang='lat' dir='ltr'><strong>uidear.</strong></span> <span class='ocrx_word' id='word_1_158' title='bbox 585 1553 673 1596; x_wconf 88' lang='lat' dir='ltr'><strong>Sed</strong></span> <span class='ocrx_word' id='word_1_159' title='bbox 703 1552 902 1611; x_wconf 81' lang='lat' dir='ltr'><strong>profecto</strong></span> <span class='ocrx_word' id='word_1_160' title='bbox 932 1553 1045 1597; x_wconf 89' lang='lat' dir='ltr'><strong>hanc</strong></span> <span class='ocrx_word' id='word_1_161' title='bbox 1075 1554 1351 1611; x_wconf 87' lang='lat' dir='ltr'><strong>prophanam</strong></span> <span class='ocrx_word' id='word_1_162' title='bbox 1387 1554 1433 1597; x_wconf 93' lang='lat' dir='ltr'><strong>in</strong></span> <span class='ocrx_word' id='word_1_163' title='bbox 1469 1555 1620 1599; x_wconf 86' lang='lat' dir='ltr'><strong>Chris-</strong></span> 
     </span>
     <span class='ocr_line' id='line_1_21' title="bbox 93 1622 1622 1684; baseline 0.001 -17"><span class='ocrx_word' id='word_1_164' title='bbox 93 1642 138 1668; x_wconf 71' lang='grc' dir='ltr'><strong>ιο</strong></span> <span class='ocrx_word' id='word_1_165' title='bbox 153 1622 299 1666; x_wconf 88' lang='lat' dir='ltr'><strong>tianos</strong></span> <span class='ocrx_word' id='word_1_166' title='bbox 327 1625 373 1666; x_wconf 89' lang='lat' dir='ltr'><strong>et</strong></span> <span class='ocrx_word' id='word_1_167' title='bbox 403 1622 640 1666; x_wconf 88' lang='lat' dir='ltr'><strong>Ecclesiam</strong></span> <span class='ocrx_word' id='word_1_168' title='bbox 670 1623 1017 1680; x_wconf 89' lang='lat' dir='ltr'><strong>persecutionem</strong></span> <span class='ocrx_word' id='word_1_169' title='bbox 1047 1623 1219 1666; x_wconf 89' lang='lat' dir='ltr'><strong>celestis</strong></span> <span class='ocrx_word' id='word_1_170' title='bbox 1246 1624 1359 1667; x_wconf 89' lang='lat' dir='ltr'><strong>ultio</strong></span> <span class='ocrx_word' id='word_1_171' title='bbox 1385 1639 1409 1667; x_wconf 94' lang='lat' dir='ltr'><strong>e</strong></span> <span class='ocrx_word' id='word_1_172' title='bbox 1430 1625 1622 1684; x_wconf 87' lang='lat' dir='ltr'><strong>uestigio</strong></span> 
     </span>
     <span class='ocr_line' id='line_1_22' title="bbox 154 1692 1621 1750; baseline 0.001 -15"><span class='ocrx_word' id='word_1_173' title='bbox 154 1695 424 1750; x_wconf 84' lang='lat' dir='ltr'><strong>prosequuta</strong></span> <span class='ocrx_word' id='word_1_174' title='bbox 452 1695 531 1737; x_wconf 88' lang='lat' dir='ltr'><strong>est.</strong></span> <span class='ocrx_word' id='word_1_175' title='bbox 591 1692 877 1735; x_wconf 90' lang='lat' dir='ltr'><strong>Emerserunt</strong></span> <span class='ocrx_word' id='word_1_176' title='bbox 906 1693 1024 1736; x_wconf 91' lang='lat' dir='ltr'><strong>enim</strong></span> <span class='ocrx_word' id='word_1_177' title='bbox 1054 1693 1264 1736; x_wconf 88' lang='lat' dir='ltr'><strong>continuo</strong></span> <span class='ocrx_word' id='word_1_178' title='bbox 1303 1694 1420 1737; x_wconf 91' lang='lat' dir='ltr'><strong>bella</strong></span> <span class='ocrx_word' id='word_1_179' title='bbox 1458 1695 1621 1746; x_wconf 89' lang='lat' dir='ltr'><strong>ciuilia,</strong></span> 
     </span>
     <span class='ocr_line' id='line_1_23' title="bbox 153 1760 1622 1819; baseline 0.002 -15"><span class='ocrx_word' id='word_1_180' title='bbox 153 1760 314 1819; x_wconf 90' lang='lat' dir='ltr'><strong>quibus</strong></span> <span class='ocrx_word' id='word_1_181' title='bbox 352 1761 541 1804; x_wconf 88' lang='lat' dir='ltr'><strong>Romani</strong></span> <span class='ocrx_word' id='word_1_182' title='bbox 582 1761 812 1819; x_wconf 85' lang='lat' dir='ltr'><strong>sanguinis</strong></span> <span class='ocrx_word' id='word_1_183' title='bbox 861 1761 1102 1819; x_wconf 87' lang='lat' dir='ltr'><strong>plurimum</strong></span> <span class='ocrx_word' id='word_1_184' title='bbox 1138 1763 1326 1805; x_wconf 83' lang='lat' dir='ltr'><strong>effusum</strong></span> <span class='ocrx_word' id='word_1_185' title='bbox 1376 1767 1456 1807; x_wconf 88' lang='lat' dir='ltr'><strong>est.</strong></span> <span class='ocrx_word' id='word_1_186' title='bbox 1535 1763 1622 1807; x_wconf 92' lang='lat' dir='ltr'><strong>Hic</strong></span> 
     </span>
     <span class='ocr_line' id='line_1_24' title="bbox 153 1829 1622 1890; baseline 0.003 -18"><span class='ocrx_word' id='word_1_187' title='bbox 153 1829 330 1888; x_wconf 89' lang='lat' dir='ltr'><strong>quidem</strong></span> <span class='ocrx_word' id='word_1_188' title='bbox 357 1830 481 1874; x_wconf 84' lang='lat' dir='ltr'><strong>Affer</strong></span> <span class='ocrx_word' id='word_1_189' title='bbox 506 1845 676 1888; x_wconf 86' lang='lat' dir='ltr'><strong>genere,</strong></span> <span class='ocrx_word' id='word_1_190' title='bbox 698 1830 1000 1888; x_wconf 89' lang='lat' dir='ltr'><strong>Tripolitanus</strong></span> <span class='ocrx_word' id='word_1_191' title='bbox 1027 1831 1084 1874; x_wconf 89' lang='lat' dir='ltr'><strong>ab</strong></span> <span class='ocrx_word' id='word_1_192' title='bbox 1108 1832 1271 1889; x_wconf 91' lang='lat' dir='ltr'><strong>oppido</strong></span> <span class='ocrx_word' id='word_1_193' title='bbox 1298 1831 1438 1890; x_wconf 84' lang='lat' dir='ltr'><strong>Lepti,</strong></span> <span class='ocrx_word' id='word_1_194' title='bbox 1459 1836 1622 1876; x_wconf 84' lang='lat' dir='ltr'><strong>natura</strong></span> 
     </span>
     <span class='ocr_line' id='line_1_25' title="bbox 153 1900 1620 1958; baseline 0.001 -15"><span class='ocrx_word' id='word_1_195' title='bbox 153 1913 297 1951; x_wconf 83' lang='lat' dir='ltr'><strong>senus,</strong></span> <span class='ocrx_word' id='word_1_196' title='bbox 316 1900 469 1943; x_wconf 89' lang='lat' dir='ltr'><strong>multis</strong></span> <span class='ocrx_word' id='word_1_197' title='bbox 490 1915 618 1958; x_wconf 88' lang='lat' dir='ltr'><strong>saepe</strong></span> <span class='ocrx_word' id='word_1_198' title='bbox 639 1900 766 1943; x_wconf 89' lang='lat' dir='ltr'><strong>bellis</strong></span> <span class='ocrx_word' id='word_1_199' title='bbox 793 1900 1032 1951; x_wconf 80' lang='lat' dir='ltr'><strong>lacessitus,</strong></span> <span class='ocrx_word' id='word_1_200' title='bbox 1053 1900 1293 1944; x_wconf 82' lang='lat' dir='ltr'><strong>fortissime</strong></span> <span class='ocrx_word' id='word_1_201' title='bbox 1321 1902 1499 1958; x_wconf 93' lang='lat' dir='ltr'><strong>quidem</strong></span> <span class='ocrx_word' id='word_1_202' title='bbox 1527 1917 1620 1945; x_wconf 92' lang='lat' dir='ltr'><strong>rem</strong></span> 
     </span>
     <span class='ocr_line' id='line_1_26' title="bbox 94 1968 1620 2028; baseline 0.003 -18"><span class='ocrx_word' id='word_1_203' title='bbox 94 1986 136 2022; x_wconf 72' lang='lat'><strong>²5</strong></span> <span class='ocrx_word' id='word_1_204' title='bbox 154 1968 375 2026; x_wconf 89' lang='lat' dir='ltr'><strong>publicam</strong></span> <span class='ocrx_word' id='word_1_205' title='bbox 409 1969 486 2012; x_wconf 89' lang='lat' dir='ltr'><strong>sed</strong></span> <span class='ocrx_word' id='word_1_206' title='bbox 519 1969 858 2012; x_wconf 88' lang='lat' dir='ltr'><strong>laboriosissime</strong></span> <span class='ocrx_word' id='word_1_207' title='bbox 898 1970 1028 2014; x_wconf 82' lang='lat' dir='ltr'><strong>rexit.</strong></span> <span class='ocrx_word' id='word_1_208' title='bbox 1101 1969 1374 2028; x_wconf 79' lang='lat' dir='ltr'><strong>Congressus</strong></span> <span class='ocrx_word' id='word_1_209' title='bbox 1414 1975 1482 2014; x_wconf 90' lang='lat' dir='ltr'><strong>est</strong></span> <span class='ocrx_word' id='word_1_210' title='bbox 1519 1986 1620 2015; x_wconf 89' lang='lat' dir='ltr'><strong>cum</strong></span> 
     </span>
     <span class='ocr_line' id='line_1_27' title="bbox 154 2037 1621 2097; baseline 0.002 -17"><span class='ocrx_word' id='word_1_211' title='bbox 154 2037 307 2081; x_wconf 88' lang='lat' dir='ltr'><strong>multis</strong></span> <span class='ocrx_word' id='word_1_212' title='bbox 333 2038 541 2096; x_wconf 89' lang='lat' dir='ltr'><strong>gentibus</strong></span> <span class='ocrx_word' id='word_1_213' title='bbox 567 2042 619 2082; x_wconf 92' lang='lat' dir='ltr'><strong>ut</strong></span> <span class='ocrx_word' id='word_1_214' title='bbox 645 2039 700 2082; x_wconf 91' lang='lat' dir='ltr'><strong>de</strong></span> <span class='ocrx_word' id='word_1_215' title='bbox 731 2039 885 2082; x_wconf 89' lang='lat' dir='ltr'><strong>multis</strong></span> <span class='ocrx_word' id='word_1_216' title='bbox 916 2039 1228 2097; x_wconf 86' lang='lat' dir='ltr'><strong>triumpharet.</strong></span> <span class='ocrx_word' id='word_1_217' title='bbox 1301 2039 1621 2084; x_wconf 88' lang='lat' dir='ltr'><strong>Pescenninum</strong></span> 
     </span>
    </p>
   </div>
   <div class='ocr_carea' id='block_1_3' title="bbox 151 2154 1621 2394">
    <p class='ocr_par' dir='ltr' id='par_1_3' title="bbox 151 2154 1621 2394">
     <span class='ocr_line' id='line_1_28' title="bbox 153 2154 1619 2210; baseline 0.002 -19"><span class='ocrx_word' id='word_1_218' title='bbox 153 2165 176 2192; x_wconf 86' lang='lat'>2</span> <span class='ocrx_word' id='word_1_219' title='bbox 200 2154 372 2210; x_wconf 76' lang='lat' dir='ltr'><strong>poterint</strong></span> <span class='ocrx_word' id='word_1_220' title='bbox 388 2155 483 2192; x_wconf 88' lang='lat' dir='ltr'><strong>CBA</strong></span> <span class='ocrx_word' id='word_1_221' title='bbox 624 2167 645 2203; x_wconf 88' lang='lat'>3</span> <span class='ocrx_word' id='word_1_222' title='bbox 670 2156 892 2194; x_wconf 85' lang='lat' dir='ltr'><strong>incomodus</strong></span> <span class='ocrx_word' id='word_1_223' title='bbox 909 2156 934 2193; x_wconf 87' lang='lat' dir='ltr'>S</span> <span class='ocrx_word' id='word_1_224' title='bbox 1044 2157 1234 2194; x_wconf 82' lang='lat' dir='ltr'><strong>vestiliani</strong></span> <span class='ocrx_word' id='word_1_225' title='bbox 1254 2157 1293 2193; x_wconf 82' lang='lat' dir='ltr'><strong>M</strong></span> <span class='ocrx_word' id='word_1_226' title='bbox 1445 2168 1468 2203; x_wconf 85' lang='lat'>4</span> <span class='ocrx_word' id='word_1_227' title='bbox 1494 2157 1619 2205; x_wconf 71' lang='lat' dir='ltr'><strong>uiuus]</strong></span> 
     </span>
     <span class='ocr_line' id='line_1_29' title="bbox 155 2202 1620 2253; baseline 0.003 -15"><span class='ocrx_word' id='word_1_228' title='bbox 155 2214 266 2239; x_wconf 85' lang='lat' dir='ltr'><strong>umus</strong></span> <span class='ocrx_word' id='word_1_229' title='bbox 282 2202 419 2239; x_wconf 84' lang='lat' dir='ltr'>CBAM</span> <span class='ocrx_word' id='word_1_230' title='bbox 537 2205 561 2240; x_wconf 91' lang='lat'><strong>6</strong></span> <span class='ocrx_word' id='word_1_231' title='bbox 585 2204 809 2242; x_wconf 84' lang='lat' dir='ltr'><strong>damnatum</strong></span> <span class='ocrx_word' id='word_1_232' title='bbox 826 2205 888 2241; x_wconf 88' lang='lat' dir='ltr'><strong>CB</strong></span> <span class='ocrx_word' id='word_1_233' title='bbox 1007 2214 1040 2249; x_wconf 85' lang='lat'><strong>7,</strong></span> <span class='ocrx_word' id='word_1_234' title='bbox 1060 2207 1081 2242; x_wconf 89' lang='grc'><strong>8</strong></span> <span class='ocrx_word' id='word_1_235' title='bbox 1107 2205 1326 2253; x_wconf 84' lang='lat' dir='ltr'><strong>subputatio</strong></span> <span class='ocrx_word' id='word_1_236' title='bbox 1343 2204 1397 2240; x_wconf 92' lang='lat' dir='ltr'><strong>A:</strong></span> <span class='ocrx_word' id='word_1_237' title='bbox 1423 2205 1620 2252; x_wconf 86' lang='lat' dir='ltr'><strong>suputatio</strong></span> 
     </span>
     <span class='ocr_line' id='line_1_30' title="bbox 151 2249 1621 2299; baseline 0.002 -14"><span class='ocrx_word' id='word_1_238' title='bbox 151 2249 181 2291; x_wconf 77' lang='lat' dir='ltr'><strong>¹S</strong></span> <span class='ocrx_word' id='word_1_239' title='bbox 314 2251 336 2286; x_wconf 83' lang='lat'>8</span> <span class='ocrx_word' id='word_1_240' title='bbox 361 2250 531 2288; x_wconf 80' lang='lat' dir='ltr'><strong>otthonis</strong></span> <span class='ocrx_word' id='word_1_241' title='bbox 548 2251 572 2288; x_wconf 89' lang='lat' dir='ltr'>S</span> <span class='ocrx_word' id='word_1_242' title='bbox 704 2262 745 2298; x_wconf 88' lang='lat'><strong>¹3</strong></span> <span class='ocrx_word' id='word_1_243' title='bbox 771 2252 991 2299; x_wconf 80' lang='lat' dir='ltr'><strong>penitentes</strong></span> <span class='ocrx_word' id='word_1_244' title='bbox 1007 2252 1101 2289; x_wconf 87' lang='lat' dir='ltr'><strong>fecit</strong></span> <span class='ocrx_word' id='word_1_245' title='bbox 1116 2253 1150 2288; x_wconf 86' lang='lat' dir='ltr'>A</span> <span class='ocrx_word' id='word_1_246' title='bbox 1283 2262 1325 2298; x_wconf 83' lang='lat'><strong>15</strong></span> <span class='ocrx_word' id='word_1_247' title='bbox 1351 2252 1475 2289; x_wconf 83' lang='lat' dir='ltr'><strong>catalo</strong></span> <span class='ocrx_word' id='word_1_248' title='bbox 1506 2265 1570 2288; x_wconf 90' lang='lat' dir='ltr'><strong>um</strong></span> <span class='ocrx_word' id='word_1_249' title='bbox 1587 2253 1621 2288; x_wconf 78' lang='lat' dir='ltr'>A</span> 
     </span>
     <span class='ocr_line' id='line_1_31' title="bbox 158 2296 1619 2346; baseline 0.002 -13"><span class='ocrx_word' id='word_1_250' title='bbox 158 2298 202 2334; x_wconf 96' lang='grc'><strong>16</strong></span> <span class='ocrx_word' id='word_1_251' title='bbox 225 2296 368 2334; x_wconf 85' lang='lat' dir='ltr'><strong>occurit</strong></span> <span class='ocrx_word' id='word_1_252' title='bbox 385 2298 418 2333; x_wconf 89' lang='lat' dir='ltr'>A</span> <span class='ocrx_word' id='word_1_253' title='bbox 605 2310 653 2336; x_wconf 87' lang='lat'><strong>20</strong></span> <span class='ocrx_word' id='word_1_254' title='bbox 676 2299 969 2337; x_wconf 83' lang='lat' dir='ltr'><strong>ecclesiasticam</strong></span> <span class='ocrx_word' id='word_1_255' title='bbox 986 2299 1121 2336; x_wconf 81' lang='lat' dir='ltr'>CABM</span> <span class='ocrx_word' id='word_1_256' title='bbox 1314 2309 1359 2346; x_wconf 85' lang='lat'><strong>23</strong></span> <span class='ocrx_word' id='word_1_257' title='bbox 1384 2300 1467 2337; x_wconf 84' lang='lat' dir='ltr'><strong>afer</strong></span> <span class='ocrx_word' id='word_1_258' title='bbox 1513 2299 1619 2336; x_wconf 81' lang='grc' dir='ltr'><strong>ΒΑΜ</strong></span> 
     </span>
     <span class='ocr_line' id='line_1_32' title="bbox 154 2343 874 2394; baseline 0.006 -14"><span class='ocrx_word' id='word_1_259' title='bbox 154 2343 267 2391; x_wconf 87' lang='lat' dir='ltr'><strong>opido</strong></span> <span class='ocrx_word' id='word_1_260' title='bbox 284 2343 309 2380; x_wconf 89' lang='lat' dir='ltr'>S</span> <span class='ocrx_word' id='word_1_261' title='bbox 451 2346 496 2382; x_wconf 89' lang='lat'><strong>26</strong></span> <span class='ocrx_word' id='word_1_262' title='bbox 521 2344 824 2394; x_wconf 73' lang='lat' dir='ltr'><strong>Ph000enninum</strong></span> <span class='ocrx_word' id='word_1_263' title='bbox 840 2348 874 2384; x_wconf 91' lang='lat' dir='ltr'>A</span> 
     </span>
    </p>
   </div>
   <div class='ocr_carea' id='block_1_4' title="bbox 155 2448 1620 2780">
    <p class='ocr_par' dir='ltr' id='par_1_4' title="bbox 156 2448 1620 2685">
     <span class='ocr_line' id='line_1_33' title="bbox 204 2448 1616 2496; baseline 0.003 -13"><span class='ocrx_word' id='word_1_264' title='bbox 204 2458 225 2494; x_wconf 84' lang='lat'>3</span> <span class='ocrx_word' id='word_1_265' title='bbox 254 2448 428 2484; x_wconf 71' lang='lat' dir='ltr'><strong>Comodus</strong></span> <span class='ocrx_word' id='word_1_266' title='bbox 443 2450 514 2485; x_wconf 86' lang='lat' dir='ltr'><strong>etc.</strong></span> <span class='ocrx_word' id='word_1_267' title='bbox 530 2461 538 2485; x_wconf 94' lang='lat'>:</span> <span class='ocrx_word' id='word_1_268' title='bbox 564 2461 596 2486; x_wconf 87' lang='lat' dir='ltr'><strong>v.</strong></span> <span class='ocrx_word' id='word_1_269' title='bbox 613 2448 717 2485; x_wconf 83' lang='lat' dir='ltr'><strong>Oros.</strong></span> <span class='ocrx_word' id='word_1_270' title='bbox 737 2448 799 2486; x_wconf 88' lang='lat' dir='ltr'><strong>vii.</strong></span> <span class='ocrx_word' id='word_1_271' title='bbox 819 2450 861 2486; x_wconf 91' lang='lat'><strong>16</strong></span> <span class='ocrx_word' id='word_1_272' title='bbox 880 2448 898 2496; x_wconf 66' lang='grc' dir='ltr'><strong>ξ</strong></span> <span class='ocrx_word' id='word_1_273' title='bbox 917 2460 950 2494; x_wconf 90' lang='grc'><strong>4.</strong></span> <span class='ocrx_word' id='word_1_274' title='bbox 1054 2451 1272 2486; x_wconf 62' lang='lat' dir='ltr'><strong>Vestalium:</strong></span> <span class='ocrx_word' id='word_1_275' title='bbox 1304 2451 1497 2485; x_wconf 66' lang='lat' dir='ltr'><strong>vestiliani</strong></span> <span class='ocrx_word' id='word_1_276' title='bbox 1513 2449 1616 2487; x_wconf 83' lang='lat' dir='ltr'><strong>Oros.</strong></span> 
     </span>
     <span class='ocr_line' id='line_1_34' title="bbox 159 2495 1620 2544; baseline 0.001 -12"><span class='ocrx_word' id='word_1_277' title='bbox 159 2496 202 2532; x_wconf 89' lang='lat'><strong>18</strong></span> <span class='ocrx_word' id='word_1_278' title='bbox 223 2495 410 2531; x_wconf 75' lang='lat' dir='ltr'><strong>Seuer-iae:</strong></span> <span class='ocrx_word' id='word_1_279' title='bbox 435 2495 481 2532; x_wconf 85' lang='lat' dir='ltr'><strong>cf.</strong></span> <span class='ocrx_word' id='word_1_280' title='bbox 507 2507 621 2543; x_wconf 84' lang='lat' dir='ltr'><strong>supra</strong></span> <span class='ocrx_word' id='word_1_281' title='bbox 641 2496 687 2533; x_wconf 92' lang='lat' dir='ltr'><strong>vi.</strong></span> <span class='ocrx_word' id='word_1_282' title='bbox 715 2498 755 2533; x_wconf 92' lang='grc'><strong>18</strong></span> <span class='ocrx_word' id='word_1_283' title='bbox 782 2497 935 2544; x_wconf 73' lang='grc' dir='ltr'><strong>(614Α).</strong></span> <span class='ocrx_word' id='word_1_284' title='bbox 994 2496 1225 2534; x_wconf 84' lang='lat' dir='ltr'><strong>Humfredus</strong></span> <span class='ocrx_word' id='word_1_285' title='bbox 1251 2497 1395 2543; x_wconf 86' lang='lat' dir='ltr'><strong>Lhuyd,</strong></span> <span class='ocrx_word' id='word_1_286' title='bbox 1418 2498 1546 2534; x_wconf 86' lang='lat' dir='ltr'><strong>nescio</strong></span> <span class='ocrx_word' id='word_1_287' title='bbox 1570 2509 1620 2534; x_wconf 82' lang='lat' dir='ltr'><strong>an</strong></span> 
     </span>
     <span class='ocr_line' id='line_1_35' title="bbox 156 2543 1619 2602; baseline 0.002 -24"><span class='ocrx_word' id='word_1_288' title='bbox 156 2553 385 2598; x_wconf 65' lang='lat' dir='ltr'><strong>quemquam</strong></span> <span class='ocrx_word' id='word_1_289' title='bbox 425 2545 574 2588; x_wconf 84' lang='lat' dir='ltr'><strong>praeter</strong></span> <span class='ocrx_word' id='word_1_290' title='bbox 615 2543 795 2580; x_wconf 88' lang='lat' dir='ltr'><strong>loannem</strong></span> <span class='ocrx_word' id='word_1_291' title='bbox 836 2544 959 2590; x_wconf 87' lang='lat' dir='ltr'><strong>ipsum</strong></span> <span class='ocrx_word' id='word_1_292' title='bbox 1001 2546 1163 2588; x_wconf 85' lang='lat' dir='ltr'><strong>secutus,</strong></span> <span class='ocrx_word' id='word_1_293' title='bbox 1195 2545 1236 2602; x_wconf 75' lang='lat' dir='ltr'><strong>in</strong></span> <span class='ocrx_word' id='word_1_294' title='bbox 1280 2547 1412 2581; x_wconf 86' lang='lat' dir='ltr'><strong>Comm.</strong></span> <span class='ocrx_word' id='word_1_295' title='bbox 1446 2546 1619 2602; x_wconf 51' lang='lat' dir='ltr'><strong>lyr-itanu.</strong></span> 
     </span>
     <span class='ocr_line' id='line_1_36' title="bbox 158 2590 1620 2685; baseline 0.003 -14"><span class='ocrx_word' id='word_1_296' title='bbox 158 2590 530 2682; x_wconf 41' lang='lat' dir='ltr'><strong>zamam</strong></span> <span class='ocrx_word' id='word_1_297' title='bbox 547 2599 678 2673; x_wconf 52' lang='lat' dir='ltr'><strong>¹m⁵⁷²</strong></span> <span class='ocrx_word' id='word_1_298' title='bbox 664 2600 771 2682; x_wconf 53' lang='lat' dir='ltr'><strong>*tt-‚⁵</strong></span> <span class='ocrx_word' id='word_1_299' title='bbox 784 2591 900 2675; x_wconf 62' lang='lat'>„2220</span> <span class='ocrx_word' id='word_1_300' title='bbox 917 2591 1620 2685; x_wconf 45' lang='lat' dir='ltr'><strong>asty-„ffoeffssazm-eztzf</strong></span> 
     </span>
    </p>

    <p class='ocr_par' dir='ltr' id='par_1_5' title="bbox 155 2684 1619 2780">
     <span class='ocr_line' id='line_1_37' title="bbox 272 2684 1619 2733; baseline 0.004 -15"><span class='ocrx_word' id='word_1_301' title='bbox 272 2696 307 2719; x_wconf 88' lang='lat' dir='ltr'><strong>m</strong></span> <span class='ocrx_word' id='word_1_302' title='bbox 323 2684 454 2719; x_wconf 70' lang='lat' dir='ltr'><strong>ciuitas</strong></span> <span class='ocrx_word' id='word_1_303' title='bbox 471 2684 714 2728; x_wconf 62' lang='lat' dir='ltr'><strong>caer-seuerus,</strong></span> <span class='ocrx_word' id='word_1_304' title='bbox 730 2687 816 2722; x_wconf 75' lang='lat' dir='ltr'><strong>aliis</strong></span> <span class='ocrx_word' id='word_1_305' title='bbox 834 2687 929 2722; x_wconf 77' lang='lat' dir='ltr'><strong>Gaer</strong></span> <span class='ocrx_word' id='word_1_306' title='bbox 945 2688 1105 2723; x_wconf 79' lang='lat' dir='ltr'><strong>Garadoc</strong></span> <span class='ocrx_word' id='word_1_307' title='bbox 1121 2688 1266 2730; x_wconf 75' lang='lat' dir='ltr'><strong>dicitur,</strong></span> <span class='ocrx_word' id='word_1_308' title='bbox 1281 2699 1379 2722; x_wconf 79' lang='lat' dir='ltr'><strong>nunc</strong></span> <span class='ocrx_word' id='word_1_309' title='bbox 1394 2698 1479 2722; x_wconf 78' lang='lat' dir='ltr'><strong>uem</strong></span> <span class='ocrx_word' id='word_1_310' title='bbox 1495 2689 1619 2733; x_wconf 71' lang='lat' dir='ltr'><strong>Sar-ye-</strong></span> 
     </span>
     <span class='ocr_line' id='line_1_38' title="bbox 155 2695 1617 2780; baseline 0.004 -15"><span class='ocrx_word' id='word_1_311' title='bbox 155 2695 250 2776; x_wconf 52' lang='lat' dir='ltr'><strong>gzry</strong></span> <span class='ocrx_word' id='word_1_312' title='bbox 265 2732 310 2766; x_wconf 85' lang='lat' dir='ltr'><strong>ab</strong></span> <span class='ocrx_word' id='word_1_313' title='bbox 326 2732 457 2776; x_wconf 69' lang='lat' dir='ltr'><strong>Anylis</strong></span> <span class='ocrx_word' id='word_1_314' title='bbox 472 2733 660 2768; x_wconf 75' lang='lat' dir='ltr'><strong>uocitatur.</strong></span> <span class='ocrx_word' id='word_1_315' title='bbox 782 2743 826 2778; x_wconf 89' lang='lat'><strong>¹9</strong></span> <span class='ocrx_word' id='word_1_316' title='bbox 842 2734 935 2769; x_wconf 73' lang='lat' dir='ltr'><strong>hanc</strong></span> <span class='ocrx_word' id='word_1_317' title='bbox 946 2735 1177 2780; x_wconf 57' lang='lat' dir='ltr'><strong>prophanam</strong></span> <span class='ocrx_word' id='word_1_318' title='bbox 1194 2737 1266 2771; x_wconf 89' lang='lat' dir='ltr'><strong>etc.</strong></span> <span class='ocrx_word' id='word_1_319' title='bbox 1282 2745 1291 2769; x_wconf 93' lang='lat'>:</span> <span class='ocrx_word' id='word_1_320' title='bbox 1318 2747 1351 2770; x_wconf 87' lang='lat' dir='ltr'><strong>v.</strong></span> <span class='ocrx_word' id='word_1_321' title='bbox 1369 2733 1472 2770; x_wconf 85' lang='lat' dir='ltr'><strong>Oros.</strong></span> <span class='ocrx_word' id='word_1_322' title='bbox 1489 2734 1552 2771; x_wconf 86' lang='lat' dir='ltr'><strong>vii.</strong></span> <span class='ocrx_word' id='word_1_323' title='bbox 1576 2744 1617 2779; x_wconf 88' lang='lat'><strong>17</strong></span> 
     </span>
    </p>
   </div>
   <div class='ocr_carea' id='block_1_5' title="bbox 157 2776 1616 2864">
    <p class='ocr_par' dir='ltr' id='par_1_6' title="bbox 157 2776 1616 2864">
     <span class='ocr_line' id='line_1_39' title="bbox 158 2776 1616 2829; baseline 0.003 -16"><span class='ocrx_word' id='word_1_324' title='bbox 158 2776 202 2824; x_wconf 78' lang='lat'><strong>§§</strong></span> <span class='ocrx_word' id='word_1_325' title='bbox 221 2779 303 2822; x_wconf 86' lang='lat'><strong>4-6.</strong></span> <span class='ocrx_word' id='word_1_326' title='bbox 542 2788 599 2821; x_wconf 85' lang='lat'><strong>22,</strong></span> <span class='ocrx_word' id='word_1_327' title='bbox 619 2788 663 2824; x_wconf 88' lang='lat'><strong>²3</strong></span> <span class='ocrx_word' id='word_1_328' title='bbox 687 2780 758 2816; x_wconf 74' lang='lat' dir='ltr'><strong>Hic</strong></span> <span class='ocrx_word' id='word_1_329' title='bbox 773 2782 915 2826; x_wconf 73' lang='lat' dir='ltr'><strong>quidem</strong></span> <span class='ocrx_word' id='word_1_330' title='bbox 932 2782 1003 2818; x_wconf 81' lang='lat' dir='ltr'><strong>ete.</strong></span> <span class='ocrx_word' id='word_1_331' title='bbox 1020 2793 1029 2816; x_wconf 75' lang='lat' dir='ltr'>x</span> <span class='ocrx_word' id='word_1_332' title='bbox 1054 2793 1086 2816; x_wconf 84' lang='lat' dir='ltr'><strong>v.</strong></span> <span class='ocrx_word' id='word_1_333' title='bbox 1103 2780 1207 2818; x_wconf 82' lang='lat' dir='ltr'><strong>Oros.</strong></span> <span class='ocrx_word' id='word_1_334' title='bbox 1225 2780 1287 2817; x_wconf 80' lang='lat' dir='ltr'><strong>vii.</strong></span> <span class='ocrx_word' id='word_1_335' title='bbox 1311 2790 1352 2826; x_wconf 86' lang='lat'><strong>17</strong></span> <span class='ocrx_word' id='word_1_336' title='bbox 1370 2780 1410 2829; x_wconf 56' lang='grc' dir='ltr'><strong>ἕξ</strong></span> <span class='ocrx_word' id='word_1_337' title='bbox 1432 2791 1509 2826; x_wconf 83' lang='grc'>1-3,</span> <span class='ocrx_word' id='word_1_338' title='bbox 1528 2790 1561 2828; x_wconf 91' lang='lat'><strong>7,</strong></span> <span class='ocrx_word' id='word_1_339' title='bbox 1580 2783 1616 2818; x_wconf 93' lang='lat'><strong>8.</strong></span> 
     </span>
     <span class='ocr_line' id='line_1_40' title="bbox 157 2826 882 2864; baseline 0.003 -2"><span class='ocrx_word' id='word_1_340' title='bbox 157 2826 205 2862; x_wconf 83' lang='lat'><strong>26</strong></span> <span class='ocrx_word' id='word_1_341' title='bbox 229 2826 511 2862; x_wconf 69' lang='lat' dir='ltr'><strong>fescenninum:</strong></span> <span class='ocrx_word' id='word_1_342' title='bbox 534 2826 764 2862; x_wconf 70' lang='lat' dir='ltr'><strong>Pescennium</strong></span> <span class='ocrx_word' id='word_1_343' title='bbox 781 2826 882 2864; x_wconf 82' lang='lat' dir='ltr'><strong>Oros.</strong></span> 
     </span>
    </p>
   </div>
   <div class='ocr_carea' id='block_1_6' title="bbox 1445 2906 1504 2943">
    <p class='ocr_par' dir='ltr' id='par_1_7' title="bbox 1445 2906 1504 2943">
     <span class='ocr_line' id='line_1_41' title="bbox 1445 2906 1504 2943; baseline 0.034 -2"><span class='ocrx_word' id='word_1_344' title='bbox 1445 2906 1504 2943; x_wconf 79' lang='lat'><strong>³7¹</strong></span> 
     </span>
    </p>
   </div>
  </div>
 </body>
</html>
