1988 3250
274 195 354 234 661
373 205 398 234 c
744 188 1006 234 IOANNIS
1045 189 1562 234 SARESBERIENSIS
1685 187 1793 249 [LIB.
1809 201 1881 234 vu

412 310 602 355 referri?
674 310 762 364 Qui
793 325 901 354 uero
933 309 1285 368 philosophando
1313 310 1545 353 caritatem
1573 310 1772 368 adquirit
1803 313 1884 354 aut

410 380 583 433 dilatat,
618 394 748 423 suum
780 379 1134 437 philosophantis
1167 382 1394 422 assecutus
1434 382 1503 423 est
1540 380 1687 423 finem.
1760 380 1884 424 Haec

411 453 480 492 est
508 449 660 506 itaque
689 464 797 492 uera
827 452 872 492 et
901 448 1193 491 immutabilis
1219 448 1628 506 philosophantium
1657 450 1812 508 regula
1831 452 1885 493 ut

411 519 537 562 sicin
557 519 762 562 omnibus
777 518 975 576 legendis
996 521 1075 561 aut
1088 518 1319 570 discendis,
1332 518 1515 575 agendis
1531 521 1611 562 aut
1625 519 1884 562 omittendis

412 588 598 645 quisque
619 591 823 631 uersetur
841 591 894 630 ut
913 587 1117 644 proficiat
1136 587 1327 630 caritati.
1388 587 1492 644 Ipsa
1511 602 1618 631 uero
1639 603 1883 645 numquam
1902 602 1922 637 5

411 657 558 700 inanis
578 659 658 699 aut
678 657 771 700 sola
796 660 874 707 est,
895 656 972 699 sed
996 657 1286 707 honestatem,
1306 656 1568 699 modestiam
1592 671 1693 700 cum
1720 657 1884 700 sobrie-

411 729 517 777 tate,
533 727 795 783 pudicitiam
811 729 857 769 et
877 726 1066 769 aliarum
1086 726 1410 769 uenerabilium
1430 726 1654 769 uirtutum
1674 730 1821 770 cetum
1835 726 1884 769 in

411 795 559 852 ipsum
586 795 809 839 hominem
840 810 971 852 quem
998 795 1156 852 pietati
1184 798 1411 839 consecrat
1437 795 1563 853 quasi
1590 796 1638 838 in
1666 796 1884 853 templum

413 864 595 908 Domini
629 865 883 908 introducit.
956 864 1177 922 Quicquid
1209 865 1419 908 aliorsum
1453 865 1602 922 uergit
1632 865 1680 907 in
1711 866 1884 909 artibus

369 933 399 974 d
415 934 509 977 siue
530 935 878 991 quibuscumque
893 934 1136 991 scripturis,
1149 949 1239 977 non
1258 934 1562 991 philosophiae
1577 934 1788 992 dogmata
1807 935 1884 978 sed
1905 949 1947 975 1ο

413 1004 567 1047 inanes
588 1003 766 1047 fabulae
786 1006 892 1046 sunt
912 1006 958 1046 et
977 1004 1191 1061 figmenta
1205 1018 1357 1046 eorum
1373 1018 1506 1060 super
1520 1018 1708 1060 quorum
1728 1004 1884 1061 impie-

411 1076 552 1116 tatem
587 1073 654 1116 ira
686 1073 770 1116 Dei
802 1073 857 1116 de
889 1073 981 1116 celo
1016 1074 1254 1116 reuelatur.
1315 1073 1537 1130 Quicquid
1572 1073 1639 1115 illi
1670 1073 1884 1131 garriant,

410 1146 529 1186 recte
548 1143 881 1200 philosophanti
902 1143 1104 1200 ineptum
1124 1143 1305 1186 uidetur
1324 1143 1567 1200 insipidum
1589 1146 1635 1186 et
1654 1143 1883 1186 insulsum.

411 1212 532 1254 Audi
559 1227 649 1255 non
676 1227 745 1254 me
776 1212 852 1254 sed
876 1213 1139 1269 prophetam
1171 1212 1389 1256 dicentem
1415 1213 1470 1255 de
1493 1212 1682 1256 talibus:
1713 1212 1882 1256 Narra-

411 1284 576 1324 uerunt
614 1281 748 1324 michi
789 1281 932 1338 iniqui
972 1281 1269 1325 fabulationes
1315 1282 1392 1325 sed
1438 1297 1527 1324 non
1574 1285 1627 1325 ut
1669 1282 1743 1325 lex
1789 1285 1880 1326 tua.
1902 1295 1944 1332 15

413 1350 554 1407 Loqui
575 1365 680 1408 ergo
700 1365 808 1393 uera
834 1354 880 1393 et
903 1351 1023 1394 iusta
1053 1351 1469 1408 philosophantibus
1500 1353 1545 1394 et
1574 1366 1664 1394 non
1690 1351 1882 1408 philoso-

412 1420 655 1477 phantibus
674 1434 905 1463 commune
933 1423 1012 1463 est.
1074 1421 1191 1464 Vera
1218 1423 1263 1463 et
1290 1419 1405 1463 falsa
1434 1420 1566 1477 loqui,
1587 1421 1703 1463 bona
1729 1421 1883 1465 docere

413 1493 458 1532 et
478 1490 595 1532 mala
615 1504 704 1532 non
728 1489 1136 1546 philosophantium
1166 1493 1245 1534 est.
1305 1490 1394 1533 Sed
1424 1493 1470 1533 et
1496 1493 1617 1534 recta
1645 1490 1883 1535 dumtaxat

412 1559 638 1602 interdum
670 1559 797 1602 docet
830 1573 974 1602 uanus
1006 1559 1256 1616 philosophi
1291 1559 1514 1612 imitator3
1544 1560 1621 1603 sed
1653 1560 1729 1617 qui
1761 1563 1882 1604 recta

413 1643 526 1686 quae
555 1629 683 1672 docet
711 1628 924 1685 sequitur,
953 1643 1057 1671 uere
1087 1629 1374 1686 philosophus
1404 1632 1484 1673 est.
1901 1641 1945 1666 ²0

261 1763 350 1803 662
369 1773 400 1803 a
417 1763 523 1822 Cap.
547 1778 612 1809 12.
654 1764 719 1808 De
761 1763 950 1820 ineptiis
987 1770 1270 1822 ‘nuyato‘mm
1303 1765 1388 1823 qui
1429 1766 1704 1822 sapientiam
1742 1765 1884 1810 uerba

527 1838 703 1891 putant
714 1849 734 1884 ,·
766 1837 806 1877 et
825 1833 945 1891 quod
964 1834 1098 1878 aliter
1113 1835 1288 1892 leyewwli
1306 1840 1413 1879 sam
1429 1835 1539 1879 libri
1558 1835 1733 1888 diuini,
1747 1836 1884 1880 aliter

526 1904 722 1961 yemiles:

471 2002 636 2045 Errant
662 2002 817 2058 utique
838 2005 883 2045 et
902 2002 1185 2059 impudenter
1210 2006 1362 2046 errant
1386 2003 1462 2060 qui
1489 2003 1812 2060 philosophiam
1833 2003 1881 2047 in

414 2072 519 2116 solis
539 2072 688 2115 uerbis
708 2072 946 2115 consistere
962 2072 1224 2129 opinantur;
1257 2075 1408 2115 errant
1420 2072 1495 2130 qui
1512 2072 1727 2115 uirtutem
1742 2073 1881 2116 uerba
1901 2087 1943 2124 ²5

413 2143 578 2197 putant
607 2144 659 2183 ut
689 2141 836 2184 lucum
867 2140 999 2198 ligna.
1060 2141 1178 2184 Nam
1213 2141 1398 2184 uirtutis
1427 2142 1750 2185 commendatio
1779 2156 1883 2185 con-

414 2209 535 2252 sistit
568 2210 625 2252 ab
648 2224 789 2266 opere,
811 2212 857 2252 et
887 2210 1151 2267 sapientiam
1182 2210 1329 2253 uirtus
1365 2210 1720 2268 inseparabiliter
1748 2211 1882 2255 comi-

413 2283 550 2324 tatur.
609 2280 736 2322 Vnde
762 2283 937 2323 constat
960 2280 1066 2337 quia
1092 2280 1169 2331 illi,
1190 2280 1266 2337 qui
1295 2280 1443 2323 uerbis
1469 2280 1686 2331 inherent,
1710 2281 1884 2325 malunt

413 2349 556 2392 uideri
597 2363 730 2405 quam
771 2363 863 2391 esse
903 2349 1135 2406 sapientes.
1197 2349 1371 2392 Plateas
1409 2349 1695 2401 circumeunt,
1730 2354 1884 2395 terunt

416 2469 430 2496 1
461 2458 773 2506 phylosophando
792 2458 832 2494 M
940 2458 1304 2541 2hphylosophant1s
1322 2458 1361 2494 M
1472 2458 1884 2541 3ffiiylosophantium

411 2506 480 2600 gp
481 2553 665 2589 bantibus
695 2505 981 2598 hyl⁰⁸⁰17h¹?g³st
1000 2553 1101 2590 mala
1117 2506 1884 2600 dzgzepgffiosophssnglilylosophazaestipllglfi·

417 2611 553 2684 iqu
455 2566 713 2655 pphylosophi
732 2599 770 2635 M
915 2611 961 2636 20
982 2600 1240 2655 phylosophus
1258 2601 1295 2636 Μ
1451 2612 1495 2646 23
1519 2607 1598 2647 pose
1614 2601 1779 2649 gentiles
1795 2604 1882 2645 add

413 2647 442 2684 li
695 2658 739 2693 ²4
767 2647 1055 2694 phylosophiam
1074 2648 1112 2684 M
1257 2659 1303 2694 29
1329 2648 1527 2686 circueunt
1542 2649 1574 2685 A

465 2752 507 2796 12
531 2743 588 2777 im
607 2742 661 2777 De
664 2742 794 2778 ieta:
822 2753 853 2777 v.
874 2740 977 2777 Rom.
997 2740 1022 2777 i.
1045 2742 1095 2777 18.
1280 2751 1332 2786 14,
1356 2751 1395 2788 ¹5
1423 2743 1681 2778 Nam-auorum
1696 2743 1768 2780 etc.
1784 2752 1794 2779 :
1821 2741 1879 2779 Ps.

411 2788 539 2826 cxviii.
565 2791 621 2835 85.
778 2797 820 2834 25
848 2790 1021 2824 uirtutem
1045 2791 1139 2825 eta·
1166 2799 1198 2824 v.
1218 2788 1306 2826 Hor.
1333 2790 1404 2836 Ep.
1429 2788 1453 2826 i.
1478 2791 1513 2827 6.
1539 2799 1595 2836 31,
1622 2799 1679 2836 32.
1834 2800 1882 2837 29

412 2838 644 2874 tmntetc..
670 2847 702 2873 v.
720 2834 1031 2883 Martial.1cp··9r.
1051 2846 1085 2873 x.
1109 2845 1162 2874 10.
1180 2845 1213 2872 2.

525 2908 586 2950 136
