1988 3250
130 237 231 272 oar.
246 224 360 287 1111]
646 224 1087 270 POLICRATICVS
1617 226 1705 268 668
1723 229 1750 268 e

131 335 323 379 dictione
355 348 446 378 non
478 333 660 392 expedit
692 333 915 391 angelum,
933 332 1039 390 quia
1072 332 1237 375 notitia
1265 333 1472 377 ueritatis
1501 334 1598 377 sine

128 404 276 462 gratia
314 404 454 447 bonae
493 402 763 460 operationis
809 416 942 445 sanae
987 401 1280 444 conscientiae
1326 417 1415 445 non
1463 403 1599 446 habet

129 472 336 517 fructum.
409 472 546 515 Porro
579 471 637 515 ad
667 471 866 514 studium
896 469 1138 527 quaerendi
1167 484 1257 512 non
1287 471 1418 513 modo
1448 471 1597 514 dome-

129 541 252 585 sticis
271 541 347 585 sed
367 541 502 584 etiam
523 540 747 584 extraneis
767 539 1019 582 animamur
1038 538 1265 595 exemplis.
1315 539 1431 582 Nam
1450 540 1597 591 Solon,

91 634 112 670 5
130 610 206 667 qui
226 625 397 653 summo
423 609 666 667 sapientiae
693 608 870 652 feruore
897 622 1070 664 semper
1091 608 1373 664 flagrauerat,
1393 623 1599 665 supremo

128 679 211 731 die,
231 679 527 722 assidentibus
547 678 700 722 amicis
729 681 775 721 et
804 677 1146 727 conferentibus,
1167 677 1256 719 iam
1284 677 1378 720 fere
1405 693 1599 720 mersum

128 747 236 792 fatis
250 751 384 806 caput
400 748 950 804 erexit‚interrogatusque
966 760 1046 789 cur
1060 746 1142 788 hoc
1156 745 1343 796 fecisset,
1352 747 1600 803 respondit:

126 817 201 871 Vt,
221 832 321 861 cum
352 817 473 860 istud
506 816 716 874 quicquid
749 818 817 859 est
851 816 906 858 de
941 830 1029 872 quo
1068 815 1310 872 disputatis
1348 830 1598 873 percepero,

126 887 300 930 moriar.
372 887 608 944 Migrasset
638 885 838 943 profecto
877 899 934 928 ex
973 884 1228 927 hominibus
1267 885 1430 928 inertia
1469 886 1506 927 si
1547 900 1599 929 eo

70 969 111 994 10
127 955 275 999 animo
306 955 446 999 uitam
480 955 820 1013 ingrederentur
852 968 940 1011 quo
980 968 1077 996 eam
1113 953 1248 997 Solon
1281 969 1482 1011 egressus
1517 957 1597 999 est.

127 1024 376 1070 Carneades
421 1026 666 1068 laboriosus
713 1028 759 1068 et
802 1024 1043 1067 diuturnus
1089 1023 1334 1080 sapientiae
1380 1024 1507 1067 miles
1550 1025 1599 1067 in

125 1095 274 1138 studio
293 1095 537 1152 nonaginta
561 1094 759 1152 expleuit
781 1107 945 1145 annos3
975 1092 1015 1135 ei
1036 1092 1254 1149 siquidem
1275 1093 1391 1135 idem
1412 1093 1596 1136 uiuendi

127 1167 173 1207 et
198 1164 537 1222 philosophandi
561 1164 664 1207 finis
694 1163 794 1206 fuit.
854 1162 979 1212 Cato,
1000 1162 1316 1219 octogesimum
1344 1166 1390 1205 et
1416 1166 1593 1205 sextum
1611 1163 1640 1204 d

127 1247 263 1290 agens
281 1248 458 1285 annum,
479 1234 627 1276 animo
647 1236 798 1276 tamen
818 1231 1017 1282 iuuenili,
1037 1231 1159 1274 uirili
1181 1232 1348 1283 robore,
1370 1232 1596 1289 grauitate

69 1317 110 1354 ¹⁵
128 1303 268 1355 senili,
286 1303 334 1346 in
358 1318 406 1346 re
431 1303 609 1361 publica
635 1317 771 1360 agens
798 1306 851 1346 ut
877 1316 957 1345 nec
976 1301 1234 1344 memoriam
1255 1302 1495 1345 tardiorem
1517 1305 1598 1345 aut

127 1371 317 1416 laterum
365 1372 671 1416 infirmitatem
723 1375 804 1415 aut
857 1374 1112 1428 quassatam
1167 1385 1358 1423 carnem,
1398 1371 1598 1414 membra

126 1442 349 1499 torpentia
363 1445 443 1486 aut
459 1442 657 1500 linguam
674 1441 934 1499 impeditam
950 1441 1184 1498 quisquam
1206 1440 1596 1492 animaduerteret,

127 1510 278 1555 Grecis
297 1512 432 1555 etiam
453 1511 616 1555 litteris
636 1511 849 1569 appetitit
869 1510 1036 1554 erudiri
1064 1510 1141 1566 qui
1162 1524 1260 1553 sero
1280 1514 1326 1553 et
1347 1509 1440 1553 fere
1461 1525 1597 1554 senex

128 1579 310 1624 Latinas
341 1581 521 1634 didicit-,3
561 1596 661 1625 cum
693 1595 800 1624 uero
834 1581 919 1624 sibi
952 1579 1229 1636 eloquentiae
1261 1579 1448 1636 gloriam
1481 1595 1597 1623 com-

69 1663 112 1688 to
127 1652 336 1707 parasset,
356 1650 403 1693 id
423 1650 516 1708 egit
535 1653 588 1693 ut
607 1650 718 1693 iuris
738 1664 912 1706 quoque
932 1649 1077 1693 ciuilis
1098 1648 1393 1706 peritissimus
1414 1649 1596 1692 habere-

126 1722 212 1763 tur.
273 1719 380 1762 Eius
399 1734 506 1763 uero
526 1719 670 1777 proles
690 1719 877 1762 mirifica
904 1722 950 1762 et
976 1722 1104 1776 patre
1129 1717 1300 1762 Catone
1324 1718 1462 1775 digna
1486 1718 1597 1762 adeo

126 1787 351 1832 doctrinae
379 1789 624 1846 cupiditate
653 1789 866 1847 flagrauit
894 1792 948 1831 ut
977 1803 1033 1831 ne
1063 1788 1111 1830 in
1140 1788 1264 1831 curia
1292 1788 1483 1845 quidem,
1509 1803 1598 1845 qua

125 1859 304 1901 senatus
323 1858 575 1915 cogebatur,
596 1861 866 1916 temperaret
888 1858 973 1901 sibi
994 1871 1083 1914 quo
1109 1857 1258 1900 minus
1278 1857 1439 1900 Grecos
1460 1857 1598 1901 libros

125 1919 368 1980 lectitaret;
413 1942 502 1984 qua
540 1927 719 1985 quidem
758 1927 982 1970 industria
1020 1926 1217 1970 ostendit
1256 1926 1356 1970 aliis
1395 1930 1598 1984 tempora

69 2011 109 2047 ²5
127 1995 287 2047 deesse,
317 1996 426 2040 alios
454 2011 681 2054 superesse
710 1997 998 2054 temporibus.

182 2065 334 2109 Vitam
358 2066 553 2123 quietam
583 2067 874 2110 necessariam
903 2081 996 2110 esse
1027 2066 1099 2108 uel
1129 2066 1334 2109 ethnicus
1360 2066 1489 2110 docet
1519 2067 1595 2124 qui

125 2134 345 2178 studentis
383 2135 516 2179 inane
555 2136 817 2180 exercitium
857 2139 1038 2193 reputat
1077 2135 1116 2178 si
1156 2135 1213 2178 ad
1257 2135 1454 2178 hostium
1500 2137 1595 2181 eius
1613 2147 1703 2196 669
1724 2156 1756 2186 a

125 2205 419 2262 prementium
448 2219 495 2248 se
524 2206 800 2249 tumultuum
832 2206 966 2250 turba
994 2205 1168 2263 pulsat;
1207 2205 1273 2249 ait
1302 2206 1445 2250 enim:

242 2293 352 2346 Quis
380 2294 502 2338 locus
531 2294 710 2353 ingenio
738 2295 825 2338 nisi
855 2310 955 2339 cum
986 2310 1032 2338 se
1062 2295 1256 2338 carmine
1286 2295 1380 2338 solo

67 2365 111 2398 30
241 2355 410 2395 uexant
439 2356 484 2396 et
513 2353 704 2396 dominis
733 2353 888 2398 Cirrae
918 2354 1142 2410 Nisaeque
1173 2354 1383 2396 feruntur

273 2413 420 2452 ectora
448 2414 601 2454 nostra
629 2411 740 2454 duas
769 2427 859 2455 non
888 2412 1175 2455 admittentia
1204 2413 1363 2456 curas?

291 2481 430 2525 agnae
460 2469 622 2512 mentis
651 2484 763 2526 opus
793 2485 874 2514 nec
903 2470 958 2514 de
987 2470 1127 2514 lodice
1157 2470 1359 2527 paranda

130 2573 173 2600 12
197 2574 244 2600 xc
260 2563 424 2600 CBASM
566 2576 608 2612 13
634 2567 938 2614 phylosophandi
956 2567 997 2603 Μ
1133 2578 1174 2605 21
1202 2580 1293 2606 uero
1310 2581 1379 2605 om.
1397 2568 1431 2604 A
1550 2572 1597 2608 26

127 2610 274 2648 ethicus
292 2611 332 2646 M
438 2621 482 2657 27
508 2613 645 2650 ostium
660 2613 750 2650 ΑΒΜ
857 2626 904 2661 30
920 2626 1050 2662 cyrrae
1069 2615 1110 2651 M

175 2697 198 2731 4
222 2688 318 2722 Nam
334 2688 440 2723 Solon
457 2690 551 2724 eta:
575 2701 608 2725 v.
626 2688 710 2725 Val-
727 2689 827 2727 Max.
844 2690 922 2727 viii.
937 2699 968 2735 7,
988 2692 1063 2727 ext.
1088 2701 1143 2735 14.
1319 2702 1333 2728 1
1344 2702 1358 2728 1
1391 2694 1598 2729 Carneades

128 2735 200 2770 etc.
215 2745 224 2769 ε
251 2745 284 2770 v.
301 2733 386 2770 val.
403 2733 503 2771 Max.
523 2735 603 2771 viii.
620 2745 653 2781 7,
671 2738 745 2772 ext.
767 2746 797 2782 5.
944 2747 985 2782 13
1015 2739 1103 2774 cato
1119 2740 1190 2774 etc.
1205 2751 1214 2774 ε
1238 2751 1272 2774 v.
1291 2738 1375 2776 Val.
1395 2740 1496 2776 Max.
1514 2739 1592 2776 viii.

128 2790 162 2825 7.
185 2791 215 2818 ι.
380 2791 423 2817 21
450 2783 546 2818 Eius
560 2795 646 2819 uero
656 2785 778 2829 proles
794 2785 891 2821 etc.:
917 2797 951 2820 v.
970 2785 1054 2821 Val.
1077 2785 1178 2822 Max.
1196 2785 1273 2821 viii.
1291 2796 1324 2831 7.
1345 2797 1379 2824 2.
1548 2788 1594 2824 26

133 2830 255 2864 Vitam
271 2830 365 2864 eta:
390 2827 448 2864 Ad
464 2831 580 2864 uitam
595 2832 754 2884 quietam
771 2831 818 2877 (v.
836 2843 950 2878 supra
966 2833 1036 2870 666
1054 2834 1098 2879 1))
1115 2833 1268 2870 transit.
1429 2844 1476 2879 ²9
1504 2836 1595 2879 Quis

127 2877 225 2912 locus
244 2876 316 2912 etc.
332 2886 342 2911 ε
368 2874 446 2912 Iuv.
463 2877 537 2912 Sat.
554 2876 616 2913 vii.
632 2878 763 2924 63-68.

1424 2955 1486 2990 ¹49
