1988 3250
229 217 322 256 600
341 227 373 256 a

340 410 370 449 b

345 1392 371 1422 c

717 214 981 259 IOANNIS
1021 214 1538 259 SARESBERIENSIS
1683 214 1797 276 [mn.
1812 227 1864 260 vt

388 335 437 377 in
457 335 648 378 ueritate
667 335 832 378 milites
852 338 958 378 sunt
986 350 1119 392 quam
1147 335 1394 379 sacerdotes
1422 339 1467 379 et
1493 335 1639 380 clerici
1669 351 1779 393 quos
1806 335 1864 379 ad

389 405 566 448 ordines
593 405 788 448 Ecclesia
814 419 904 447 non
931 405 1123 448 uocauit.
1182 405 1312 448 Miles
1339 421 1530 463 namque
1557 406 1672 449 sicut
1700 405 1864 448 laboris

388 474 454 516 ita
474 474 654 517 honoris
674 489 835 517 nomen
856 477 935 516 est.
995 474 1139 517 Nemo
1159 489 1266 518 uero
1286 474 1371 517 sibi
1399 475 1609 518 honorem
1630 474 1767 517 sumit
1787 473 1864 517 sed

387 544 463 600 qui
485 547 671 586 uocatur
691 558 719 586 a
738 543 930 586 Domino
950 543 1005 586 de
1025 543 1185 587 collato
1206 544 1371 587 honore
1390 545 1621 602 gloriatur.

444 613 623 670 Moyses
661 616 707 656 et
746 612 890 656 fidelis
929 613 1082 670 populi
1116 613 1260 664 duces,
1289 628 1391 657 cum
1426 615 1576 657 hostes
1607 615 1865 671 oportuerat
1885 628 1904 662 5

386 682 654 739 impugnari,
686 682 911 739 eligebant
942 683 1063 726 uiros
1099 682 1238 726 fortes
1269 686 1314 726 et
1344 683 1402 726 ad
1434 683 1548 726 bella
1577 683 1864 726 doctissimos.

388 751 659 794 Electionem
680 766 871 808 namque
892 751 980 794 ista
999 752 1310 809 praeueniunt.
1354 753 1442 806 Qui
1464 767 1570 796 uero
1590 767 1680 795 non
1701 751 1866 795 electus

387 820 582 877 seipsum
621 819 809 863 militiae
848 820 1027 878 ingerit,
1067 820 1115 863 in
1155 836 1202 864 se
1241 821 1441 879 gladium
1479 823 1694 879 prouocat
1734 835 1866 877 quem

386 890 570 947 propria
598 889 852 932 temeritate
882 894 1082 947 usurpat.

447 959 504 1002 In
527 959 891 1002 constitutionem
919 974 1024 1016 ergo
1051 963 1312 1016 perpetuam
1340 959 1499 1003 incidit
1528 960 1634 1017 quia
1663 959 1740 1016 qui
1770 958 1864 1016 gla-
1885 978 1927 1002 10

387 1028 511 1071 dium
559 1027 731 1085 accipit,
770 1027 920 1085 gladio
965 1029 1142 1085 peribit.
1221 1029 1271 1072 Si
1311 1044 1418 1072 uero
1462 1030 1510 1072 in
1550 1044 1601 1072 eo
1641 1028 1866 1073 Ciceronis

388 1097 633 1141 auctoritas
654 1097 878 1154 recipitur,
903 1097 942 1140 is
962 1113 1052 1140 non
1072 1098 1199 1141 miles
1225 1098 1302 1141 sed
1322 1098 1507 1142 sicarius
1527 1102 1645 1142 recte
1665 1099 1865 1142 nomina-

387 1171 476 1210 tur.
522 1167 642 1209 Nam
666 1167 715 1209 in
745 1169 949 1209 ueterum
977 1167 1154 1224 scriptis
1186 1168 1334 1211 sicarii
1362 1168 1574 1212 dicuntur
1603 1171 1648 1212 et
1672 1169 1867 1211 latrones

387 1236 654 1293 quicumque
686 1235 783 1293 lege
823 1250 913 1278 non
949 1237 1246 1293 praecipiente
1285 1252 1411 1280 arma
1449 1240 1656 1281 tractant.
1726 1237 1867 1280 Αιπια

387 1320 591 1362 namque,
622 1304 784 1362 quibus
814 1304 888 1347 lex
917 1320 1008 1348 non
1037 1306 1195 1356 utitur,
1225 1306 1367 1364 legem
1397 1307 1677 1364 impugnant.
1886 1329 1926 1363 15

447 1374 572 1417 Duos
591 1373 764 1432 gladios
784 1373 982 1417 sufficere
1003 1374 1189 1432 imperio
1210 1375 1466 1420 Christiano
1487 1375 1720 1433 Euangelii
1742 1389 1867 1418 sacra

387 1447 582 1488 testatur
611 1443 825 1496 historia;
861 1458 1014 1487 omnes
1043 1444 1120 1487 alii
1150 1459 1302 1488 eorum
1332 1448 1438 1488 sunt
1468 1445 1544 1502 qui
1574 1442 1867 1502 cum'gladiis

388 1517 434 1557 et
455 1513 652 1556 fustibus
674 1513 891 1556 accedunt
909 1516 963 1556 ut
989 1513 1219 1570 captiuum
1244 1514 1423 1571 capiant
1443 1513 1684 1565 Christum,
1704 1528 1866 1557 nomen

389 1584 484 1627 eius
518 1583 665 1626 delere
700 1582 941 1639 cupientes.
1001 1582 1075 1625 Illi
1107 1598 1213 1640 ergo
1248 1583 1356 1640 quid
1390 1583 1558 1626 habent
1589 1583 1756 1634 militis,
1787 1583 1865 1640 qui

388 1642 537 1696 uocati
578 1667 634 1695 ex
674 1655 950 1695 sacramento
989 1667 1079 1695 non
1118 1653 1429 1710 obtemperant
1474 1652 1562 1710 legi
1608 1652 1685 1695 sed
1725 1652 1773 1694 in
1813 1667 1864 1696 eo
1884 1672 1928 1696 ιο

390 1722 578 1765 militiae
598 1736 704 1764 suae
730 1721 918 1779 gloriam
939 1725 1141 1765 constare
1163 1722 1361 1773 credunt,
1382 1722 1419 1765 si
1446 1721 1778 1779 contemptibile
1806 1721 1867 1765 sit

348 1848 358 1853 ᾖ
390 1791 698 1841 sacerdotium,
728 1790 766 1832 si
798 1790 1017 1834 Ecclesiae
1048 1791 1233 1835 uilescat
1261 1791 1515 1842 auctoritas,
1545 1791 1583 1834 si
1612 1791 1678 1834 ita
1707 1791 1866 1834 dilata-

389 1861 541 1904 uerint
575 1874 762 1917 regnum
793 1860 986 1903 hominis
1017 1864 1069 1903 ut
1101 1860 1269 1904 Christi
1300 1860 1534 1917 imperium
1565 1860 1867 1911 contrahatur,

391 1931 429 1974 si
460 1930 613 1972 laudes
643 1944 746 1972 suas
775 1929 1032 1986 praedicent
1063 1933 1108 1973 et
1138 1931 1304 1988 seipsos
1331 1930 1457 1973 falsis
1481 1930 1726 1987 praeconiis
1752 1931 1866 1973 mul-

390 2002 521 2043 ceant
570 2002 616 2042 et
654 1998 876 2042 extollant
924 2014 1026 2043 cum
1076 2000 1280 2044 irrisione
1319 1999 1599 2043 audientium
1638 1999 1867 2044 imitantes
1887 2019 1927 2053 ²5

391 2113 412 2149 3
434 2108 516 2149 pos-t
534 2101 592 2138 ita
608 2103 693 2138 add.
710 2104 750 2138 et
769 2101 809 2138 Μ
965 2110 983 2148 5
1011 2101 1149 2139 Moises
1166 2102 1190 2139 S
1337 2110 1380 2138 12
1407 2100 1592 2149 recipitur
1608 2101 1817 2140 auctoritas
1834 2102 1868 2139 A

394 2152 437 2188 16
463 2149 680 2198 euuangelii
699 2149 764 2185 BA
910 2157 951 2194 17
976 2149 1149 2196 hystoria
1167 2149 1207 2186 M

440 2255 460 2280 2
487 2245 622 2280 laboris
639 2245 735 2280 etc.:
764 2244 811 2280 cf.
829 2242 913 2290 Dig.
932 2241 1032 2278 xxix.
1054 2251 1069 2279 1
1091 2242 1109 2290 ξ
1134 2253 1147 2279 1
1176 2243 1284 2279 Miles
1299 2244 1510 2289 appellatur
1525 2268 1536 2279 .
1556 2267 1566 2279 .
1583 2270 1594 2281 .
1612 2255 1636 2279 a
1653 2244 1788 2279 militia
1807 2244 1868 2280 ἑο.

390 2294 533 2329 dur-itia
548 2304 658 2338 quam
668 2303 739 2338 pro
756 2292 859 2327 nobis
873 2292 1062 2326 sustinent.
1231 2301 1252 2337 3
1277 2292 1389 2327 Nemo
1405 2303 1490 2327 uero
1502 2293 1598 2328 eta:
1625 2302 1657 2327 v.
1675 2290 1772 2327 Eeb.
1786 2302 1818 2327 v.
1832 2302 1869 2337 4.

395 2349 413 2387 5
441 2341 580 2394 Ago-uses
609 2341 708 2376 etc.:
733 2350 765 2375 v.
794 2337 914 2374 Exod.
940 2337 1031 2394 ‚¹Vfi·
1058 2347 1095 2395 9.
1231 2387 1239 2395 ⁶
1323 2340 1343 2374 8
1368 2339 1533 2383 guadium
1560 2340 1657 2375 eta:
1693 2350 1724 2374 v.
1755 2338 1868 2393 Matt.

394 2395 725 2476 {zssll’efiff'nmim
755 2395 808 2469 ’.ξεῖ
832 2395 880 2469 ἐἰ
902 2386 1083 2486 ἳῖὲἳέἶῗᾜῗ
1098 2390 1316 2480 ‘'1¹3⁶“5”ss‘;⁸;
1336 2384 1868 2471 «ἓὶἶέἒῖἐὲἒρὶωέῗξὲῗέἓξ

395 2482 575 2518 Ioannem
594 2481 634 2517 in
653 2479 827 2517 manibus
844 2491 920 2516 non
938 2480 1131 2522 habuisse:
1156 2480 1222 2517 sed
1238 2492 1283 2517 ex
1299 2480 1406 2516 libris
1419 2482 1461 2517 de
1473 2482 1669 2527 Republica
1682 2481 1795 2518 hodie
1809 2482 1869 2519 de-

394 2528 556 2576 perditis
570 2528 640 2565 hoc
654 2529 894 2574 desumptum
906 2540 984 2565 esse
998 2526 1181 2574 suspicari
1196 2527 1286 2565 licet
1302 2540 1310 2570 ;
1328 2528 1375 2564 cf.
1392 2540 1516 2575 supra,
1532 2528 1579 2564 ad
1594 2527 1650 2565 iii.
1667 2539 1707 2565 12
1717 2530 1866 2575 (5004).

398 2587 411 2614 ι
419 2587 440 2623 3
458 2578 631 2612 latrones:
659 2575 705 2612 cf.
725 2574 810 2621 Dig.
830 2574 855 2611 1.
877 2577 918 2611 16
937 2575 954 2622 ξ
973 2576 1050 2612 ιι8.
1174 2577 1216 2612 16
1234 2577 1333 2611 Duos
1345 2577 1487 2621 stadios
1501 2578 1597 2612 etat
1622 2588 1652 2612 v.
1671 2575 1758 2612 Luc.
1776 2575 1869 2613 xxii.

421 2631 464 2666 ὅς
490 2624 537 2661 de
561 2626 787 2678 argumento
813 2634 858 2659 ex
883 2622 954 2659 hoc
981 2622 1060 2659 loco
1087 2634 1110 2658 a
1131 2622 1246 2659 medii
1268 2623 1350 2659 aevi
1375 2622 1595 2660 doctoribus
1620 2623 1798 2670 repetito,
1818 2623 1867 2661 cf.

395 2634 555 2708 goffridi
573 2670 862 2707 vindocinensis
880 2672 1005 2716 opusc.
1025 2671 1060 2705 iv
1079 2670 1227 2717 (Migne
1241 2672 1280 2706 P.
1297 2672 1339 2706 L.
1353 2670 1451 2707 clvii.
1471 2676 1566 2716 220),
1579 2673 1618 2708 et
1636 2671 1671 2707 S.
1686 2671 1870 2710 Bernard.

395 2720 467 2766 Ep.
487 2720 565 2765 256,
582 2720 625 2754 de
653 2719 794 2755 Consid.
819 2717 864 2754 iv.
909 2745 917 2760 ,
937 2720 985 2753 ad
1012 2719 1147 2753 Milites
1174 2719 1313 2764 Templi
1329 2730 1359 2754 c.
1379 2729 1398 2763 3
1420 2717 1567 2765 (Migne
1590 2720 1629 2755 P.
1650 2721 1692 2756 L.
1711 2718 1866 2756 clxxxii.

395 2770 476 2811 ⁴⁶3·
493 2767 572 2811 464,
590 2766 670 2811 776,
684 2775 728 2811 92
736 2775 794 2811 553
819 2778 850 2801 v.
869 2728 1072 2812 Fliedberg
1093 2767 1136 2801 de
1146 2767 1287 2811 finium
1313 2767 1408 2802 inter
1430 2767 1609 2802 ecclesiam
1631 2772 1663 2802 et
1685 2768 1868 2803 ciuitatem

394 2815 637 2859 reyundorum
654 2814 789 2849 iudicio
809 2812 924 2860 (Lips.
943 2815 1047 2858 1861)
1067 2824 1128 2859 pp.
1149 2824 1204 2855 20.
1218 2823 1280 2854 21:
1305 2813 1444 2852 Gierke
1466 2815 1544 2850 Das
1558 2815 1722 2851 deutsche
1741 2815 1871 2852 Genus·

392 2862 687 2906 eenochaflmche
703 2860 757 2897 iii.
776 2865 856 2908 528.
958 2870 998 2907 17
1024 2873 1105 2897 cum
1118 2862 1256 2907 gladiis
1271 2864 1366 2899 eta:
1391 2873 1422 2900 v.
1446 2861 1534 2898 Luc.
1552 2861 1642 2898 xxii.
1660 2870 1717 2909 52.

508 2942 548 2966 η
