1988 3250
0 3082 14 3092 2
0 2976 16 3069 *¹5:¹2
0 2666 19 2959 5'57‘23*ss·'†3·5¹3'*'*2'2*
0 2631 5 2652 “”
0 2581 10 2619 ”’-”-
0 2548 2 2566 “”
0 2508 5 2514 '

173 213 360 276 omn]
704 214 1147 261 POLIORATICVS
1378 279 1383 283 .
1659 223 1793 268 5958

173 349 261 393 que
293 336 388 380 ictu
418 350 579 380 casuue
610 351 638 380 a
676 335 817 394 clipeo
850 335 1028 386 excidit,
1063 336 1146 380 hoc
1184 336 1367 394 garrula
1405 337 1573 395 lingua,
1607 337 1647 380 si

172 404 360 456 licuerit,
389 405 626 449 memorale
661 405 797 449 faciet
828 405 876 448 in
907 405 1104 448 seculum
1139 406 1286 449 seculi.
1357 406 1442 450 Isti
1481 407 1647 464 primos

173 474 400 519 recubitus
419 475 586 518 habent
605 475 654 518 in
673 475 793 519 cenis
813 477 860 518 et
883 474 1109 532 (quiequid
1131 474 1330 518 Renatus
1350 479 1501 518 noster
1519 475 1574 519 de
1599 491 1647 519 re

173 543 359 587 militari
389 544 641 601 tradiderit)
674 544 925 602 epulantur,
948 543 987 586 si
1012 543 1196 587 fortuna
1221 545 1457 602 permittit,
1484 545 1646 588 cotidie

134 630 155 666 5
172 612 412 670 splendide,
432 628 695 670 omnemque
714 613 909 656 laborem
929 615 976 656 et
998 612 1373 663 exercitationem,
1395 627 1526 670 quem
1556 628 1646 656 non

171 681 450 726 inuincibilis'
492 683 731 726 necessitas
780 681 958 740 ingerit,
1006 696 1113 725 cane
1162 685 1208 725 et
1256 697 1403 739 angue
1450 682 1647 725 deterius

172 750 368 810 fugiunt,
387 754 434 796 et
463 751 673 810 quicquid
702 751 907 794 imminet
936 750 1223 804 difficultatis,
1246 751 1438 795 reiciunt
1466 751 1514 794 in
1542 750 1644 793 sub-

171 823 318 867 iectos.
388 821 579 865 Interim
610 820 773 879 clipeos
807 820 870 864 sic
899 820 1123 871 inaurant,
1152 820 1215 864 sic
1247 822 1468 864 exornant
1495 820 1647 863 omnia

170 893 471 936 instrumenta
499 893 757 940 castrorum,
778 892 831 932 ut
859 889 1103 946 quemlibet
1132 904 1283 932 eorum
1314 904 1403 932 non
1434 893 1527 933 tam
1553 889 1646 933 cul-

113 974 157 1002 ιο
172 964 315 1006 torem
354 974 488 1017 quam
527 959 774 1017 praesidem
814 958 973 1001 Martis
1019 958 1183 1003 credas.
1256 958 1414 1003 Cuiuis
1456 959 1646 1002 istorum

170 1030 338 1089 clipeus
372 1028 638 1072 detrahatur
671 1031 752 1072 aut
785 1027 924 1086 galea,
959 1027 1101 1086 spolia
1134 1028 1229 1072 eius
1269 1029 1415 1086 ipsum
1456 1028 1647 1072 Martem

170 1101 383 1159 poterunt
411 1098 642 1143 honorare.

171 1212 278 1271 Cap.
299 1226 340 1265 4.
387 1210 599 1266 Quarum
627 1224 787 1254 rerum
816 1211 1055 1255 scientiam
1085 1214 1125 1255 et
1154 1211 1419 1255 exercitium
1446 1214 1644 1268 oporteat
1663 1215 1692 1254 b

284 1280 440 1326 habere
478 1279 660 1332 milites,
691 1284 729 1324 et
769 1281 888 1338 quod
928 1296 996 1325 eos
1030 1281 1174 1324 otiari
1213 1295 1310 1324 ‘non
1349 1281 1449 1324 licet
1462 1299 1480 1331 ;
1522 1285 1560 1324 et
1592 1280 1646 1324 de

111 1367 153 1405 ¹⁵
289 1350 509 1408 Auyueto,
528 1349 610 1406 qui
619 1349 751 1405 filias
770 1365 877 1394 suae
886 1350 999 1408 fecit
1018 1350 1209 1395 institui
1228 1350 1286 1394 in
1306 1349 1523 1406 lanificio.

230 1442 418 1501 Egregie
442 1442 621 1499 quidem
647 1441 796 1500 Scipio
820 1443 1084 1494 Affricanus,
1104 1443 1220 1486 sicut
1249 1442 1297 1485 in
1327 1442 1442 1486 libro
1471 1442 1645 1487 Strata-

168 1516 442 1571 gemmatum
463 1511 606 1555 Iulius
628 1511 870 1556 Frontinus
894 1514 1045 1563 refert,
1064 1527 1165 1557 cum
1195 1516 1371 1556 scutum
1399 1512 1646 1570 elegantius

169 1581 399 1627 cuiusdam
419 1581 606 1625 uidisset
625 1585 847 1635 ornatum,
867 1583 985 1626 dixit
1008 1597 1098 1626 non
1118 1582 1272 1625 mirari
1296 1597 1343 1625 se
1374 1582 1492 1640 quod
1515 1586 1647 1626 tanta

169 1665 277 1696 cura
295 1654 508 1702 ornasset,
526 1651 573 1693 in
595 1666 682 1708 quo
702 1651 803 1709 plus
822 1652 1031 1709 praesidii
1052 1667 1186 1710 quam
1207 1652 1255 1694 in
1274 1652 1424 1709 gladio
1451 1652 1646 1696 haberet.

111 1731 154 1759 ὀ
171 1720 260 1765 Sed
286 1735 367 1764 nec
387 1720 555 1764 fastum
576 1720 753 1764 illorum
778 1721 976 1779 perferre
999 1722 1179 1780 poteris,
1205 1722 1292 1764 nisi
1314 1721 1453 1765 fueris
1472 1722 1647 1780 patien-

169 1791 260 1835 tiae
279 1790 541 1848 grandioris.
601 1789 720 1833 Nam
747 1794 801 1834 ut
830 1791 1022 1849 ineptias
1050 1806 1202 1835 eorum
1229 1805 1319 1834 non
1346 1791 1492 1834 rideas
1522 1792 1647 1835 nulla

168 1859 387 1903 modestia
405 1859 570 1917 poterit
589 1859 804 1903 cohibere.
846 1860 958 1914 Quis
979 1860 1227 1905 Octauiano
1247 1860 1455 1918 Augusto
1475 1860 1647 1905 felicior

169 1932 250 1974 aut
287 1929 462 1973 maior?
521 1929 669 1980 Filios,
701 1929 785 1972 etsi
820 1944 909 1973 non
947 1930 1166 1988 genuerit,
1202 1930 1448 1988 adoptauit,
1485 1931 1647 1988 quibus

171 1998 255 2043 etsi
294 1998 492 2043 sufficere
531 2002 680 2056 posset
718 1999 864 2042 clarus
902 1999 1085 2058 sanguis
1123 2000 1181 2043 ad
1220 1999 1410 2058 gloriam
1445 2004 1491 2043 et
1530 2001 1648 2044 bona

111 2085 154 2121 ³5
171 2067 442 2112 hereditaria
479 2068 623 2126 magis
661 2068 718 2111 ad
757 2068 928 2126 copiam
972 2083 1106 2126 quam
1141 2069 1198 2112 ad
1231 2084 1373 2121 usum,
1408 2084 1461 2112 ea
1495 2073 1647 2114 tamen

170 2136 405 2195 diligentia
423 2136 622 2180 instituti
642 2140 749 2180 sunt
771 2152 822 2181 ac
843 2137 881 2180 si
908 2151 989 2180 sua
1009 2138 1191 2181 retineri
1212 2137 1284 2181 uel
1304 2138 1450 2180 aliena
1469 2138 1646 2196 adquiri
1664 2149 1690 2180 c

169 2221 450 2264 nequaquam
479 2206 652 2264 possint
679 2207 767 2250 nisi
796 2222 876 2264 per
905 2207 1134 2250 uirtutem.
1197 2207 1285 2251 Eos
1314 2222 1420 2265 ergo
1454 2208 1511 2251 ad
1545 2223 1645 2266 gra-

169 2275 277 2320 dum
297 2275 536 2319 militarem
557 2279 603 2319 et
622 2291 800 2320 cursum
821 2279 867 2320 et
897 2276 1062 2320 saltum
1090 2276 1198 2320 fecit
1228 2278 1476 2328 exercitari,
1495 2292 1646 2320 usum-

170 2359 256 2403 que
294 2345 481 2388 natandi
521 2348 567 2388 et
606 2345 767 2389 caesim
811 2348 857 2389 et
899 2346 1101 2403 punctim
1142 2346 1332 2389 feriendi
1372 2350 1419 2390 et
1457 2347 1646 2390 iaciendi

172 2443 227 2488 16,
249 2452 291 2488 17
308 2445 427 2480 strate
478 2444 627 2480 matum
644 2442 685 2479 M
840 2445 883 2480 18
908 2443 1116 2481 hol-natum
1134 2443 1159 2481 S
1315 2455 1359 2481 22
1385 2444 1586 2482 octouiano
1603 2444 1643 2480 M

170 2501 216 2537 23
241 2502 318 2528 non
333 2502 400 2528 om.
603 2492 649 2527 28
673 2489 832 2527 excitari
848 2491 883 2526 A

218 2588 240 2615 2
259 2581 401 2625 primos
418 2580 513 2616 etc.:
538 2590 571 2614 v.
589 2577 701 2614 Matt.
714 2577 822 2614 xxiii.
842 2579 878 2615 6.
1022 2588 1043 2624 3
1068 2580 1231 2614 Renatus
1247 2584 1388 2615 noster:
1412 2591 1446 2616 v.
1462 2578 1598 2625 Veget.
1617 2578 1643 2616 i.

171 2636 220 2672 33
245 2626 294 2663 cf.
313 2637 428 2673 supra
446 2635 565 2674 59313.
726 2636 761 2670 4,
779 2635 797 2672 5
825 2627 1023 2672 epulantur
1037 2628 1166 2662 cotidie
1181 2628 1388 2673 splendide:
1413 2639 1446 2663 v.
1464 2627 1552 2663 Luc.
1571 2626 1644 2663 xvi.

398 2675 422 2710 6
446 2678 719 2727 eamdemque
736 2674 830 2710 etc.·
855 2685 887 2709 v.
906 2673 996 2709 Hor.
1014 2675 1086 2719 Ep.
1105 2673 1129 2710 i.
1152 2683 1205 2717 17.
1225 2684 1280 2719 30.
1453 2675 1496 2710 16
1523 2676 1606 2719 Sc‘p
1610 2676 1645 2709 io

172 2722 267 2758 etc.-
293 2719 698 2766 Frontiu.straee9.1v.
719 2730 733 2756 1
756 2719 774 2767 ξ
798 2729 828 2766 5.
950 2731 995 2766 23
1020 2722 1099 2757 Fila·
1084 2733 1138 2756 os
1155 2723 1252 2757 etc.:
1279 2721 1358 2765 Quo
1376 2723 1531 2758 auctore
1549 2721 1643 2757 haec

171 2769 303 2804 narret
319 2767 469 2812 Noster,
487 2767 633 2810 nescio,
658 2767 741 2804 vide
757 2769 887 2804 tamen
905 2767 1009 2804 Suet.
1028 2770 1122 2813 Any.
1140 2770 1209 2812 64;
1236 2768 1284 2805 cf.
1306 2769 1362 2814 56.
1522 2778 1579 2812 27,
1599 2769 1642 2804 28

171 2817 390 2860 “dyracium
408 2817 500 2852 etc.:
525 2826 557 2851 v.
573 2814 734 2851 titulum
750 2814 881 2862 Veget.
899 2814 924 2852 i.
942 2825 965 2860 9
981 2815 1204 2862 praefixum.
1326 2818 1380 2858 28,
1401 2826 1446 2861 29
1470 2827 1538 2851 usu
1538 2827 1645 2869 Juque

172 2863 353 2900 natandi:
380 2873 413 2898 v.
428 2861 560 2909 Veget.
573 2860 598 2898 i.
617 2872 670 2899 ιο.
768 2872 814 2908 29
838 2865 970 2899 caesim
986 2868 1019 2898 et
1031 2865 1198 2909 punctim
1216 2864 1310 2900 etc.:
1335 2875 1368 2899 v.
1384 2862 1518 2908 Veget.
1534 2862 1589 2898 iii.
1607 2873 1643 2908 4.

1494 2942 1533 2974 13
