1988 3250
212 242 309 275 cAP.
321 228 424 288 x1x]
717 227 1152 274 POLICRATICVS
1691 226 1778 277 685
1795 225 1825 267 d

211 352 258 393 et
295 352 359 399 tu,
389 349 555 402 clerice,
587 348 695 406 quid
729 348 879 400 sentis,
913 362 1015 391 cum
1049 347 1188 390 laicus
1223 347 1316 390 fere
1351 347 1462 405 legis
1497 347 1680 405 ignarus

211 418 495 461 ambitionem
525 420 650 460 tuam
679 417 831 474 arguit
859 419 905 460 et
933 416 1199 473 compescit?
1268 416 1550 472 Obstupesce,
1579 430 1679 472 pro-

210 487 357 545 pheta,
371 501 471 531 cum
491 486 616 529 asina
634 488 680 530 te
700 499 911 529 sessorem
931 500 1061 528 suum
1081 487 1260 528 reuocat
1279 488 1326 528 et
1339 488 1440 527 tuos
1455 485 1679 528 conuincit

210 570 389 600 errores.
449 556 640 598 Brutum
674 554 851 605 animal,
883 554 1015 598 homo
1053 553 1271 611 stupidus,
1304 554 1513 611 angelum
1553 554 1677 597 uidet

176 645 194 680 5
210 627 434 669 tenentem
453 625 664 682 gladium,
683 624 729 667 id
749 627 817 668 est
835 623 1042 680 spiritum
1070 623 1147 681 qui
1170 623 1282 667 latet
1305 623 1352 665 in
1378 623 1542 673 littera,
1562 626 1607 666 et
1627 626 1678 666 tu

210 709 336 739 cecus
350 694 398 737 in
413 697 540 738 tanto
558 693 725 737 lumine
742 692 1073 750 Scripturarum
1089 692 1272 736 insanus
1286 692 1380 735 ruis
1399 692 1446 734 in
1467 692 1679 735 mortem?

212 763 429 808 Erubesce
464 777 580 820 ergo,
614 763 882 819 obstupesce,
912 762 1103 806 subsiste
1132 765 1178 806 et
1207 777 1234 804 a
1268 760 1588 812 maledictione,
1621 761 1679 805 ad

211 847 344 890 quam
384 833 576 876 auaritia
614 832 874 876 stimulante
912 831 1110 882 festinas,
1149 831 1324 883 recede3
1373 835 1420 874 et
1463 831 1540 888 qui
1579 845 1681 874 con-

212 903 404 960 tempnis
424 903 610 960 Moysen
628 905 674 946 et
697 902 948 959 prophetas,
966 901 1039 944 uel
1058 901 1242 952 asinam,
1261 915 1394 958 quam
1424 900 1681 945 ambitionis

156 997 199 1022 ,ο
214 974 318 1015 tuae
346 971 589 1016 calcaribus
618 986 761 1028 urges,
784 971 902 1015 audi.
960 970 1175 1015 Miraculo
1202 970 1420 1027 siquidem
1450 984 1562 1028 opus
1590 973 1682 1022 est;

214 1041 396 1085 Balaam
417 1042 580 1084 etenim
601 1055 689 1084 non
709 1041 960 1098 corripitur,
980 1040 1066 1083 nisi
1094 1040 1220 1084 asina
1238 1039 1461 1098 loquatur.
1519 1039 1680 1083 Nonne

213 1111 432 1154 erubescis
461 1110 578 1168 quod
607 1114 654 1154 te
676 1110 738 1154 sic
767 1110 1006 1162 excecauit,
1035 1110 1098 1154 sic
1122 1110 1424 1167 pessumdedit
1447 1109 1516 1153 sui
1542 1109 1681 1166 ipsius

213 1179 370 1238 ignara
398 1179 583 1223 ambitio
611 1182 664 1223 ut
693 1179 963 1236 propheticis
993 1182 1038 1222 et
1067 1179 1233 1222 diuinis
1261 1179 1451 1223 oraculis
1480 1178 1679 1222 ruditum
1697 1189 1785 1229 686
1807 1199 1837 1228 a

213 1249 363 1292 asinae
391 1248 646 1307 praeferas?
705 1248 901 1292 Terreris
921 1247 1037 1292 forte
1058 1252 1103 1292 et
1122 1249 1422 1293 contremiscis
1442 1248 1499 1291 ad
1529 1262 1681 1292 uocem

159 1342 197 1377 ¹5
214 1318 364 1362 asinae
402 1318 478 1362 sed
518 1332 797 1375 nequaquam
836 1318 1156 1375 compungeris.
1236 1317 1333 1362 Hoc
1373 1318 1490 1361 enim
1539 1317 1683 1360 diuini

214 1387 340 1431 uerbi
379 1401 541 1430 munus
581 1390 649 1430 est
683 1389 729 1430 et
762 1387 928 1430 donum
963 1387 1084 1430 illius
1116 1386 1193 1444 qui
1226 1387 1347 1430 solus
1381 1387 1428 1430 in
1460 1387 1685 1430 mentibus

215 1456 453 1501 electorum
496 1457 645 1514 ignem
688 1456 890 1500 caritatis
932 1456 1143 1501 accendit.
1223 1456 1351 1500 Vnde
1391 1457 1532 1513 liquet
1578 1456 1684 1514 quia

215 1525 436 1570 inutiliter
468 1527 638 1569 asinam
671 1526 799 1570 audit
833 1526 1098 1584 quicumque
1129 1526 1256 1569 uerbi
1288 1526 1372 1569 Dei
1407 1526 1683 1583 contempnit

170 1595 177 1604 '
215 1610 380 1640 uocem.
438 1595 558 1639 Audi
588 1598 738 1639 tamen
768 1599 814 1639 et
842 1595 1013 1639 asinam
1043 1595 1174 1638 utilia
1203 1596 1474 1646 suadentem,
1503 1596 1610 1653 quia
1639 1599 1685 1639 et

158 1687 200 1712 ιο
216 1665 265 1708 in
294 1680 346 1709 ea
373 1665 430 1708 ad
461 1665 754 1708 eruditionem
784 1668 909 1708 tuam
940 1664 1137 1722 Spiritus
1166 1665 1375 1722 loquitur.
1447 1665 1683 1709 Praeuidet

215 1735 421 1793 angelum
448 1735 724 1778 cohibentem
754 1734 931 1778 illicitos
956 1749 1134 1792 gressus
1159 1739 1262 1778 tuos
1288 1738 1334 1778 et
1362 1750 1463 1778 eum
1487 1735 1684 1779 ostendit

214 1803 309 1848 tibi.
370 1804 469 1858 Qua
502 1804 579 1848 uia
612 1804 669 1848 ad
699 1804 886 1848 honores
915 1804 1228 1848 ecclesiasticos
1257 1805 1582 1850 ascendendum
1611 1805 1683 1855 sit,

216 1888 329 1932 quae
348 1874 423 1917 uia
443 1874 503 1917 sit
522 1873 746 1931 fugienda,
765 1888 954 1917 canones
974 1873 1144 1918 docent.
1204 1873 1494 1932 Contempnis
1520 1878 1683 1925 tamen,

218 1943 324 2000 quia
342 1943 390 1986 in
409 1943 485 1986 uia
510 1943 821 1986 mandatorum
848 1943 933 1986 Dei
957 1958 1046 1986 non
1074 1944 1199 1987 uides
1222 1944 1430 2002 angelum
1457 1948 1683 1988 tenentem

159 2032 200 2067 ²⁵
217 2011 415 2071 gladium
452 2015 505 2056 ut
543 2013 714 2056 occidat
752 2016 808 2057 te.
868 2013 1035 2057 Eadem
1072 2013 1239 2058 incedit
1277 2014 1414 2065 asina,
1443 2014 1576 2058 homo
1614 2015 1683 2058 tui

217 2082 449 2127 collatione
483 2082 670 2126 stolidus
705 2086 750 2127 et
781 2083 938 2127 tardus
972 2086 1018 2127 et
1049 2084 1126 2141 qui
1161 2084 1287 2128 uerbi
1318 2087 1364 2128 et
1394 2085 1585 2142 exempli
1615 2085 1683 2129 tui
1702 2090 1731 2128 b

218 2151 460 2196 calcaribus
497 2152 723 2209 urgendus
762 2156 830 2196 est
869 2156 922 2196 ut
951 2152 1090 2196 faciat
1123 2153 1278 2211 legem,
1306 2154 1431 2198 uidet
1465 2155 1685 2212 angelum,

218 2220 360 2272 timet,
379 2221 592 2272 subsistit,
605 2224 650 2265 et
669 2222 901 2265 consilium
913 2222 998 2266 Dei
1018 2223 1102 2266 tibi
1123 2224 1340 2267 enuntiat.
1400 2223 1619 2281 Loquitur
1638 2226 1686 2268 in

219 2303 325 2334 casu
354 2290 463 2343 isto;
501 2293 553 2334 tu
586 2291 848 2335 miraculum
880 2307 1092 2336 uenerare
1124 2296 1171 2336 et
1209 2293 1387 2351 singula
1420 2294 1559 2337 uerba
1591 2295 1686 2338 eius

163 2376 206 2410 30
221 2373 382 2416 repone
401 2362 447 2403 et
466 2360 648 2418 exculpe
667 2361 715 2404 in
734 2361 900 2419 tabulis
919 2362 1062 2406 cordis
1082 2363 1162 2406 tui.

225 2488 240 2515 1
267 2477 362 2527 legis
377 2479 455 2517 fere
473 2479 512 2515 M
647 2491 689 2517 12
714 2482 882 2520 ececauit
898 2482 1041 2519 CB¹A¹:
1066 2482 1259 2520 eccecauit
1277 2483 1301 2520 S
1439 2493 1481 2529 17
1508 2483 1688 2522 karitatis

223 2525 312 2563 GBS
453 2537 499 2563 20
521 2527 570 2563 ad
586 2539 655 2566 om.
673 2528 791 2565 C²BM
934 2541 980 2576 24
1005 2531 1230 2568 mandarum
1248 2531 1280 2567 A

270 2645 292 2671 2
319 2637 523 2682 Obstupesce
540 2638 631 2674 etc.:
655 2649 688 2674 v.
706 2636 816 2674 Num.
832 2636 923 2675 xxii.
940 2648 984 2675 22
997 2650 1122 2686 seqq.;
1148 2639 1196 2676 cf.
1215 2651 1235 2676 2
1255 2639 1356 2676 Petr.
1373 2639 1415 2676 ii.
1436 2642 1488 2677 16.
1664 2650 1687 2686 9

222 2684 370 2728 Moysen
387 2688 419 2718 et
431 2685 642 2730 prophetas:
667 2684 753 2722 Luc.
771 2683 842 2720 xvi.
861 2695 916 2731 29,
930 2696 986 2732 31.
1170 2698 1218 2723 20
1242 2689 1291 2723 ad
1308 2690 1545 2724 eruditionem
1561 2693 1684 2725 tuam:

224 2730 274 2766 cf.
300 2729 404 2766 Rom.
430 2741 488 2766 xv.
515 2741 547 2775 4.
690 2742 736 2777 24
761 2734 802 2768 in
829 2735 895 2768 uia
923 2735 1181 2770 mandatorum
1207 2736 1298 2771 Dei:
1323 2747 1354 2771 v.
1384 2735 1443 2771 Ps.
1474 2734 1597 2772 cxviii.
1628 2745 1684 2782 32.

226 2787 273 2824 30
296 2778 338 2813 in
355 2778 486 2814 tabulis
501 2779 618 2815 cordis
635 2782 711 2815 tui:
735 2779 841 2816 Prov.
860 2779 916 2817 iii.
936 2791 966 2826 3,
986 2780 1048 2816 vii.
1069 2792 1101 2827 3.

1516 2936 1575 2970 181
