1988 3250
141 245 241 281 mr.
251 229 399 292 xv111]
644 223 1083 272 POLICRATICVS
1620 218 1701 269 678
1721 227 1747 257 c

141 402 248 462 Gap.
269 405 334 448 18.
364 401 493 457 Quod
511 398 742 446 ambitiosi
761 395 1062 442 dissimulant
1081 410 1123 439 se
1137 394 1251 439 uelle
1269 393 1390 451 quod
1403 393 1606 438 maxime

198 475 429 530 appetwnt,
449 474 488 515 et
508 468 673 528 quibus
692 465 1052 512 eaecusationibue
1065 463 1355 521 propositum
1374 467 1539 520 teyant.

198 563 287 608 Sed
312 577 409 607 ecce
435 561 494 605 ad
516 560 708 617 aliquem
737 559 924 602 istorum
951 555 1301 614 promouendum
1326 557 1406 597 aut
1432 554 1607 611 cogitur

108 668 110 674 .
141 636 222 678 aut
240 630 585 677 circumuenitur
605 628 798 672 Ecclesia.
812 629 866 670 ut
881 626 1001 670 dicat
1021 625 1139 668 hosti
1155 624 1418 668 domestico:
1442 623 1608 673 Amice,

105 720 126 756 5
142 701 326 749 ascende
363 699 576 757 superius.
659 697 839 754 Stupidi
887 696 1039 752 itaque
1078 695 1409 751 obstupescunt,
1447 707 1609 735 nomen

142 770 376 830 dignitatis
404 769 656 819 abhorrent,
682 766 915 824 refugiunt
943 779 1055 809 onus
1082 767 1139 815 et,
1165 767 1219 807 ut
1247 763 1424 806 auidius
1454 761 1607 819 impel-

143 841 305 891 lantur,
325 854 446 883 more
468 841 536 894 (ut
559 837 739 893 dicitur)
759 835 912 879 arietis
932 838 984 878 ut
1008 833 1171 877 fortius
1191 833 1327 876 feriat
1353 831 1609 881 recedentis,

143 924 244 956 eum
283 908 484 966 suspiriis
522 906 762 965 gemitibus
797 907 843 948 et
876 904 1147 962 singultibus
1181 901 1611 960 interrumpentibus

90 1011 91 1014 η
145 979 375 1024 simulatas
394 977 596 1021 lacrimas
615 974 908 1020 retrocedunt.
968 973 1139 1017 Notum
1166 972 1384 1029 siquidem
1412 973 1480 1014 est
1505 970 1612 1027 quia

90 1065 131 1095 xo
146 1049 270 1094 sedes
289 1048 396 1092 haec
415 1046 557 1090 trahit
575 1049 622 1089 et
646 1044 837 1102 impellit
864 1043 1031 1086 inuitos
1059 1047 1105 1086 et
1131 1056 1241 1099 quos
1270 1044 1400 1084 notat
1426 1040 1613 1083 ambitio

146 1117 333 1176 repellit.
393 1116 616 1160 Nituntur
638 1129 743 1172 ergo
763 1113 1011 1156 rationibus
1030 1115 1077 1155 et
1095 1111 1438 1155 auctoritatibus
1457 1110 1612 1152 docere

148 1202 285 1246 quare
305 1201 378 1230 eos
397 1184 639 1243 episcopari
658 1198 749 1227 non
769 1183 933 1226 deceat.
978 1182 1082 1225 Non
1103 1196 1214 1232 sum,
1229 1180 1389 1237 inquit,
1405 1179 1612 1228 medicus,
1630 1176 1660 1216 d

148 1259 196 1301 et
215 1257 262 1299 in
289 1255 419 1299 domo
443 1269 543 1298 mea
561 1268 652 1296 non
671 1256 740 1296 est
758 1252 912 1310 panis3
941 1266 1022 1295 nec
1042 1265 1177 1309 penes
1196 1265 1267 1294 me
1287 1249 1486 1293 thesauri
1507 1251 1615 1291 sunt

149 1325 268 1371 unde
301 1325 349 1368 in
378 1323 653 1368 necessitatis
683 1322 873 1366 articulo
905 1335 1024 1365 noua
1053 1324 1099 1364 et
1127 1323 1282 1363 uetera
1310 1318 1616 1376 indigentibus

94 1409 135 1448 ¹5
151 1394 383 1454 proferam.
461 1392 644 1436 Possum
697 1392 853 1449 utique
901 1391 971 1434 uti
1021 1389 1305 1434 excusatione
1356 1387 1617 1446 prophetica

150 1463 359 1522 quoniam
378 1462 499 1519 loqui
519 1461 664 1505 nescio
684 1463 730 1504 et
755 1460 861 1518 quia
880 1474 992 1518 puer
1017 1474 1099 1518 ego
1126 1473 1236 1509 sum,
1258 1458 1342 1501 etsi
1368 1472 1458 1500 non
1485 1459 1616 1506 etate,

151 1547 307 1576 reuera
337 1531 521 1576 scientia
551 1534 597 1575 et
627 1530 811 1574 leuitate
842 1544 1029 1573 morum.
1099 1527 1301 1572 Sordidis
1329 1527 1531 1570 uestibus
1560 1526 1619 1569 ab

151 1601 282 1646 initio
314 1600 499 1644 indutus
529 1614 628 1644 sum
660 1602 706 1643 et
739 1613 813 1642 eas
847 1612 1091 1655 numquam
1131 1596 1348 1654 sanguine
1382 1596 1502 1653 Agni
1537 1598 1619 1638 aut

94 1699 102 1711 κ
153 1670 352 1715 uestibus
377 1669 530 1714 studui
559 1669 777 1712 dealbare.
838 1667 1068 1722 Quomodo
1098 1681 1204 1724 ergo
1233 1669 1388 1709 sancta
1416 1664 1619 1708 tractabo

98 1752 142 1783 to
155 1739 352 1799 pollutus
380 1741 471 1790 aut,
499 1738 616 1796 quod
646 1737 916 1781 sacerdotem
946 1739 1134 1794 oportet,
1162 1734 1336 1792 polluta
1363 1733 1621 1776 mundabo?

155 1809 275 1854 Nam
293 1809 435 1867 legem
449 1808 750 1852 indesinenter
763 1806 1006 1864 contempsi
1022 1809 1069 1849 et
1083 1808 1238 1849 sancta
1253 1804 1349 1854 Dei,
1362 1804 1619 1861 increpante

155 1877 402 1928 Iezechiele,
417 1877 612 1935 polluere
631 1891 721 1919 non
741 1875 920 1919 cessaui.
980 1875 1081 1918 Mea
1101 1889 1208 1931 ergo
1227 1873 1447 1931 promotio
1467 1872 1620 1930 populi

155 1946 340 1991 deiectio
359 1949 438 1991 est.
496 1945 645 1989 Ruina
663 1944 881 2002 siquidem
906 1943 1058 2002 populi
1079 1942 1327 1986 sacerdotes
1347 1941 1480 1994 mali;
1511 1941 1620 1984 facti

157 2019 264 2060 sunt
289 2015 406 2060 enim
425 2015 474 2058 in
492 2015 700 2072 laqueum
726 2014 891 2071 populi,
911 2013 1154 2056 existentes
1174 2013 1222 2055 in
1243 2012 1421 2069 specula
1441 2015 1488 2055 et
1507 2012 1622 2054 sicut
1639 2016 1726 2067 679
1748 2027 1779 2056 a

102 2099 144 2135 ²5
159 2088 252 2130 rete
281 2087 512 2129 extensum
531 2084 590 2128 ad
618 2083 910 2127 inuoluendus
929 2083 1112 2126 animas.
1172 2082 1330 2125 Terret
1349 2097 1420 2125 me
1441 2082 1623 2138 Aggeus

159 2154 368 2212 parabola
378 2153 552 2197 mistica
565 2153 798 2196 sacerdotii
809 2152 1054 2210 periculum
1066 2152 1319 2209 exprimens
1331 2154 1377 2194 et
1388 2150 1625 2194 manifeste

160 2222 318 2266 docens
346 2222 451 2280 quia
488 2222 677 2280 populus
705 2236 734 2265 a
762 2221 1039 2265 sacerdotum
1068 2220 1266 2263 moribus
1305 2220 1482 2263 facilius
1510 2219 1626 2262 uitia

161 2325 186 2362 9
209 2315 443 2352 retrocedent
459 2313 623 2351 G²BA¹M
761 2323 803 2361 15
830 2313 961 2360 itaque
979 2312 1020 2349 M
1166 2321 1208 2358 17
1235 2323 1383 2350 morum
1402 2311 1560 2349 leuitate
1576 2310 1626 2347 A¹

163 2371 208 2400 22
233 2362 420 2401 ezechiele
437 2361 485 2398 A‘

211 2454 247 2489 4,
262 2452 280 2490 5
305 2446 439 2487 Amice,
455 2446 603 2481 ascende
618 2445 807 2490 superius:
833 2442 922 2479 Luc.
942 2441 1017 2478 xiv.
1039 2452 1093 2479 10.
1207 2452 1250 2478 12
1275 2443 1359 2478 Non
1374 2453 1456 2477 sum
1469 2442 1627 2477 medicus

165 2492 259 2530 etc.:
283 2490 350 2528 Isa.
369 2490 422 2527 iii.
440 2500 477 2536 7.
621 2501 662 2537 13
687 2493 847 2527 thesauri
863 2493 958 2527 etc.:
984 2502 1017 2526 v.
1037 2489 1150 2527 Matt.
1168 2489 1247 2525 xiii.
1268 2498 1323 2535 52.
1471 2491 1512 2524 16
1530 2490 1627 2535 loqui

164 2539 280 2574 nescio
301 2540 393 2575 etc.:
417 2550 451 2575 v.
468 2538 600 2575 Ierem.
615 2537 641 2574 i.
659 2539 693 2575 6.
839 2546 880 2583 17
906 2539 1072 2574 sordidis
1086 2539 1245 2573 uestibus
1261 2538 1357 2573 etc.:
1382 2548 1415 2572 v.
1433 2536 1542 2572 Zach.
1569 2536 1627 2572 iii.

346 2586 387 2621 18
411 2587 586 2631 sanquine
601 2587 701 2631 Aqui
716 2587 809 2622 etc.:
834 2597 866 2621 v.
884 2585 1000 2631 Apoc.
1019 2584 1082 2621 vii.
1104 2595 1170 2629 14;
1196 2583 1245 2620 cf.
1263 2583 1313 2621 vi.
1333 2594 1385 2626 11,
1404 2583 1479 2620 xix.
1500 2594 1552 2628 13,
1573 2594 1626 2626 14.

167 2641 210 2669 21
238 2633 344 2677 leyem
360 2634 451 2669 etc.:
476 2645 507 2668 v.
525 2631 659 2670 Ezech.
677 2632 766 2668 xxii.
785 2633 842 2669 26.
939 2638 1088 2668 sancta:
1111 2634 1327 2668 sanctuaria
1338 2630 1451 2676 Vulg.
1468 2644 1476 2674 ;
1501 2635 1630 2666 sancta

167 2677 262 2734 citat
279 2678 452 2716 Sabatier
470 2679 518 2716 ad
542 2679 612 2716 loc.
631 2691 651 2716 e
671 2682 787 2716 Gestis
805 2680 1015 2716 collationis
1042 2680 1339 2724 Gar-thayinemis
1356 2678 1502 2724 (Migne
1527 2679 1567 2714 P.
1585 2679 1629 2713 L.

168 2737 220 2762 xi.
241 2726 358 2771 1410).
513 2736 570 2772 23,
587 2737 633 2772 24
646 2728 745 2773 facti
759 2732 846 2763 sunt
861 2729 957 2764 etc.:
982 2739 1018 2762 v.
1034 2726 1095 2763 On.
1114 2738 1148 2762 v.
1167 2738 1200 2763 1.
1363 2735 1407 2772 25
1438 2727 1558 2762 Terret
1574 2737 1630 2761 me

167 2773 333 2818 Aqqeus:
364 2771 475 2820 Greg.
499 2771 588 2810 Νη.
615 2776 674 2812 Or.
699 2774 740 2811 ii.
766 2774 783 2821 ξ
813 2783 856 2821 57
884 2775 933 2820 (v.
957 2773 1060 2810 infra
1088 2773 1137 2810 ad
1160 2775 1232 2810 680
1242 2772 1284 2818 B)
1312 2772 1406 2808 ἀλλά
1432 2788 1490 2818 μοι
1517 2774 1630 2808 πολὺν

168 2818 419 2875 {nunqu-‘ivero‘
443 2821 558 2867 φόβον
583 2822 603 2856 ὁ
629 2823 793 2869 μακάριος
811 2822 921 2867 Ὤσηέ
938 2834 949 2865 ;
973 2821 1147 2868 sequitur
1169 2821 1230 2859 0⁸.
1244 2833 1278 2857 v,
1297 2830 1329 2858 1.
1344 2819 1492 2868 Aggaei
1517 2820 1632 2856 verba

170 2877 247 2904 iam
267 2869 285 2914 ᾖ
309 2875 349 2904 11
367 2869 550 2905 citaverat
568 2867 676 2915 Greg.

1460 2937 1523 2984 ¹⁶⁷
