1988 3250
270 229 346 270 ⁷19
366 228 390 260 ἒ
736 217 937 262 IOANN
939 217 998 261 IS
1036 214 1548 261 SARESBERIENSIS
1654 213 1761 275 [ΗΒ.
1776 223 1869 258 VIII

407 338 562 395 utique
602 337 755 382 fouere
794 338 1027 389 malitiam,
1058 337 1135 381 sed
1164 340 1366 395 correpta
1404 338 1460 388 et,
1495 336 1537 380 si
1574 336 1670 379 fieri
1709 336 1873 392 potest,

407 407 652 459 emendata,
672 407 898 450 fraternae
924 407 1124 450 caritatis
1150 406 1247 450 iure
1273 409 1448 463 oportet
1474 404 1714 448 sustentari
1739 406 1872 446 natu-

407 491 514 520 ram.
574 477 768 534 Expedit
796 477 974 534 quidem
1001 476 1121 520 omni
1149 476 1319 533 petenti
1343 475 1538 519 tribuere
1566 475 1639 517 uel
1665 473 1873 516 affectum

360 546 391 586 d
407 546 570 589 mentis
595 546 667 589 uel
694 545 903 589 solatium
931 545 1144 588 caritatis.
1205 545 1437 588 Interdum
1466 548 1617 587 tamen
1647 543 1874 599 increpare

407 615 597 672 pigrum,
631 615 907 658 meretricem
947 615 1019 657 uel
1053 614 1313 657 histrionem
1349 613 1618 658 confundere
1653 611 1875 655 salubrius
1890 622 1913 658 ε

408 687 477 727 est
504 699 636 741 quam
664 684 782 741 quod
806 683 995 741 exigunt
1022 683 1212 741 elargiri.
1272 683 1392 736 Quid
1415 684 1592 726 moror?
1653 679 1876 737 Quicquid

409 753 571 797 caritas
611 756 776 810 erogat,
815 755 1125 796 remuneratur
1163 767 1191 794 a
1230 752 1443 804 Domino;
1493 751 1610 808 quod
1649 751 1877 808 dispensat

409 822 600 872 uanitas,
617 822 850 865 euanescit.
901 821 958 864 In
974 821 1143 874 Quinto
1159 820 1369 864 Considio
1384 820 1663 863 saluberrimi
1683 818 1876 876 exempli

409 905 490 934 nec
520 891 615 934 sine
644 905 783 948 paruo
813 890 954 948 ipsius
983 889 1134 932 fructu
1169 889 1413 932 liberalitas
1447 889 1665 933 referente
1699 887 1878 931 Valerio

411 960 625 1003 adnotata
664 965 754 1012 est3
800 959 889 1016 qui,
919 959 1181 1003 Cathelinae
1216 958 1366 1002 furore
1405 958 1471 1002 ita
1506 962 1788 1002 consternata
1825 972 1874 1001 re
1899 974 1941 999 10

411 1029 589 1087 publica
627 1033 679 1072 ut
718 1044 774 1071 ne
813 1043 841 1071 a
879 1027 1172 1085 locupletibus
1219 1027 1398 1084 quidem
1445 1027 1620 1070 debitae
1666 1027 1877 1084 pecuniae

413 1099 613 1155 (propter
655 1098 882 1141 cumulum
931 1097 1065 1154 pretii
1114 1096 1437 1154 possessionum
1486 1096 1715 1155 diminuti)
1765 1095 1879 1139 solui

412 1167 704 1211 creditoribus
733 1170 922 1224 possent,
955 1181 1055 1210 cum
1089 1167 1254 1210 centies
1283 1169 1417 1223 atque
1447 1166 1739 1224 quinquagies
1779 1180 1877 1209 sex-

412 1237 537 1279 tertii
557 1251 774 1279 summam
795 1236 842 1278 in
863 1236 1014 1279 fenore
1030 1236 1224 1287 haberet,
1239 1250 1380 1293 neque
1401 1235 1456 1278 de
1475 1239 1593 1279 sorte
1614 1250 1880 1293 quemquam

414 1305 663 1348 debitorum
677 1320 857 1348 suorum
867 1320 1009 1362 neque
1024 1305 1079 1348 de
1091 1319 1227 1348 usura
1241 1319 1269 1348 a
1283 1305 1375 1348 suis
1387 1319 1543 1362 passus
1560 1308 1628 1348 est
1642 1305 1881 1356 conueniri,
1903 1323 1941 1359 ¹5

416 1378 719 1432 quantumque
740 1375 787 1416 in
803 1375 900 1432 ipso
921 1374 1010 1417 fuit
1034 1373 1378 1417 amaritudinem
1390 1374 1591 1431 publicae
1608 1374 1881 1419 confusionis

266 1453 349 1494 720
369 1454 399 1484 a
416 1444 595 1501 priuata
655 1443 981 1501 tranquillitate
1039 1444 1279 1501 mitigauit,
1337 1446 1553 1500 oportune
1612 1444 1882 1502 mirificeque

416 1516 608 1557 testatus
651 1528 697 1556 se
747 1527 1028 1556 nummorum
1082 1527 1273 1563 suorum,
1314 1527 1404 1555 non
1445 1512 1589 1556 ciuilis
1639 1514 1881 1571 sanguinis,

416 1598 509 1626 esse
545 1582 850 1626 feneratorem.
913 1582 1030 1624 Nam
1061 1582 1137 1639 qui
1171 1596 1288 1625 nunc
1322 1581 1555 1639 praecipue
1590 1583 1882 1640 negotiationi

416 1652 704 1702 delectantur,
736 1666 836 1694 cum
868 1651 1099 1709 pecuniam
1134 1651 1312 1694 domum
1353 1654 1581 1694 cruentam
1621 1652 1882 1706 retulerunt,
1902 1672 1945 1698 20

417 1736 550 1779 quam
572 1721 862 1778 improbando
886 1721 1092 1764 exultant
1110 1720 1273 1778 gaudio
1293 1724 1566 1778 cognoscent,
1587 1720 1624 1764 si
1646 1721 1884 1779 diligenter

418 1794 598 1833 senatus
618 1790 880 1842 consultum,
901 1805 989 1847 quo
1016 1790 1226 1834 Considio
1253 1790 1424 1848 gratiae
1452 1793 1576 1833 actae
1603 1794 1720 1842 sunt,
1740 1791 1885 1849 legere

418 1874 507 1903 non
548 1859 833 1902 fastidierint.
909 1860 1144 1903 Subnectit
1179 1859 1282 1903 huic
1311 1859 1656 1917 Agrigentinum
1690 1860 1884 1913 Gilliam,

420 1944 549 1987 quem
586 1929 901 1986 propemodum
934 1930 1073 1987 ipsius
1107 1929 1388 1973 liberalitatis
1421 1930 1690 1989 praecordia·
1711 1934 1886 1975 constat

420 1998 639 2041 habuisse.
700 1998 810 2041 Erat
843 1998 1002 2055 opibus
1034 1998 1262 2050 excellens,
1282 1998 1357 2042 sed
1390 1998 1531 2042 multo
1566 2000 1701 2043 etiam
1736 2001 1885 2046 animo
1905 2018 1947 2054 ²³

422 2082 554 2125 quam
590 2067 763 2110 diuitiis
803 2067 1072 2125 locupletior,
1106 2082 1363 2126 semperque
1402 2068 1448 2110 in
1482 2069 1705 2127 eroganda
1738 2070 1888 2128 potius

1231 2172 1276 2199 nul
1288 2171 1330 2199 el-

424 2216 446 2242 2
470 2204 648 2260 karitatis
666 2204 704 2240 M
800 2215 825 2288 ἐ
849 2203 1001 2258 quidem
1037 2205 1140 2243 enim
1158 2205 1189 2242 A
1285 2206 1464 2243 affectum
1482 2206 1536 2243 A:
1562 2206 1739 2244 effectum
1758 2206 1782 2244 S
1867 2220 1890 2258 7

423 2252 600 2289 karitatis
616 2252 666 2288 M¹
682 2254 781 2299 Cyn:
827 2253 978 2289 antus
1022 2252 1035 2273 ²
1121 2264 1164 2290 ιο
1186 2254 1423 2290 annotataM
1497 2254 1690 2292 chateline
1705 2256 1765 2292 OB
1846 2266 1861 2293 1

423 2301 481 2336 sui
495 2299 658 2336 CBASM
748 2302 789 2337 16
814 2300 854 2336 in
870 2302 971 2337 habet
984 2300 1016 2337 A
1029 2313 1141 2347 mary.
1161 2314 1168 2337 z
1186 2313 1254 2338 om.
1267 2300 1444 2338 CBA'SM
1527 2303 1783 2341 amaritudine
1796 2302 1856 2340 CB

474 2431 494 2467 3
519 2423 618 2457 omni
630 2422 768 2468 petenti
784 2422 958 2456 tribuere:
986 2433 1018 2457 v.
1039 2421 1128 2458 Luc.
1146 2421 1194 2457 vi.
1214 2432 1271 2467 30.
1455 2424 1476 2459 8
1501 2425 1549 2459 In
1569 2426 1702 2468 Quinto
1722 2426 1894 2462 comedia

427 2470 518 2506 eta:
556 2468 635 2505 Val.
664 2468 761 2504 Max.
789 2468 835 2504 iv.
867 2471 887 2504 8
916 2468 934 2514 ξ
965 2479 996 2514 3.
1148 2480 1187 2505 12
1218 2471 1422 2506 cumulum:
1448 2469 1505 2507 ita
1538 2471 1684 2508 codices
1718 2472 1893 2517 Ioannisz

427 2517 607 2569 tumulum
625 2515 769 2570 habent
789 2516 1032 2571 (¹12‚20⁸‚2³²Pur‚
1043 2515 1081 2552 C.
1101 2516 1244 2570 Kempf
1258 2516 1295 2552 in
1310 2517 1368 2554 ed.
1386 2517 1669 2573 Teubnerianae
1686 2530 1773 2575 app.
1793 2520 1891 2565 crit.)

427 2563 578 2600 codxccs
607 2563 748 2599 Valet-u
778 2566 1046 2609 unnqmssnm,
1076 2564 1297 2610 quibuscum
1325 2568 1502 2611 congruit
1536 2566 1672 2604 Noster
1704 2570 1820 2604 etiam
1852 2567 1894 2604 in

427 2610 1163 2695 vmf‘z'stz&23:522352'5‘23322029'
1183 2612 1741 2698 ¹⁶⁸⁰¹¹‘¹‚21²‚·.-‘²‘‚7,2¹;‡2³;?;„‘535i3⁸-
1759 2614 1895 2698 ¹⁹⁸⁰?-

426 2708 556 2752 preen'o‘u
576 2707 837 2759 pocaeaefionum
857 2707 1051 2742 deminutis
1075 2684 1153 2742 Val.
1175 2673 1305 2750 Max-²:
1323 2674 1542 2753 gvngtivum
1568 2708 1641 2745 scri
1671 2675 1896 2747 8ἱῦιὶζὲἓῖιὲ

431 2756 474 2789 ut
490 2754 675 2788 cumulum
693 2752 946 2797 mtcllcgeret.
1057 2762 1094 2800 15
1121 2756 1308 2789 conuem'm'
1323 2768 1330 2790 :
1356 2757 1538 2801 appellari
1554 2721 1751 2795 Vahlaax.
1849 2767 1893 2803 23

429 2801 611 2836 Subneceie
630 2804 762 2845 (unque
788 2800 834 2836 ad
858 2801 1071 2844 macedium)
1094 2803 1186 2837 etc.:
1215 2801 1295 2837 Val.
1316 2801 1414 2838 Max.
1432 2802 1477 2840 iv.
1497 2806 1517 2841 8
1535 2805 1610 2841 ext.
1628 2814 1648 2840 2
1669 2805 1896 2851 (Subnectam

430 2851 532 2893 ew).
652 2858 696 2894 23
725 2849 900 2884 Gillium:
930 2846 978 2884 cf.
998 2849 1142 2885 Enthee.
1167 2849 1255 2895 1663
1273 2856 1384 2894 (1000
1398 2854 1453 2897 n).

540 2926 607 2962 ²⁴²
