1988 3250
234 194 357 233 818112

703 188 965 234 IOANNIS
1005 186 1520 233 SARESBERIENSIS
1624 184 1736 246 [ΜΒ.
1751 195 1848 230 vul

373 313 431 355 ad
459 311 616 355 fletum
645 311 883 362 oculorum,
910 310 1145 354 stridorem
1175 309 1390 360 dentium,
1416 308 1633 351 tinnitum
1657 306 1845 356 aurium,

373 386 420 424 et
448 381 598 424 uarias
626 394 854 438 pressuras
884 383 930 423 et
958 394 1095 437 penas
1123 378 1382 430 inferorum,
1413 377 1532 435 apud
1555 391 1666 434 quos
1696 375 1847 446 nullus

375 451 484 496 ordo
504 450 581 494 sed
600 450 894 507 sempiternus
914 450 1071 493 horror
1089 449 1326 492 inhabitat.

375 611 484 670 Cap.
522 623 589 668 25.
620 611 744 666 Quae
782 612 858 655 via
884 611 1158 668 fidelissima
1196 611 1257 654 sit
1296 611 1360 655 ad
1401 610 1679 668 sequendum
1729 607 1850 666 quod

662 681 885 738 Epicurei
913 684 1134 738 appetunt
1163 681 1227 724 vel
1251 681 1547 737 pollicentur.

434 781 693 825 Sententiae
725 786 875 825 tamen
907 797 997 825 non
1028 784 1152 824 struo
1182 780 1480 838 calumpniam
1511 795 1624 838 quae
1655 780 1848 824 beatitu-

374 851 523 894 dinem
556 866 649 894 esse
678 851 843 894 diffinit
876 851 1043 894 laetum
1074 865 1246 907 semper
1276 853 1322 893 et
1351 851 1552 907 quietum
1581 849 1850 907 tranquillae

374 920 495 964 uitae
519 924 710 973 statum3
741 921 817 964 sed
845 920 1212 978 interpretatione
1239 920 1422 964 sinistra
1445 923 1491 964 et
1509 920 1674 963 uitiosa
1692 934 1848 963 execu-

374 990 498 1033 tione
528 990 722 1034 arbitror
751 990 1044 1042 infamatam3
1074 989 1185 1032 adeo
1213 989 1390 1046 quidem
1420 993 1485 1041 ut,
1513 1004 1615 1033 cum
1642 989 1849 1047 Epicurei

375 1059 468 1102 sint
495 1059 689 1117 plurimi,
719 1059 765 1102 id
796 1064 864 1103 est
893 1059 999 1102 uani
1029 1062 1268 1103 sectatores
1295 1059 1553 1116 uoluptatis,
1579 1074 1740 1102 nomen
1766 1059 1850 1103 hoc

374 1129 504 1185 pauci
536 1130 843 1186 profiteantur.
918 1129 1196 1172 Erubescunt
1231 1129 1350 1172 enim
1389 1128 1476 1172 dici
1516 1128 1634 1186 quod
1665 1131 1773 1172 sunt
1803 1131 1850 1172 et

373 1198 598 1255 propriam
628 1199 953 1255 turpitudinem
989 1198 1208 1242 occultare
1238 1198 1448 1241 nituntur
1481 1198 1659 1242 nomine
1693 1198 1850 1248 alieno,

1866 699 1887 733 5

1868 1080 1909 1105 to

375 1267 482 1310 dum
514 1281 617 1311 nom
650 1271 742 1310 tam
775 1268 880 1311 boni
915 1283 1008 1311 esse
1042 1268 1231 1325 cupiunt
1262 1283 1396 1325 quam
1434 1268 1591 1312 uideri.
1651 1267 1701 1311 Si
1740 1281 1848 1311 uero
1906 1295 1909 1299 -

375 1336 631 1380 diffinitioni
659 1337 803 1380 fidelis
832 1338 964 1380 detur
992 1337 1212 1395 interpres
1242 1341 1288 1381 et
1316 1338 1562 1382 sententiae
1593 1337 1848 1381 commodus

375 1410 585 1450 executor
611 1407 688 1464 qui
722 1422 904 1450 manum
936 1411 1132 1464 apponat
1165 1408 1244 1458 ori,
1274 1408 1320 1450 id
1350 1411 1418 1451 est
1447 1408 1524 1465 qui
1555 1407 1694 1451 faciat
1728 1406 1847 1465 quod

374 1480 593 1533 loquetur,
613 1476 749 1519 nichil
770 1477 919 1520 uerius
933 1481 978 1520 et
992 1478 1157 1521 rectius
1172 1477 1290 1534 apud
1312 1477 1512 1521 Stoicum
1525 1480 1572 1520 et
1591 1477 1847 1535 Peripathe-

329 1547 358 1587 d
375 1546 513 1589 ticum
541 1560 646 1596 esse,
666 1546 899 1589 conuinces
919 1561 1029 1603 quos
1048 1547 1106 1589 ad
1135 1550 1180 1590 te
1204 1547 1391 1590 iocundo
1410 1547 1593 1605 grandis
1611 1548 1713 1591 uiae
1732 1561 1847 1591 com-

374 1615 549 1672 pendio,
570 1629 670 1658 cum
690 1616 975 1672 praeceperis,
995 1616 1284 1660 introducam.
1344 1615 1415 1660 Ne
1444 1620 1594 1660 tamen
1620 1616 1759 1660 ullam
1785 1631 1848 1669 eo,

376 1699 464 1741 quo
485 1684 690 1741 Epicurei
709 1684 916 1728 diffinitio
937 1685 1094 1736 tendit,
1114 1685 1235 1728 uiam
1257 1689 1398 1743 putes,
1419 1700 1516 1728 eam
1546 1686 1630 1729 tibi
1654 1686 1702 1729 in
1731 1686 1848 1730 calce

374 1754 478 1797 libri
499 1753 625 1810 quasi
646 1753 694 1796 in
714 1754 801 1797 fine
825 1754 926 1797 uiae
957 1754 1149 1798 conabor
1178 1755 1361 1812 aperire.
1422 1755 1503 1798 Est
1532 1759 1681 1799 autem
1705 1757 1848 1800 ardua

376 1828 422 1866 et
437 1827 548 1873 arta,
563 1823 696 1880 plana
708 1826 858 1866 tamen
875 1827 920 1867 et
935 1827 1055 1867 recta
1070 1824 1359 1881 diligentibus
1376 1825 1531 1876 Deum,
1552 1840 1640 1883 quo
1659 1826 1848 1870 ducente

376 1894 560 1937 docente
580 1896 626 1936 et
645 1893 918 1936 subuehente
939 1908 1027 1937 non
1046 1894 1231 1937 offendit
1260 1894 1360 1951 quis
1388 1895 1446 1937 ad
1476 1894 1668 1952 lapidem
1691 1896 1848 1953 pedem

375 1977 519 2006 suum.
581 1962 682 2019 Ipse
702 1977 893 2020 namque
914 1963 1026 2020 lapis
1045 1964 1298 2007 offensionis
1318 1967 1363 2007 et
1383 1967 1510 2021 petra
1529 1965 1725 2008 scandali
1745 1980 1848 2023 gra·

376 2033 549 2076 dientes
569 2032 615 2074 in
637 2046 683 2075 se
704 2046 813 2088 quos
832 2032 994 2089 accipit
1020 2033 1154 2090 erigit
1183 2036 1228 2076 et
1252 2033 1518 2090 corroborat,
1540 2037 1592 2077 ut
1621 2035 1847 2079 humiliati

378 2103 423 2144 in
444 2116 503 2153 se,
524 2101 571 2143 in
592 2116 643 2144 eo
662 2100 917 2158 gloriantes,
937 2102 1148 2146 audacter
1168 2105 1213 2145 et
1232 2103 1369 2146 libere
1388 2107 1722 2161 praeconentur,
1742 2105 1848 2162 quia

375 2222 398 2255 4
423 2211 472 2247 ad
489 2211 760 2266 assequendum
779 2210 820 2248 8²
836 2213 875 2247 in
895 2213 1012 2248 indice
1196 2221 1214 2259 5
1241 2214 1404 2259 apetunt
1422 2212 1510 2249 CBS
1655 2213 1734 2260 uel]
1753 2215 1796 2251 ut
1813 2213 1846 2250 B

374 2262 397 2295 6
422 2258 652 2296 calumniam
671 2258 698 2295 G
841 2270 864 2305 9
888 2259 1065 2306 epycurei
1083 2259 1115 2294 A
1250 2262 1292 2297 16
1316 2263 1488 2306 stoycum
1505 2259 1602 2298 CBA
1727 2262 1782 2307 16,
1803 2271 1846 2307 17

375 2306 681 2353 perypateticum
707 2306 756 2343 C:
794 2307 1075 2354 perpatetioum
1106 2306 1183 2344 BS:
1207 2308 1542 2355 perhypateticum
1567 2309 1601 2344 A
1802 2320 1847 2357 19
1907 2335 1910 2338 >

376 2354 553 2400 epycurei
572 2354 599 2390 C
745 2363 784 2389 21
814 2356 853 2391 et
872 2357 977 2391 recta
993 2368 1061 2391 om.
1080 2356 1111 2391 Α
1255 2365 1296 2403 25
1323 2356 1529 2394 aucdacter
1547 2355 1578 2391 A
1910 2357 1913 2362 '

426 2462 439 2488 1
469 2453 645 2487 tinnitum
663 2454 836 2487 aum'um:
861 2464 892 2487 v.
913 2452 1046 2490 Ierem.
1067 2452 1140 2489 xix.
1162 2464 1193 2498 3.
1401 2464 1435 2498 2,
1455 2465 1474 2499 3
1500 2455 1628 2491 nullm
1644 2456 1729 2491 ordo
1747 2457 1845 2492 eto:

375 2498 441 2535 Iob
459 2510 497 2535 x.
518 2509 572 2535 22.
743 2500 767 2535 6
792 2501 994 2536 Sententiae
1010 2504 1103 2538 ete:
1132 2501 1240 2537 Hanc
1258 2501 1525 2539 definitionem
1541 2502 1704 2539 totidem
1721 2502 1845 2540 verbis

374 2546 558 2593 scriptam
584 2557 767 2592 nusquam
795 2546 946 2589 inveni;
973 2548 1019 2584 cf.
1047 2548 1130 2584 Son.
1158 2550 1257 2584 Do'al.
1285 2548 1347 2585 vii.
1378 2557 1418 2596 15
1445 2548 1464 2597 ξ
1489 2561 1522 2586 2.
1715 2559 1754 2597 15
1781 2552 1846 2597 qui

374 2606 523 2629 manum
549 2596 644 2630 etc.:
670 2606 702 2630 v.
730 2593 795 2629 lob
821 2595 946 2632 xxxix.
968 2606 1012 2642 34
1036 2609 1185 2631 mmmm
1209 2610 1323 2632 meam
1345 2609 1482 2643 ponam
1506 2609 1617 2643 smper
1640 2608 1679 2634 os
1703 2609 1842 2643 meum;

374 2654 486 2687 quem
503 2641 626 2678 locum
641 2644 770 2678 tamen
787 2641 900 2678 aliter
915 2643 1188 2690 interpretatur
1201 2644 1368 2681 Joannes
1381 2656 1493 2691 quam
1509 2643 1722 2691 Gregorius,
1735 2644 1844 2682 cuius

373 2689 486 2726 verbu,
513 2689 796 2734 subiungimus:
839 2691 994 2726 Manum
1021 2704 1063 2726 su
1093 2704 1132 2725 aer
1154 2703 1192 2726 os
1220 2703 1354 2738 ponere
1380 2697 1430 2728 est
1454 2694 1589 2728 uir-tute
1615 2693 1700 2729 bom·
1726 2696 1846 2739 operis

374 2738 501 2782 culpan
517 2742 628 2781 team
645 2738 811 2773 incautae
827 2738 1018 2775 locutionis
1038 2740 1049 2785 (
1099 2738 1184 2784 igne
1205 2740 1242 2774 P.
1262 2741 1305 2775 L.
1324 2738 1437 2776 lxxvi.
1457 2739 1556 2784 634).
1699 2750 1744 2776 22
1770 2752 1844 2777 non

373 2786 521 2829 offendit
538 2787 633 2821 ete:
659 2796 690 2820 v.
709 2784 766 2821 Pu.
788 2797 842 2821 xc.
870 2795 921 2822 12.
1095 2797 1137 2833 ²3
1164 2788 1248 2834 Ipse
1264 2788 1361 2824 etet
1386 2798 1434 2824 sc.
1457 2785 1651 2831 Christum
1677 2786 1748 2824 Ina.
1767 2787 1845 2825 viii.

378 2842 420 2877 ¹4
436 2844 446 2875 ;
473 2832 577 2869 Rom.
597 2831 647 2868 ix.
665 2841 732 2879 333
763 2843 776 2869 ι
800 2833 897 2869 l’etr.
918 2832 957 2871 ii.
977 2834 1009 2870 8.

483 2905 550 2947 4⁹18

1867 1424 1908 1461 ¹5

1866 1775 1909 1799 20

1866 2121 1908 2157 ⁸5
