1988 3250
122 211 222 246 σΔΡ.
236 197 348 259 xm]
640 198 1043 244 POLICRATICV
1045 199 1078 243 S

121 321 270 365 omnia
293 328 541 378 temporum
567 322 792 363 momenta
811 319 868 362 ad
887 317 1216 376 percipiendam
1236 321 1283 362 et
1302 318 1591 362 exercendam

123 389 371 434 doctrinam
391 389 634 440 conferens,
655 389 836 446 ignotus
855 387 921 430 illi
941 388 1042 430 urbi
1063 387 1193 438 uixit,
1218 387 1335 444 quod
1363 388 1457 444 ipse
1484 402 1591 444 quo-

122 459 224 503 dam
251 458 475 502 uolumine
501 461 693 501 testatus
722 461 800 501 est.
861 456 1017 501 Crates
1046 471 1220 513 quoque
1244 456 1319 499 ille
1343 457 1592 507 Thebanus,

121 529 315 587 proiecto
343 528 391 570 in
422 541 543 570 mare
577 541 667 570 non
702 541 842 584 paruo
870 526 969 569 auri
999 525 1216 583 pondere:
1256 525 1402 576 Abite‚
1432 526 1592 582 inquit,

86 616 105 651 5
122 612 297 656 pessum
316 597 458 640 malae
477 596 755 654 cupiditates,
776 611 857 653 ego
881 610 962 638 uos
991 610 1189 652 mergam
1219 610 1276 638 ne
1302 596 1396 652 ipse
1416 609 1593 651 mergar

122 682 150 711 a
168 667 307 710 uobis.
368 666 456 709 Sed
477 668 522 708 et
541 666 845 722 Anaxagoras,
870 677 970 708 cum
991 679 1019 707 a
1038 664 1214 707 diutina
1237 663 1593 722 peregrinatione

121 735 311 795 patriam
341 735 572 792 repetisset
602 734 981 792 possessionesque
1011 734 1207 777 desertas
1237 733 1449 776 uidisset:
1490 733 1594 776 Non

123 819 272 858 essem,
298 804 457 861 inquit,
481 819 562 862 ego
589 804 751 855 saluus,
772 804 858 846 nisi
889 803 1001 846 istae
1028 803 1258 860 perissent.
1319 803 1592 846 Socraticum

123 874 268 918 fertur
297 874 523 917 oraculum
558 874 779 916 neminem
814 872 1078 930 locupletem
1109 871 1313 916 futurum
1345 876 1398 915 ut
1427 872 1595 922 doceat,

66 953 108 986 ἰο
123 943 210 986 nisi
230 958 276 986 se
296 943 352 986 ad
380 942 636 986 discendum
661 957 900 1000 pauperem
929 945 974 985 et
1001 957 1189 999 egenum
1217 941 1395 994 credat;
1423 956 1596 998 semper

123 1012 242 1057 enim
280 1012 551 1056 discentibus
589 1012 720 1070 plura
759 1012 948 1055 deerunt
986 1026 1099 1069 quae
1139 1012 1255 1055 scitu
1291 1011 1482 1055 iocunda
1515 1014 1596 1054 aut

125 1081 372 1126 necessaria
409 1085 527 1126 sunt.

196 1151 377 1194 Terram
411 1151 602 1194 alienam
643 1150 923 1208 philosophia
952 1149 1096 1208 exigit
1135 1153 1181 1193 et
1211 1164 1337 1193 suam
1369 1150 1595 1193 interdum

125 1220 314 1264 alienam
335 1219 455 1271 facit,
475 1220 610 1263 immo
636 1220 826 1263 alienam
855 1219 966 1263 facit
992 1235 1130 1271 suam,
1155 1223 1202 1263 et
1231 1220 1355 1262 nullo
1383 1235 1595 1276 umquam

68 1307 108 1342 ¹⁵
125 1292 342 1348 grauatur
366 1290 510 1333 exilio.
572 1290 668 1334 Hoc
699 1294 767 1333 est
797 1290 914 1347 quod
944 1290 1206 1333 domesticas
1237 1293 1283 1332 et
1307 1304 1419 1346 quae
1449 1289 1596 1332 carnis

125 1362 231 1404 sunt
273 1360 416 1417 abigit
458 1360 779 1403 sollicitudines
827 1363 879 1403 ut
929 1360 1070 1410 homo,
1100 1362 1224 1402 totus
1271 1359 1597 1416 quodammodo

125 1443 278 1472 uersus
323 1429 371 1472 in
420 1429 639 1486 spiritum,
680 1444 810 1472 omne
862 1429 981 1486 quod
1041 1428 1285 1486 sapientiae
1344 1428 1595 1486 profectum

124 1498 321 1557 impedit,
348 1501 524 1556 reputet
553 1498 775 1551 alienum3
816 1498 981 1555 ubique
1011 1502 1163 1541 tamen
1193 1498 1312 1540 domi
1349 1502 1395 1541 et
1430 1498 1595 1554 ubique

125 1567 173 1611 in
211 1568 368 1626 patria,
402 1568 507 1625 quia
540 1568 705 1625 ubique
739 1567 934 1611 locorum
966 1567 1086 1625 apud
1118 1583 1164 1610 se
1197 1572 1242 1610 et
1276 1568 1440 1624 ubique
1474 1567 1594 1624 apud

69 1661 113 1686 ,ο
128 1638 390 1695 sapientiam
410 1642 716 1682 commoratur.
778 1638 836 1681 Et
857 1637 973 1680 forte
1000 1638 1086 1681 huc
1107 1638 1407 1695 patriarcham
1429 1638 1597 1680 inuitat

126 1707 355 1758 Dominus,
389 1706 495 1750 dum
527 1722 627 1750 eum
661 1707 782 1751 exire
817 1707 871 1750 de
906 1711 1027 1750 terra
1058 1711 1104 1750 et
1139 1707 1193 1750 de
1225 1708 1487 1764 cognatione
1517 1721 1598 1749 sua

126 1777 350 1834 praecipit,
375 1779 428 1820 ut
459 1777 507 1819 in
542 1777 897 1834 peregrinatione
932 1777 1164 1834 proficiens
1197 1777 1520 1834 multiplicetur
1550 1777 1598 1819 in

125 1848 302 1903 gentem
322 1860 528 1904 magnam
555 1846 783 1903 ipsamque
813 1849 979 1889 terram
1007 1845 1216 1902 adquirat
1246 1845 1437 1889 feliciter
1463 1861 1598 1903 quam

128 1915 350 1972 relinquit,
377 1915 483 1957 dum
510 1915 567 1958 ad
598 1915 875 1958 uocationem
904 1915 1148 1972 sapientiae
1172 1915 1321 1958 omnia
1349 1930 1461 1972 quae
1492 1919 1598 1958 sunt

71 2003 112 2038 ²5
129 1984 352 2027 mundana
370 1984 655 2041 contempnit.
715 1984 945 2042 Siquidem
976 1985 1122 2028 uirtus
1152 1985 1376 2028 modestae
1406 2000 1597 2042 pauper-

127 2053 235 2096 tatis
273 2053 482 2096 exercitio
520 2054 676 2097 crescit
714 2057 761 2097 et
795 2053 1014 2097 fortitudo
1049 2054 1225 2098 facilius
1256 2054 1429 2097 diuitiis
1464 2069 1598 2111 quam

127 2121 350 2165 laboribus
388 2131 681 2180 expugnatur.
753 2123 841 2176 Qui
872 2138 978 2166 uero
1008 2124 1055 2165 in
1085 2124 1347 2180 cognatione
1378 2128 1598 2180 tempora-

127 2189 248 2241 lium,
279 2190 439 2247 quibus
475 2191 796 2248 quodammodo
828 2192 1055 2248 ingenitus
1088 2195 1166 2242 est,
1202 2193 1357 2249 pedem
1394 2193 1462 2234 sui
1498 2193 1599 2250 figit

129 2258 322 2310 affectus,
350 2259 489 2303 seruit
524 2262 569 2303 et
603 2261 851 2303 minoratur
885 2263 930 2303 et
960 2261 1055 2303 iure
1085 2261 1270 2304 dominii
1302 2261 1492 2305 feliciter
1521 2262 1598 2304 ad-

71 2346 116 2382 ³0
131 2327 368 2384 quiruntur
387 2329 533 2372 omnia
554 2344 666 2386 quae
685 2330 841 2372 mundi
860 2330 1005 2374 cordis
1024 2331 1255 2374 affectione
1282 2331 1408 2388 quasi
1436 2332 1599 2375 mentis

131 2425 153 2460 8
179 2435 248 2466 ego
266 2424 392 2470 inquit
413 2425 452 2459 Αι
571 2437 593 2472 9
618 2423 804 2473 futurum]
825 2427 906 2464 fieri
923 2427 963 2463 M
1078 2438 1116 2465 11
1147 2428 1262 2473 scitu]
1280 2429 1380 2466 fertu
1395 2429 1434 2466 M
1555 2441 1597 2476 13

130 2470 379 2518 phylosophia
396 2472 436 2508 M
583 2483 621 2520 15
642 2481 726 2520 post
742 2475 966 2512 domesticas
982 2488 1050 2512 om.
1067 2479 1106 2513 et
1122 2475 1254 2512 C²AM¹

178 2563 200 2599 3
228 2554 350 2590 Crates
377 2556 470 2590 etc.:
506 2555 657 2591 Hieron.
683 2557 763 2591 adv.
791 2557 905 2592 Iovin.
936 2556 976 2593 ii.
1003 2567 1026 2603 9
1056 2556 1201 2604 (Migne
1226 2559 1267 2595 P.
1293 2559 1336 2593 L.
1365 2557 1470 2593 xxiii.
1498 2558 1596 2603 298).

131 2600 155 2636 6
179 2612 260 2636 cum
275 2612 299 2635 a
314 2602 460 2637 diutina
476 2603 568 2638 etc.:
593 2602 676 2638 VaL
695 2602 798 2639 Max.
814 2603 890 2639 viii.
909 2613 940 2649 7,
959 2606 1036 2640 ext.
1051 2606 1088 2642 6.
1277 2607 1310 2648 8,
1329 2615 1352 2651 9
1376 2607 1599 2642 Socraticum

131 2648 339 2701 oraculum-z
364 2647 411 2684 cf.
429 2648 510 2685 val.
531 2649 628 2686 Max.
647 2649 710 2685 vii.
730 2660 762 2693 2,
780 2653 856 2687 ext.
877 2661 906 2687 1.
1098 2662 1121 2698 9
1146 2654 1325 2687 neminem
1342 2655 1436 2688 etc.:
1462 2665 1497 2688 v.
1514 2653 1598 2689 Val.

133 2693 234 2730 Max.
260 2705 340 2730 vui.
367 2703 401 2739 7,
426 2698 500 2732 ext.
532 2698 565 2733 8.
740 2708 780 2742 13
810 2699 959 2734 Terram
987 2701 1082 2736 etc.:
1109 2699 1167 2735 Ad
1194 2705 1329 2735 terram
1357 2702 1517 2735 alienam
1548 2704 1596 2746 (v.

131 2751 244 2786 supra
260 2742 332 2778 666
347 2743 391 2786 D)
410 2742 559 2780 transit.
708 2745 750 2781 18
775 2746 901 2791 ubique
918 2747 992 2799 etc.
1007 2758 1017 2782 :
1044 2746 1169 2783 Multa.
1186 2745 1281 2782 talia
1298 2748 1400 2792 apud
1418 2747 1599 2784 Senecam

134 2787 326 2834 leguntur,
338 2788 413 2842 hoc
430 2790 561 2827 tamen
575 2789 701 2837 ipsum
717 2802 795 2828 non
812 2804 973 2840 repperi.
1161 2804 1208 2830 20
1226 2796 1481 2840 patriarcham
1498 2797 1569 2832 etc.
1587 2806 1596 2831 :

132 2846 168 2873 v.
186 2835 280 2872 Gen.
295 2835 360 2873 xi1.
380 2846 395 2873 1
410 2846 510 2883 seqq.

1411 2922 1472 2957 151

1610 201 1701 249 669
1722 207 1749 239 c

1610 600 1639 640 d

1611 1570 1698 1620 670
1720 1579 1751 1608 a
