1988 3250
105 221 211 254 mr.
225 207 340 270 vm]
645 207 1049 254 POLICRATICV
1051 209 1084 253 S
1601 218 1692 260 599
1713 218 1737 249 e

111 344 226 387 quae
260 329 534 388 praeceperit,
563 329 781 386 princeps,
814 342 1060 386 numquam
1091 328 1343 372 deserturos
1375 329 1584 372 militiam

111 396 184 440 uel
218 399 407 440 mortem
445 399 724 440 recusaturos
762 410 844 453 pro
882 410 931 438 re
970 394 1148 452 publica
1181 396 1307 439 cuius
1342 400 1448 439 sunt
1482 411 1585 440 con-

110 465 266 523 scripti
292 465 491 508 militiae.
550 463 664 509 Cum
689 479 796 507 uero
822 464 904 508 hoc
930 464 1237 522 praestiterint
1262 465 1586 516 iusiurandum,

111 534 290 591 cingulo
309 533 494 576 militari
514 533 740 577 donantur
759 536 805 576 et
829 533 1088 590 priuilegiis.
1148 533 1359 590 Adeoque
1388 534 1586 590 optinuit

74 620 94 655 5
111 605 165 646 ut
183 602 339 646 electio
357 605 404 646 et
422 605 747 646 sacramentum
767 602 955 645 militem
972 601 1181 652 facerent,
1197 605 1250 644 ut
1263 602 1359 644 sine
1375 602 1587 646 electione

111 686 242 715 nemo
270 672 621 716 conscriberetur
644 674 724 715 aut
751 671 932 722 iuraret,
959 671 1055 715 sine
1079 672 1330 715 iuramento
1353 686 1483 714 nemo
1510 687 1587 715 no-

111 756 214 785 men
234 741 390 784 militis
411 745 492 784 aut
511 741 702 784 officium
722 741 968 784 sortiretur.

171 811 229 855 In
249 811 363 854 libro
383 810 639 854 Officiorum
660 810 838 853 Marcus
858 810 1031 853 Tullius
1052 809 1193 853 refert
1212 810 1330 867 quod
1346 810 1588 867 Pompilius
1608 811 1638 852 d

112 881 356 938 imperator
374 880 556 923 tenebat
575 879 850 937 prouinciam
878 880 926 922 in
946 879 1072 922 cuius
1093 879 1293 923 exercitu
1314 879 1433 922 filius
1454 878 1588 923 Cato-

55 968 96 996 ιο
113 950 184 994 nis
209 949 296 994 tiro
323 949 558 993 militabat.
618 948 733 993 Cum
763 951 915 992 autem
947 948 1163 1006 Pompilio
1193 949 1424 992 uideretur
1453 963 1589 991 unam

112 1019 339 1063 dimittere
378 1019 608 1076 legionem,
638 1017 823 1062 Catonis
853 1032 1028 1075 quoque
1058 1018 1213 1068 filium,
1244 1018 1321 1075 qui
1358 1018 1406 1060 in
1437 1018 1591 1061 eadem

113 1089 287 1147 legione
324 1088 560 1139 militabat,
591 1087 772 1131 dimisit.
845 1087 934 1130 Sed
964 1101 1065 1131 cum
1096 1102 1248 1131 amore
1280 1088 1510 1145 pugnandi
1543 1088 1591 1131 in

113 1158 313 1203 exercitu
334 1157 628 1209 remansisset,
644 1156 758 1201 Cato
777 1156 835 1200 ad
853 1157 1119 1214 Pompilium
1140 1157 1318 1214 scripsit
1333 1162 1396 1208 ut,
1412 1158 1450 1200 si
1467 1160 1592 1215 pate-

114 1231 240 1272 retur
259 1227 307 1270 in
323 1227 522 1271 exercitu
542 1241 781 1278 remanere,
797 1241 898 1269 eum
914 1226 1107 1269 secundo
1126 1226 1296 1284 obliget
1316 1231 1593 1270 sacramento

57 1317 98 1354 ιδ
115 1297 233 1355 quia,
247 1297 393 1355 priore
413 1296 587 1347 amisso,
603 1296 699 1339 iure
719 1310 819 1339 cum
841 1296 1044 1339 hostibus
1064 1310 1268 1353 pugnare
1288 1311 1378 1339 non
1400 1300 1592 1353 poterat.

173 1366 314 1410 Marci
353 1366 532 1424 quidem
573 1364 758 1410 Catonis
797 1365 916 1408 senis
957 1365 1145 1423 epistola
1185 1369 1254 1408 est
1292 1365 1349 1408 ad
1391 1366 1592 1409 Marcum

113 1436 256 1480 filium
277 1435 325 1479 in
345 1450 435 1493 qua
453 1435 608 1479 scribit
627 1449 674 1479 se
700 1435 877 1478 audisse
904 1450 1005 1478 eum
1037 1434 1207 1478 factum
1235 1435 1468 1478 dimissum
1500 1450 1594 1479 esse

115 1521 144 1550 a
181 1505 371 1556 consule,
404 1520 505 1549 cum
546 1505 593 1548 in
633 1505 892 1548 Macedonia
932 1505 1047 1548 bello
1089 1505 1262 1548 Persico
1301 1506 1428 1548 miles
1467 1509 1596 1549 esset.

116 1575 271 1619 Monet
289 1575 431 1633 igitur
449 1579 503 1618 ut
528 1578 686 1618 caueat
713 1589 768 1618 ne
795 1574 1013 1632 praelium
1041 1574 1185 1626 ineat;
1216 1578 1353 1631 negat
1382 1575 1500 1617 enim
1525 1575 1596 1618 ius

0 1659 4 1674 ⁴
54 1663 101 1690 σο
117 1658 213 1688 esse
239 1658 340 1688 cum
366 1644 494 1687 hoste
522 1658 723 1701 pugnare
753 1643 830 1700 qui
860 1643 987 1686 miles
1016 1658 1106 1686 non
1136 1643 1207 1686 sit.
1268 1643 1377 1687 Ecce
1398 1644 1504 1701 quia
1524 1644 1596 1687 uir

115 1713 470 1772 sapientissimus
501 1713 690 1757 militem
722 1727 811 1756 non
847 1713 1055 1756 credebat
1084 1713 1171 1756 nisi
1202 1728 1304 1756 eum
1340 1714 1417 1771 qui
1450 1729 1593 1757 sacra—
1612 1716 1702 1755 600
1723 1724 1753 1754 a

115 1787 268 1828 mento
296 1783 355 1827 ad
383 1783 592 1827 militiam
621 1786 916 1827 consecratur.

118 1915 227 1974 Cap.
257 1915 296 1960 8.
339 1914 590 1959 Amatam
618 1914 845 1958 militiam
874 1914 937 1958 ad
967 1913 1236 1971 reliyio‘ne‘m
1263 1929 1316 1958 ex
1345 1913 1597 1958 necessitate

233 1984 391 2036 teneri,
428 1984 543 2028 sica
582 1983 719 2027 illam
757 1997 872 2040 quae
911 1983 968 2027 in
1008 1984 1121 2027 clero
1159 1984 1346 2027 diuinis
1377 1983 1597 2040 obsequiis

0 2084 2 2086 -
60 2073 103 2109 ²5
233 2057 542 2104 memoratur,-
571 2057 608 2096 et
631 2053 752 2110 quod
778 2052 906 2096 ‘miles
925 2052 1043 2097 sicut
1068 2053 1252 2096 honoris
1276 2053 1346 2097 ita
1370 2058 1410 2097 et
1430 2054 1598 2098 laboris

234 2138 403 2168 ‘nomen
422 2127 494 2166 est.

177 2203 265 2248 Sed
285 2203 425 2262 ipsius
444 2202 684 2246 iuramenti
705 2202 843 2246 uerba
863 2202 1055 2252 reuolue,
1077 2205 1123 2246 et
1150 2202 1351 2247 inuenies
1378 2206 1598 2247 armatam

119 2273 326 2317 militiam
346 2287 436 2316 non
455 2272 604 2316 minus
631 2287 765 2330 quam
793 2272 1071 2330 spiritualem
1096 2287 1153 2315 ex
1180 2273 1441 2317 necessitate
1468 2274 1600 2317 officii

0 2399 2 2403 y
121 2342 179 2391 ad
201 2343 459 2400 religionem
489 2345 534 2385 et
558 2341 642 2384 Dei
673 2341 843 2384 cultum
873 2341 1024 2392 artari,
1045 2356 1145 2384 cum
1169 2342 1362 2385 fideliter
1381 2346 1425 2386 et
1446 2358 1599 2386 secun-

0 2416 5 2458 ς
39 2433 107 2469 '⁸0
122 2412 228 2456 dum
260 2412 405 2456 Deum
439 2410 631 2470 principi
660 2411 876 2454 debeatur
910 2411 1170 2468 obsequium
1206 2414 1252 2454 et
1292 2412 1356 2455 rei
1396 2413 1599 2470 publicae

121 2482 311 2540 peruigil
345 2482 602 2525 famulatus.
676 2480 820 2532 Vnde,
854 2480 971 2538 quod
1006 2481 1222 2538 praedixi,
1253 2482 1329 2539 qui
1360 2497 1440 2525 nec
1471 2482 1599 2525 electi

121 2553 228 2594 sunt
246 2566 326 2595 nec
345 2550 495 2602 iurati,
515 2550 599 2594 etsi
619 2549 815 2593 militum
836 2549 1014 2592 nomine
1041 2554 1317 2601 censeantur,
1338 2566 1427 2594 non
1458 2551 1601 2608 magis

121 2671 145 2706 4
169 2659 338 2697 obtinuit
354 2659 395 2696 M
540 2660 583 2697 18
599 2658 640 2695 in
655 2670 723 2696 om.
741 2657 865 2696 GBAs

169 2765 451 2819 4-prim'leyit‘sf
494 2774 656 2810 quorum
689 2761 898 2816 praecipua
934 2774 982 2799 ea
1013 2765 1125 2799 erant
1159 2774 1257 2809 quae
1292 2763 1340 2800 ad
1373 2764 1598 2818 testamenti

121 2810 329 2848 factionem
345 2811 590 2858 pertmebat5
614 2822 647 2845 v.
665 2808 751 2856 Dig.
769 2821 868 2846 xxix.
892 2820 920 2845 1.
1066 2812 1087 2846 8
1111 2811 1315 2857 Pompilius
1331 2813 1427 2849 etc.:
1454 2813 1530 2848 Cic.
1556 2814 1599 2848 de

124 2861 192 2905 Off
208 2858 235 2895 i.
255 2869 294 2896 11
315 2858 334 2906 ξ
353 2859 412 2905 36.
560 2857 602 2895 ι6
626 2858 748 2894 Marci
762 2860 861 2894 etc-2
886 2856 963 2894 Cic.
981 2858 1026 2893 de
1043 2859 1111 2902 Off.
1128 2856 1154 2893 i.
1175 2868 1214 2895 11
1237 2857 1255 2905 ξ
1273 2868 1331 2904 37.

1443 2923 1483 2947 21
