1988 3250
148 226 251 262 m.
266 214 316 276 v]
672 214 1111 261 PomcRA'movs
1633 218 1721 267 643
1738 215 1769 256 e
1841 177 1846 183 ’

151 335 338 381 dicebat.
399 336 517 380 Huic
556 336 765 380 successit
802 335 1139 378 Anaximander
1177 336 1272 379 eius
1311 337 1500 387 auditor,
1541 335 1618 393 qui

150 406 472 450 Anaximenem
493 405 758 463 discipulum
779 405 960 462 reliquit
980 408 1025 448 et
1045 419 1348 449 successorem.
1398 405 1619 462 Diogenes

151 490 324 533 quoque
345 476 539 519 eiusdem
560 475 739 518 auditor
758 474 922 524 extitit,
943 477 989 517 et
1009 475 1301 531 Anaxagoras
1322 475 1398 531 qui
1419 475 1617 518 omnium

148 559 297 589 rer-um
336 560 446 603 quas
475 545 678 588 uidemus
707 544 954 587 effectorem
994 543 1199 586 diuinum
1228 544 1427 586 animum
1457 544 1618 587 docuit.

108 631 132 667 ὅ
152 614 206 658 Ei
220 615 428 659 successit
442 615 621 658 auditor
635 614 729 657 eius
745 613 1000 663 Archelaus,
1014 613 1140 656 cuius
1156 613 1399 670 discipulus
1415 613 1618 656 Socrates

150 683 287 728 fuisse
306 685 574 742 perhibetur,
590 684 803 741 magister
823 682 1032 732 Platonis,
1053 682 1129 739 qui
1151 685 1264 725 teste
1285 682 1474 740 Apuleio
1494 682 1619 739 prius
1638 687 1724 736 644
1746 698 1776 726 a

149 753 404 802 Aristotiles
423 754 569 797 dictus
589 757 656 797 est
675 753 751 796 sed
772 752 930 796 deinde
951 767 978 795 a
999 752 1237 795 latitudine
1263 752 1452 810 pectoris
1481 751 1619 801 Plato,

150 825 196 866 et
227 823 275 866 in
309 825 482 866 tantam
515 822 801 866 eminentiam
835 821 1139 879 philosophiae
1174 824 1220 864 et
1259 822 1412 879 uigore
1451 820 1619 878 ingenii

151 895 197 936 et
216 892 354 936 studii
375 893 584 936 exercitio
605 895 651 936 et
670 892 790 936 omni
811 906 984 934 morum
1005 894 1242 934 uenustate
1262 891 1424 948 eloquii
1446 904 1621 948 quoque

0 942 11 994 Ᾰ
26 982 45 998 w
93 977 135 1004 ιο
150 962 373 1006 suauitate
393 965 439 1006 et
458 962 584 1020 copia
603 962 841 1005 subuectus
857 964 925 1004 est
939 964 991 1003 ut
1011 961 1138 1017 quasi
1159 961 1206 1004 in
1227 964 1357 1004 trono
1377 960 1622 1017 sapientiae

150 1031 345 1076 residens
373 1036 607 1090 praecepta
637 1032 827 1089 quadam
849 1031 1115 1074 auctoritate
1135 1031 1259 1074 uisus
1289 1031 1349 1074 sit
1373 1034 1466 1074 tam
1497 1034 1620 1072 ante-

151 1101 394 1146 cessoribus
425 1117 557 1159 quam
593 1101 914 1145 successoribus
954 1100 1227 1158 philosophis
1259 1101 1488 1158 imperare.
1563 1099 1622 1142 Et

151 1171 320 1229 primus
350 1171 527 1229 quidem
558 1171 761 1214 Socrates
788 1171 1042 1214 uniuersam
1063 1170 1388 1227 philosophiam
1410 1169 1467 1212 ad
1487 1169 1620 1213 corri-

150 1240 316 1299 gendos
356 1241 763 1298 componendosque
803 1255 947 1283 mores
984 1240 1159 1283 flexisse
1200 1243 1485 1291 memoratur,
1520 1254 1620 1282 cum

94 1323 133 1357 ¹5
151 1313 256 1354 ante
286 1310 412 1354 illum
447 1325 598 1354 omnes
637 1310 829 1368 phisicis,
859 1310 904 1353 id
937 1314 1005 1353 est
1037 1310 1168 1353 rebus
1200 1309 1491 1358 naturalibus,
1524 1323 1621 1365 per-

151 1380 400 1425 scrutandis
428 1380 670 1423 maximam
701 1395 878 1438 operam
910 1380 1127 1423 dederint.
1198 1379 1337 1422 Probe
1367 1378 1546 1436 quidem
1577 1383 1623 1421 et

152 1450 384 1508 sapienter,
419 1464 519 1494 cum
551 1450 608 1493 ad
639 1450 882 1493 utilitatem
914 1464 1039 1492 suam
1070 1453 1274 1506 oporteat
1303 1449 1452 1492 omnia
1483 1452 1621 1491 retor-

153 1519 278 1578 queri
299 1534 542 1578 parumque
563 1519 704 1577 prosit
729 1519 905 1562 nouisse
930 1534 1063 1576 opera
1084 1519 1179 1569 Dei,
1201 1534 1313 1576 quae
1340 1522 1446 1561 sunt
1473 1518 1622 1560 omnia

151 1589 281 1634 ualde
310 1589 427 1632 bona
455 1593 501 1633 et
530 1588 730 1634 Creatori
758 1604 839 1632 suo
865 1592 1184 1646 consequenter
1210 1588 1384 1638 similia,
1408 1588 1494 1630 nisi
1523 1587 1622 1644 quis
1639 1589 1668 1627 b

94 1677 139 1703 eo
154 1658 202 1703 id
227 1659 459 1717 praecipue
479 1663 585 1717 agat
604 1674 660 1702 ne
681 1659 774 1717 ipse
795 1659 856 1703 sit
876 1659 1029 1702 malus.
1092 1658 1321 1702 Praeclara
1341 1657 1482 1714 igitur
1501 1657 1623 1700 uitae

154 1728 395 1786 mortisque
410 1728 532 1772 fama
552 1729 747 1773 Socratis
766 1729 1071 1786 philosophiae
1086 1743 1191 1771 suae
1208 1728 1389 1784 reliquit
1409 1727 1624 1784 plurimos

152 1801 389 1842 sectatores
418 1798 494 1855 qui
524 1799 681 1856 partiti
711 1802 817 1842 sunt
846 1799 985 1842 uerba
1010 1792 1110 1841 ⁸eius
1140 1798 1186 1840 in
1218 1798 1366 1840 uarias
1397 1801 1537 1840 sectas
1567 1796 1623 1839 de

134 1895 136 1898 >
153 1868 314 1926 quibus
332 1868 379 1910 in
399 1868 685 1925 sequentibus
705 1883 846 1926 pauca
865 1868 1080 1911 dicentur.
1142 1867 1278 1910 Porro
1298 1871 1450 1910 tantae
1472 1866 1622 1908 multi-

153 1937 323 1981 tudinis
365 1937 671 1980 dissidentiam
711 1937 839 1980 Plato
885 1952 973 1994 qua
1016 1936 1322 1994 praeminebat
1357 1935 1623 1978 auctoritate

97 2025 139 2060 ²5
155 2006 354 2050 cohibuit
382 2008 428 2049 et
456 2006 504 2049 in
533 2021 579 2050 se
609 2007 902 2050 attentionem
932 2007 1130 2049 omnium
1162 2006 1332 2048 diutius
1362 2005 1624 2062 prouocauit

154 2078 200 2119 et
219 2076 376 2119 tenuit.
437 2075 554 2119 Sunt
574 2076 650 2134 qui
672 2076 900 2120 Platonem
921 2077 1104 2120 credant
1123 2091 1212 2118 non
1237 2075 1460 2118 Aristonis
1480 2074 1623 2117 filium

154 2144 232 2188 sed
257 2145 510 2203 augustiore
536 2149 749 2203 conceptu
776 2149 933 2189 natum
954 2161 1005 2189 eo
1030 2146 1148 2203 quod
1168 2145 1389 2203 Apollinis
1413 2144 1624 2201 figuratio

156 2259 178 2297 7
203 2250 355 2299 deinde]
371 2252 522 2289 demum
539 2252 585 2289 Αι
681 2264 704 2289 a
720 2250 942 2296 latitudine]
960 2251 1167 2288 altitudine
1185 2250 1223 2286 S¹
1324 2261 1366 2304 30
1390 2249 1531 2285 throno
1543 2248 1622 2303 ’ΒΜ

158 2307 202 2336 12
226 2298 526 2354 phylosophis-M
565 2347 573 2355 ·
624 2310 666 2346 ¹3
683 2299 975 2354 phylosophiam
989 2299 1027 2334 M
1125 2309 1170 2344 23
1188 2309 1310 2344 pauca.
1322 2309 1362 2332 in
1379 2297 1626 2351 sequentibus

155 2345 200 2429 ia
345 2348 402 2415 ·²⁶
426 2347 594 2430 ³¹8⁸¹⁵³d¹⁸
610 2347 665 2383 ¹³²
691 2347 752 2384 ¹¹⁸¹
769 2347 1047 2431 ariffiffifflg
1066 2346 1097 2382 Β
1116 2344 1624 2430 Μαζφὲαἳῗῃῗῗὲἲέἐῖῗῗέ

158 2405 847 2489 αρέἷὶαἰζὲὶιὶεαόιὲῑῗῖἓὲἔῧςὲῗὲἶέῗῇε
873 2441 1083 2489 appollinis
1100 2441 1146 2476 13²
1199 2403 1219 2439 7
1505 2404 1529 2438 p
1646 2432 1649 2436 ’

205 2534 229 2570 6
252 2539 334 2570 teste
349 2535 527 2581 Apuleio:
554 2547 589 2571 v.
604 2533 715 2581 Apul.
732 2536 775 2570 de
792 2535 918 2581 Doym.
934 2536 1028 2570 Plat.
1046 2533 1070 2571 i.
1092 2544 1122 2570 1.
1270 2543 1325 2578 12,
1347 2543 1388 2579 13
1414 2534 1464 2569 Et
1477 2534 1625 2579 primus

159 2581 233 2617 etc.
249 2590 258 2616 z
284 2593 316 2618 v.
334 2581 428 2628 Aug,
446 2584 490 2618 de
510 2583 548 2618 C.
565 2583 611 2618 D.
628 2581 705 2618 viii.
725 2592 757 2628 3.
943 2583 986 2618 16
1011 2582 1123 2617 Probe
1139 2583 1283 2628 quidem
1300 2582 1371 2617 etc.
1387 2592 1397 2616 z
1424 2581 1527 2617 Haec
1545 2593 1623 2617 non

159 2638 207 2664 ex
221 2626 432 2675 Augustino
449 2629 647 2676 desumpta
662 2631 763 2666 sunt.
947 2631 988 2666 18
1014 2641 1123 2675 opera
1140 2630 1211 2664 Dei
1227 2631 1300 2665 etc.
1316 2641 1325 2664 ε
1350 2640 1381 2664 v.
1402 2627 1497 2664 Gen.
1514 2627 1538 2663 i.
1556 2638 1597 2673 3¹
1615 2642 1624 2670 ;

158 2672 406 2728 Ecolixxxix.
425 2687 481 2712 21.
581 2686 624 2721 19
652 2678 814 2712 Creatori
828 2688 892 2713 suo
909 2682 1160 2723 consequenter
1172 2677 1309 2712 similia
1325 2687 1334 2711 :
1362 2688 1393 2710 v.
1409 2676 1507 2711 Plat.
1531 2677 1625 2711 Tim.

160 2731 246 2766 2913
262 2733 304 2757 in
324 2722 509 2759 chalcidii
524 2723 715 2760 versione:
742 2725 870 2770 Itaque
894 2729 1143 2771 consequenter
1164 2729 1294 2759 cuncta
1318 2725 1379 2758 sui
1401 2725 1540 2758 similia
1557 2749 1566 2759 .
1586 2749 1595 2758 .
1617 2750 1625 2758 .

159 2770 253 2816 effici
267 2770 393 2807 uoluit.
538 2781 586 2807 20
608 2772 804 2806 Pmeclara
821 2773 917 2808 etc.:
942 2783 974 2807 v.
995 2771 1092 2816 Aug.
1109 2773 1152 2806 de
1173 2772 1211 2807 C.
1232 2772 1278 2807 D.
1295 2770 1373 2806 viii.
1392 2781 1423 2816 3.
1581 2780 1625 2815 23

161 2817 275 2871 Porro
286 2820 411 2852 'tantae
427 2819 500 2853 etc.
515 2830 524 2854 ε
549 2829 580 2854 v.
597 2818 692 2866 Aug.
705 2820 748 2854 de
764 2819 802 2854 0.
820 2820 868 2855 D.
881 2818 958 2854 viii.
969 2829 992 2862 4
1005 2818 1054 2854 ad
1067 2818 1152 2854 init.
1298 2828 1344 2862 24
1357 2818 1625 2863 praeminebat:

162 2875 187 2900 1.
201 2874 231 2900 e.
250 2863 545 2908 praeeminebat.
687 2867 734 2903 26
757 2867 851 2902 Sunt
865 2868 929 2911 qui
945 2868 1043 2902 etc.:
1069 2877 1102 2901 v.
1120 2864 1233 2912 Apul.
1249 2867 1292 2901 de
1308 2866 1433 2911 Doqm.
1445 2866 1540 2902 Plat.
1553 2864 1578 2901 i.
1596 2874 1626 2900 1.

218 2934 301 2954 wass
315 2934 336 2954 u
873 2926 899 2953 Ρ
1451 2929 1513 2961 105
