1988 3250
173 199 275 239 oar.
290 188 362 253 11]
685 191 1124 238 POLICRATICVS
1647 195 1722 245 ⁴7⁵¹
1738 198 1764 235 c

170 313 444 357 calamitates
492 311 739 370 exquisitae
796 311 1042 355 dulcedinis
1099 311 1325 356 sufficiunt
1382 313 1631 370 explanare.

173 381 292 426 Scite
325 381 470 426 fertur
503 380 667 424 dixisse
702 381 748 424 P.
780 379 963 425 Clodius
998 380 1104 437 quia
1134 381 1332 438 improbe
1368 381 1629 439 Neptunum
1646 380 1676 424 d

171 453 347 495 accusat
365 451 443 508 qui
469 451 632 494 iterum
659 449 944 507 naufragium
972 448 1092 493 fecit.
1150 450 1214 492 At
1240 464 1330 492 non
1357 450 1469 492 illud
1496 451 1628 494 inele-

169 520 349 578 gantius
364 520 594 570 diceretur,
607 519 712 576 quia
727 518 926 576 improbe
942 518 1158 562 Venerem
1174 522 1383 562 causatur
1395 519 1628 562 aduersam

95 597 99 602 '
130 605 152 641 ε
169 589 246 647 qui
276 589 511 633 secundam
550 588 674 632 ducit
707 602 904 631 uxorem.
964 587 1074 641 Quis
1109 587 1227 630 enim
1259 588 1300 630 ei
1335 588 1630 644 compatietur

168 658 256 716 qui,
283 658 416 702 semel
436 657 607 701 solutus
635 672 664 700 a
692 657 895 707 uinculis,
916 656 1088 700 reuolat
1108 657 1166 700 ad
1186 655 1430 700 cathenas3
1491 657 1627 700 Plane

167 727 376 786 indignus
405 729 473 771 est
502 726 723 770 libertatis
752 726 916 769 honore
947 729 992 770 et
1022 726 1170 783 quiete
1200 726 1277 783 qui
1307 726 1364 768 ad
1394 741 1627 769 excussum

165 797 394 840 seruitutis
420 796 608 840 recurrit
637 796 803 853 iugum.
863 795 990 838 Vnde
1016 796 1226 839 monstris
1250 796 1393 838 simile
1417 798 1485 838 est
1508 795 1626 852 quod

165 865 229 909 hii
249 866 325 924 qui
344 881 434 910 non
453 866 583 909 modo
603 865 906 922 philosophiae
926 865 1002 908 sed
1031 868 1077 908 et
1105 865 1330 922 religionis
1357 865 1442 908 sibi
1469 864 1625 908 uendi-

106 944 148 979 io
163 937 267 979 cant
304 950 463 979 nomen
513 934 652 978 arceri
695 937 923 992 nequeunt
961 934 1020 977 ab
1058 934 1337 992 amplexibus
1376 934 1623 977 mulierum.

164 1003 304 1062 Saepe
324 1004 486 1048 etenim
506 1004 583 1061 qui
606 1007 844 1061 antequam
865 1018 1025 1047 nomen
1046 1005 1330 1062 profiteretur
1343 1004 1624 1054 alterutrum,

162 1073 200 1117 si
239 1076 388 1117 tamen
427 1074 546 1124 haec,
577 1073 732 1131 religio
772 1073 939 1117 scilicet
976 1076 1023 1116 et
1061 1074 1353 1131 philosophia,
1387 1088 1622 1116 numerum

161 1141 345 1196 faciunt,
364 1157 463 1186 cum
483 1143 579 1186 sine
597 1142 809 1200 religione
829 1157 958 1186 nemo
985 1146 1103 1186 recte
1130 1142 1279 1186 ualeat
1308 1142 1622 1200 philosophari,

159 1213 534 1257 continentissime
564 1212 694 1263 uixit,
723 1226 823 1256 cum
859 1212 906 1255 in
935 1212 1128 1269 aliquem
1158 1212 1347 1270 gradum
1392 1215 1621 1269 promotus

101 1291 143 1338 15
162 1285 230 1327 est
256 1285 496 1340 nactusque
525 1282 731 1340 quietem,
761 1282 930 1340 primae
969 1285 1015 1325 et
1053 1296 1250 1325 summae
1289 1282 1620 1326 deliberationis
1637 1294 1714 1336 752
1729 1297 1759 1327 a

161 1366 342 1396 acumen
372 1355 546 1396 exercet
575 1352 622 1395 in
652 1351 856 1409 eligenda
883 1366 1022 1395 uxore
1051 1351 1123 1395 uel
1148 1352 1348 1395 ducenda
1379 1355 1470 1402 aut,
1499 1353 1619 1409 quod

155 1421 343 1479 nequius
362 1425 440 1473 est,
451 1421 697 1465 uicinorum
717 1421 1000 1464 matrimonia
1019 1421 1256 1464 sollicitare
1276 1424 1321 1464 et
1340 1436 1619 1479 corrumpere

155 1503 246 1534 non
271 1493 461 1535 ueretur.
523 1491 729 1549 Erumpit
758 1490 982 1534 interdum
1010 1491 1307 1534 inuerecunda
1335 1491 1618 1548 intemperies

157 1559 416 1613 mulierum;
455 1559 572 1618 quia,
602 1562 655 1604 ut
688 1560 843 1604 scribit
874 1559 1138 1611 Herodotus,
1173 1560 1335 1603 mulier
1361 1574 1462 1603 oum
1493 1563 1617 1604 ueste

98 1646 142 1672 ao
157 1628 338 1687 deponit
371 1632 417 1673 et
454 1629 778 1674 uerecundiam.
835 1629 1054 1687 Erumpit,
1083 1630 1277 1686 inquam,
1307 1629 1540 1687 impudens
1570 1633 1616 1674 et

155 1697 203 1741 in
222 1697 335 1742 facie
354 1699 703 1743 erubescentium
730 1699 994 1757 populorum
1020 1699 1207 1757 genialis
1226 1699 1344 1742 thori
1372 1699 1542 1742 reuelat
1567 1702 1615 1743 et

152 1766 350 1812 denudat
397 1769 590 1812 archana
638 1771 684 1812 et
723 1769 778 1812 de
826 1769 977 1812 mariti
1027 1768 1277 1826 frigiditate
1316 1769 1615 1826 conqueritur,

153 1836 346 1896 allegans
365 1837 479 1882 hanc
498 1837 784 1882 sufficientem
806 1841 851 1882 et
871 1838 1122 1882 euidentem
1143 1838 1315 1896 repudii
1335 1838 1407 1882 uel
1427 1838 1612 1882 diuortii

153 1919 340 1958 causam,
369 1907 486 1965 quod
515 1907 697 1951 semiuir
725 1910 794 1951 est
823 1910 869 1950 et
897 1907 1071 1950 inutilis
1101 1908 1385 1950 matrimonio
1415 1908 1491 1964 qui
1522 1923 1613 1951 non

92 1988 135 2033 25
153 1979 220 2020 est
247 1979 477 2034 promptus
505 1976 562 2019 ad
591 1976 767 2020 coitum.
828 1976 1066 2034 Eleganter
1085 1976 1263 2033 quidem
1291 1976 1536 2020 Gaufridus
1556 1977 1611 2020 de

59 2044 64 2054 '
108 2042 110 2046 '
152 2044 469 2097 Heroumuilla,
487 2045 720 2089 familiaris
739 2060 874 2097 meus,
894 2046 1027 2089 unius
1046 2046 1205 2090 talium
1226 2046 1274 2088 in
1293 2060 1427 2090 causa
1455 2047 1609 2090 huius·

151 2163 175 2199 4
199 2153 390 2201 causatur]
407 2155 559 2191 accusat
574 2154 615 2191 M
760 2164 802 2200 17
827 2155 884 2192 est
898 2166 968 2192 om.
986 2154 1027 2192 M
1146 2165 1192 2203 23
1217 2155 1395 2203 reppudii
1412 2154 1438 2191 S
1561 2166 1606 2204 25

146 2202 317 2248 promtus
334 2201 359 2238 S

197 2314 219 2342 2
242 2305 286 2343 P.
307 2305 476 2343 modim:
502 2304 564 2343 Sic
581 2305 787 2344 Publilium
803 2307 939 2354 Syrum
957 2309 997 2345 et
1013 2307 1078 2346 hie
1095 2310 1134 2346 et
1150 2307 1250 2345 infra
1266 2321 1320 2346 cc.
1342 2319 1396 2355 13,
1418 2319 1460 2354 14
1473 2310 1557 2357 (762
1566 2319 1603 2353 Β,

149 2360 217 2397 772
227 2352 272 2397 Α)
289 2353 409 2389 vocat.
563 2364 587 2399 4
609 2355 766 2400 improbe
782 2357 877 2392 etc.:
902 2355 1039 2393 Publil.
1057 2356 1138 2402 Syr.
1155 2368 1217 2404 ap.
1236 2356 1332 2394 Gell.
1351 2356 1438 2393 xvii.
1462 2367 1504 2403 ¹4
1522 2357 1540 2405 ξ
1567 2370 1604 2404 4,

148 2398 311 2454 Macrob.
324 2401 397 2435 Sat.
411 2398 450 2436 ii.
465 2408 485 2445 7
504 2398 523 2447 ξ
545 2410 600 2438 11.
697 2411 740 2455 19
763 2405 861 2449 quia,
874 2408 915 2439 ut
926 2405 1050 2439 scribit
1059 2405 1282 2441 Herodotus:
1308 2417 1341 2441 v.
1355 2404 1511 2441 Hieron.
1523 2408 1603 2443 adv.

146 2447 258 2483 Iom‘n.
270 2458 297 2482 1.
313 2447 360 2491 48
378 2446 521 2494 (Migne
538 2449 576 2484 P.
594 2449 637 2484 L.
654 2448 763 2485 xxiii.
781 2450 879 2496 279).
926 2450 1008 2488 Hoc
1024 2450 1140 2488 habet
1158 2452 1295 2489 Herod.
1313 2451 1339 2487 i.
1358 2453 1390 2488 8.
1487 2462 1544 2499 25,
1557 2454 1604 2490 26

150 2495 354 2539 Gaufridus
369 2495 412 2529 de
426 2495 700 2532 Heroumuma:
724 2495 916 2543 Nusquam
932 2498 1027 2534 alibi
1044 2498 1085 2534 in
1100 2499 1212 2536 huius
1229 2499 1299 2535 viri
1316 2511 1455 2536 nomen
1470 2500 1603 2538 incidi.

147 2539 303 2577 Roberti
320 2539 509 2595 cuiusdam
526 2541 572 2579 de
588 2542 780 2581 Hei-ovilla
795 2543 837 2580 in
854 2546 981 2591 Maqn.
997 2547 1076 2584 Rot.
1100 2548 1184 2600 P'P·
1206 2556 1246 2594 ις
1273 2547 1389 2584 Henr.
1416 2547 1465 2584 11.
1490 2560 1527 2594 p.
1555 2550 1600 2585 62

146 2587 192 2624 fit
223 2588 397 2642 moer-11:103·
430 2589 469 2624 et
507 2587 678 2626 Falconis
717 2590 763 2628 de
803 2591 1006 2637 flamvilla,
1049 2594 1231 2631 dominici
1270 2594 1464 2632 servientis
1504 2595 1603 2643 regis

147 2634 303 2672 Hennci
319 2634 368 2677 11,
386 2646 427 2670 m
440 2634 579 2672 Cartul.
594 2636 629 2673 S.
642 2636 889 2675 Michaelisin
929 2640 1070 2678 ericulo
1083 2641 1198 2678 maris
1210 2653 1270 2688 ap.
1284 2642 1453 2679 Howlett
1469 2644 1602 2679 chron.

145 2685 190 2738 οἵ
209 2682 363 2735 Βρερῆεπ
380 2682 452 2718 etc.
469 2681 518 2737 iv.
535 2695 574 2730 p.
591 2693 681 2738 3393
705 2685 868 2740 denique
922 2699 996 2734 ugo
1021 2688 1069 2725 de
1095 2688 1316 2726 Herouvilla
1332 2692 1460 2726 cartae
1481 2689 1601 2727 dona.-

145 2730 262 2766 tioms
288 2728 336 2764 ab
363 2728 524 2783 Hennqo
552 2741 674 2776 episco
752 2732 950 2770 Bmocensi
982 2735 1159 2773 abbatiae
1183 2736 1302 2773 Vallis
1331 2737 1366 2774 S.
1394 2737 1539 2774 Mariae
1565 2749 1600 2774 a.

146 2777 238 2821 1167
270 2775 394 2812 factae
416 2777 525 2813 testis
550 2779 631 2814 erat
657 2780 669 2824 (
728 2780 806 2816 und
835 2782 1018 2818 Galendar
1031 2782 1085 2827 oy*
1095 2785 1321 2826 Documenta,
1344 2786 1486 2820 Franoe
1506 2786 1600 2830 918-

147 2824 251 2869 1206,
271 2835 308 2870 p.
339 2822 434 2870 537).
482 2824 765 2863 Heroumvillam
787 2826 864 2865 sive
887 2829 1136 2866 Heroum'llam
1159 2829 1237 2869 sive
1260 2832 1486 2868 Herovillam
1509 2831 1603 2869 licet

1425 2912 1490 2947 ²99
