1988 3250
200 219 285 270 762
303 215 334 258 d
677 214 938 260 IOANNIS
977 211 1491 259 SARESBERIENSIS
1598 212 1707 269 [mn.
1723 221 1816 255 vm

349 337 482 381 terris
501 337 671 381 diutius
690 336 849 388 tenuit,
869 335 1006 380 donec
1033 349 1118 386 eas,
1135 333 1433 378 inualescente
1458 332 1581 384 luxu,
1601 334 1816 390 regnante

348 407 470 458 Ioue,
513 406 572 449 ad
610 419 792 463 superos
831 404 1052 462 contingit
1090 404 1297 447 euolasse.
1376 403 1471 446 Nos
1515 403 1623 446 haec
1663 401 1818 444 fabula

349 477 541 534 respicit,
560 479 614 519 ut
632 475 821 520 sciamus
841 475 935 518 sine
955 473 1216 532 frugalitate
1235 487 1325 516 non
1351 487 1478 530 posse
1498 471 1717 515 iustitiam
1737 472 1819 513 aut

349 546 612 604 pudicitiam
660 543 926 588 conseruari.
1021 542 1251 600 Siquidem
1298 541 1536 585 necessitas
1584 537 1819 583 exercendi

350 616 485 659 luxus
517 614 714 658 excludit
747 613 979 663 iustitiam,
1000 614 1046 655 et
1079 611 1279 654 exercitii
1310 610 1518 668 uoluptas
1556 608 1818 667 pudicitiam
1836 623 1857 658 5

349 684 568 742 propellit.
628 683 709 726 Ait
728 682 870 726 enim:
900 681 988 734 Qui
1009 680 1195 723 festinat
1215 680 1363 731 ditari,
1382 694 1472 723 non
1493 679 1579 722 erit
1597 678 1818 721 innocens.

350 754 471 797 Illud
506 757 657 797 tamen
689 751 834 796 Clodii
872 764 1152 807 nequaquam
1187 749 1393 806 denigrat
1426 747 1702 805 frugalitatis
1741 747 1818 789 ho-

350 838 513 874 norem,
534 823 611 866 sed
640 822 820 865 uidetur
849 820 998 878 potius
1026 818 1332 862 commendare
1361 817 1572 860 decorem.
1631 815 1821 860 Constat

350 892 468 936 enim
498 906 778 948 nequaquam
807 889 974 932 malum
1004 903 1097 931 esse
1127 887 1245 944 quod
1274 887 1323 929 in
1345 886 1641 944 patrocinium
1669 887 1716 929 et
1744 899 1819 928 ex-

200 962 284 1012 763
304 970 335 1001 a
350 961 623 1005 cusationem
655 959 826 1003 sinistri
860 957 1050 1001 rumoris
1082 956 1337 1000 assumitur.
1408 955 1483 999 Sic
1516 954 1668 999 fuscus
1701 953 1820 998 color
1840 971 1883 998 10

350 1031 530 1088 nigrum
569 1031 809 1081 extenuat3
850 1030 896 1071 et
936 1026 1055 1084 quod
1094 1025 1325 1083 turgidum
1365 1028 1434 1068 est
1464 1025 1642 1068 nomine
1680 1023 1820 1081 pleni-

350 1100 521 1143 tudinis
541 1099 798 1142 honoratur.
856 1097 938 1139 Est
957 1099 1108 1139 autem
1127 1095 1366 1152 frugalitas
1381 1093 1528 1138 uirtus
1547 1093 1822 1137 moderatrix

350 1169 506 1212 utendi
541 1171 587 1211 et
621 1167 835 1211 abutendi
869 1166 1036 1223 ignara.
1109 1164 1261 1208 Nichil
1296 1164 1441 1222 gelide
1479 1163 1707 1206 ministrat
1740 1165 1822 1207 aut

350 1238 533 1290 timide3
582 1237 660 1280 sed
698 1237 738 1279 ei
777 1239 928 1279 tamen
971 1234 1087 1278 ratio
1134 1236 1311 1278 constat
1358 1233 1593 1290 impensae.
1673 1231 1822 1276 Rebus

351 1307 541 1364 quidem,
569 1307 646 1350 sed
676 1305 762 1349 sibi
788 1305 931 1363 magis
960 1303 1116 1362 parcit.
1177 1302 1329 1346 Nichil
1352 1306 1433 1345 aut
1458 1302 1692 1344 minimum
1719 1301 1821 1345 sub·
1840 1317 1882 1352 15

351 1376 495 1420 trahit
523 1375 638 1426 usui,
657 1375 734 1418 sed
762 1374 967 1417 luxuriae
996 1372 1134 1416 nichil
1163 1372 1343 1416 omnino
1373 1371 1587 1429 indulget,
1603 1370 1823 1428 siquidem

351 1444 694 1502 diligentissima
741 1446 819 1487 est.
909 1443 1100 1486 Possunt
1147 1441 1205 1484 ad
1253 1441 1676 1485 commendationem
1726 1441 1822 1484 eius

353 1514 550 1558 sufficere
580 1528 694 1571 quae
722 1513 852 1565 Zeno,
876 1527 988 1570 quae
1019 1511 1233 1562 Socrates,
1261 1525 1374 1568 quae
1404 1510 1545 1566 Plato,
1573 1525 1687 1567 quae
1716 1510 1820 1552 Ari-

352 1583 537 1634 stotiles‚
557 1597 670 1640 quae
690 1582 888 1626 omnium
907 1580 1271 1639 philosophorum
1291 1579 1451 1623 chorus
1477 1579 1532 1622 de
1559 1578 1822 1636 frugalitate

353 1652 573 1696 seruanda
610 1651 902 1695 tradiderunt.
979 1650 1069 1694 Sed
1108 1649 1214 1707 quia
1255 1649 1363 1692 haec
1411 1651 1672 1706 peruetusta
1715 1650 1823 1691 sunt
1841 1660 1885 1686 ao

353 1722 535 1765 nomina
554 1724 635 1764 aut
663 1735 814 1764 eorum
842 1734 931 1763 non
958 1722 1065 1763 sunt
1090 1721 1325 1776 praecepta
1343 1718 1543 1768 celebria,
1563 1717 1635 1760 uel
1655 1717 1823 1761 Seneca

354 1795 506 1835 noster
526 1791 746 1841 audiatur,
763 1790 839 1847 qui
867 1804 965 1833 eam
992 1789 1132 1832 tantis
1159 1787 1365 1830 laudibus
1389 1787 1517 1830 effert
1543 1790 1596 1830 ut
1622 1786 1823 1844 quisquis

306 1865 337 1905 b
355 1860 525 1917 aliquid
554 1860 734 1903 omnino
773 1859 944 1903 adicere
979 1857 1279 1915 temptauerit,
1309 1857 1440 1900 otiari
1481 1871 1614 1914 quam
1652 1855 1823 1914 aliquid

355 1944 486 1988 agere
506 1928 670 1972 rectius
690 1928 908 1971 uideatur.
967 1927 1085 1970 Sunt
1104 1930 1254 1970 tamen
1281 1926 1357 1983 qui
1385 1941 1486 1969 eum
1513 1928 1823 1983 contempnere

355 1999 561 2049 audeant,
593 1997 860 2051 Quintiliani
890 1997 1156 2041 auctoritate
1187 1996 1306 2048 freti,
1336 2010 1466 2038 suum
1499 2010 1555 2039 ex
1585 2010 1636 2039 eo
1664 1995 1822 2039 nobili·
1842 2009 1886 2046 ις

356 2071 505 2112 tantes
525 2067 737 2111 iudicium
758 2067 795 2110 si
817 2067 857 2110 ei
877 2066 1117 2109 detrahant
1137 2066 1213 2123 qui
1234 2065 1438 2123 plurimis
1457 2065 1613 2122 placet,
1632 2067 1686 2108 ut
1704 2065 1825 2123 apud

357 2138 558 2182 indoctos
604 2152 755 2181 eorum
810 2136 997 2194 gloriam
1046 2135 1287 2179 uideantur
1335 2134 1596 2192 praecedere
1635 2149 1826 2191 quorum

357 2208 572 2251 uirtutem
593 2209 820 2264 nequeunt
839 2205 1018 2248 imitari.
1078 2205 1213 2249 Michi
1235 2207 1384 2248 tamen
1404 2204 1600 2262 desipere
1615 2204 1828 2248 uidentur

358 2278 435 2335 qui
475 2290 794 2335 quemcumque
833 2274 972 2319 secuti
1012 2288 1102 2318 non
1141 2277 1413 2318 uenerantur
1458 2288 1559 2317 eum
1600 2288 1731 2331 quem
1780 2275 1827 2318 et

360 2413 376 2441 1
404 2402 682 2440 inualescentes
698 2401 737 2438 M
904 2410 926 2437 2
950 2398 1115 2447 contigit
1131 2398 1156 2436 S
1325 2400 1368 2438 16
1392 2398 1544 2437 luxuria
1558 2397 1605 2436 A¹
1779 2409 1826 2448 24

357 2454 600 2489 contemnere
618 2449 646 2486 C

405 2567 430 2604 6
456 2567 687 2611 Quisentinat
704 2566 800 2602 etc.:
827 2563 932 2601 Prov.
951 2562 1079 2599 xxviii.
1099 2572 1157 2600 2ο.
1371 2571 1392 2608 7
1421 2563 1558 2599 Clodii:
1582 2559 1608 2600 i.
1621 2572 1653 2600 ο.
1671 2561 1827 2600 Publilii

358 2612 455 2660 Syri,
472 2617 516 2650 ut
532 2624 655 2660 supra.
840 2622 892 2657 13,
915 2621 956 2656 ¹4
978 2611 1092 2657 qelide
1109 2611 1293 2646 ministrat
1309 2615 1374 2646 aut
1391 2612 1535 2647 timide:
1560 2622 1592 2647 v.
1611 2610 1703 2648 Hor.
1719 2614 1766 2648 A.
1783 2611 1826 2648 P.

361 2670 427 2744 121}
432 2688 458 2744 3¹
545 2706 552 2715 ⁸
677 2669 735 2702 21,
747 2669 797 2742 '28²
823 2661 955 2742 Segiteca
972 2664 1112 2741 gostefr:
1138 2658 1255 2741 Οἱιξηι
1273 2657 1464 2740 addlpcum
1483 2657 1660 2742 τῗρὲοἱαι
1677 2657 1825 2713 neseioz

358 2717 958 2802 ggnzcnegffimuafflxissegpnb
980 2717 1037 2800 ξος
1057 2708 1334 2800 Ιζὲιζιβὲιζεῗιεοη
1351 2707 1470 2799 Ἐέιιὲἲῖ
1489 2716 1651 2789 “1⁴25ae
1666 2705 1828 2790 εἳῑὶἰιῗιξιξσ

351 2805 440 2848 fleri
456 2803 776 2848 einesmqalitatie
792 2811 891 2838 eura.
989 2811 1033 2846 24
1057 2803 1150 2838 Sunt
1166 2805 1286 2836 tamen
1302 2802 1366 2847 qui
1381 2802 1454 2837 eto.
1469 2811 1478 2837 τ
1506 2811 1537 2837 e.
1548 2812 1584 2849 g.
1602 2799 1695 2838 Gen.
1706 2799 1770 2838 xii.
1788 2810 1823 2838 2.

360 2860 403 2899 25
432 2851 678 2896 Quintiliani:
706 2861 738 2886 v.
755 2848 827 2886 loc.
844 2848 946 2886 infra
963 2847 1028 2887 eit.
1044 2860 1053 2892 3
1078 2848 1126 2885 cf.
1144 2849 1267 2886 Metal.
1284 2847 1308 2884 i.
1327 2857 1371 2884 22
1389 2847 1472 2895 (852
1484 2847 1534 2893 0).

469 2924 534 2965 3¹8
