1988 3250
131 231 233 265 css.
249 216 390 279 xvm]
652 217 1090 263 POLICRATICVS
1617 217 1699 259 616
1717 190 1748 258 a

133 338 306 383 uiribus
338 339 443 390 suis,
476 341 630 383 nostro
659 338 894 397 praecipue
927 337 1071 380 milite
1105 336 1345 381 nitebatur.
1416 335 1488 379 Ad
1520 336 1603 381 hoc

133 407 313 452 demum
344 408 626 466 exigentibus
659 408 801 466 culpis
831 406 1072 465 perductus
1105 408 1173 450 est
1204 406 1281 463 qui
1317 420 1503 463 regnum
1533 420 1603 448 oc-

133 479 388 542 cupauerat,
418 480 472 521 ut
501 481 733 536 cogeretur
763 476 1032 520 exheredare
1063 475 1204 518 filium
1239 477 1285 518 et
1318 475 1420 518 duci
1452 474 1606 517 cedere

0 541 10 613 ζ
134 547 262 605 regni
300 547 615 591 successionem
658 550 706 590 et
742 546 883 590 totius
916 545 1043 604 regni
1076 559 1277 602 proceres
1312 549 1358 587 et
1397 544 1604 587 militiam

0 615 5 664 ἱ
74 634 120 670 ,5
135 616 351 661 fidelitate
379 617 595 674 praestita
623 616 830 675 obligare.

0 685 34 741 ³1
195 686 388 730 Transeo
425 687 483 730 ad
522 672 794 730 obsidionem
834 684 1062 735 Chinonis,
1101 683 1208 741 quia
1246 682 1308 725 ibi
1352 682 1522 740 Anglos
1561 685 1607 726 et

0 748 7 758 “
136 754 430 807 Normannos,
457 770 567 813 quos
593 755 682 799 iam
709 754 946 812 multiplex
972 752 1273 797 confederatio
1297 752 1458 802 uniuit,
1482 766 1607 808 prae-

137 825 290 883 cipuos
309 828 356 868 et
374 825 517 883 magis
536 828 740 868 strenuos
767 824 815 866 in
842 823 1046 881 captione
1066 821 1201 866 castri
1229 821 1431 864 extitisse
1459 820 1608 862 nullus

137 894 326 953 ignorat.
371 893 490 938 Nam
510 894 617 938 sileo
637 894 692 938 de
714 894 936 937 Namneto
957 896 1003 936 et
1017 895 1113 935 toto
1133 890 1317 934 minoris
1338 889 1609 939 Britanniae,

74 983 124 1015 10
140 963 345 1022 quamuis
370 963 553 1022 grandis
580 963 809 1021 prouincia
835 962 907 1014 sit,
935 961 1161 1011 comitatu,
1181 960 1258 1018 qui
1290 959 1465 1003 rebellis
1495 962 1611 1002 esset

139 1033 188 1078 in
236 1033 499 1078 hodiernum
549 1033 667 1077 diem
706 1032 793 1075 nisi
842 1031 979 1075 robur
1019 1030 1167 1089 gentis
1207 1029 1456 1087 Anglorum
1496 1031 1611 1071 esset
1629 1030 1658 1069 b

139 1101 383 1147 formidini.
459 1102 556 1146 Hoc
586 1102 732 1161 ipsum
767 1103 848 1144 aut
876 1100 1048 1143 ueritus
1077 1103 1158 1142 aut
1186 1113 1335 1142 amore
1366 1102 1412 1142 et
1441 1098 1612 1142 uirtute

140 1171 324 1217 allectus
344 1172 581 1231 (incertum
609 1172 725 1215 enim
747 1171 846 1230 est),
865 1170 1052 1213 illustris
1077 1168 1352 1212 Blesensium
1380 1171 1426 1211 et
1446 1167 1613 1212 Carno-

141 1241 335 1286 tensium
355 1256 499 1286 comes
517 1244 674 1292 castra,
690 1255 803 1298 quae
823 1239 1055 1298 pupillaris
1075 1238 1209 1282 etatis
1234 1242 1431 1296 tempore
1451 1237 1615 1280 amissa

8 1320 9 1323 ’
82 1327 126 1366 ¹6
144 1309 336 1363 fuerant,
355 1310 537 1355 ducatui
558 1310 917 1355 Normannorum
938 1309 1147 1352 restituit.

202 1379 405 1438 Longum
440 1383 508 1424 est
541 1380 579 1424 si
611 1379 766 1424 inclita
799 1382 927 1438 gesta
957 1378 1075 1422 tanti
1111 1376 1324 1435 principis
1357 1390 1616 1420 enumerare

143 1450 420 1502 contendam,
459 1464 583 1507 quae,
618 1449 735 1494 sicut
773 1463 925 1492 omnes
964 1447 1178 1492 admirari
1218 1461 1392 1490 necesse
1432 1448 1511 1496 est,
1551 1446 1618 1489 ita

144 1541 167 1570 2
193 1530 434 1579 exigentibus
451 1531 574 1579 culpis
589 1543 658 1569 om.
676 1530 758 1568 s‘M
902 1541 925 1578 9
950 1527 1120 1567 nanneto
1139 1529 1171 1565 A

195 1611 212 1639 1
239 1606 380 1638 neure:
404 1600 430 1638 i.
441 1612 472 1638 e.
490 1601 723 1649 Anglorum3
748 1602 849 1649 quod
868 1613 945 1639 non
961 1601 1063 1648 apud
1088 1599 1207 1636 alium
1229 1611 1355 1637 rerum
1377 1598 1424 1635 ab
1448 1597 1617 1635 Henrico

143 1649 338 1733 {osterum
355 1648 582 1704 scriptorem
601 1652 798 1686 narratum
813 1648 954 1685 inveni.
1147 1657 1168 1692 3
1193 1653 1235 1682 ut
1250 1652 1431 1693 eoyeoetur
1446 1648 1541 1683 etc.:
1569 1644 1616 1681 cf.

179 1707 288 1743 ymer
303 1697 449 1733 Foeder.
467 1708 493 1733 1.
511 1709 536 1744 p
565 1723 575 1734 .
596 1707 609 1734 1
640 1725 649 1742 ‚
671 1707 724 1743 14.
872 1698 897 1734 6
920 1697 1137 1733 obsidionem
1157 1696 1354 1731 Chinonie:
1383 1693 1431 1730 cf.
1451 1692 1555 1728 Will.
1572 1693 1619 1730 de

145 1742 373 1798 Novoburgp
395 1743 434 1780 ii.
457 1754 488 1799 7·
512 1709 572 1799 ed,-
598 1707 765 1782 tiowlett
780 1756 844 1792 pp.
865 1754 942 1790 113,
970 1744 1064 1788 114).
1127 1742 1340 1779 chinonem
1360 1741 1401 1779 in
1452 1740 1621 1778 revincia

144 1790 357 1846 'rutenensi
367 1789 491 1846 Galfri
543 1791 671 1829 fratris
687 1791 741 1829 sui
761 1791 959 1829 castellum
971 1790 1205 1837 expugnavit
1219 1754 1451 1826 Henrieusf

145 1839 214 1876 Ait
229 1837 428 1875 Gervasius
444 1838 729 1876 Oantuariensis
740 1840 813 1884 (ed.
832 1838 971 1876 Stubbs
988 1838 1012 1874 i.
1030 1850 1065 1885 p.
1082 1838 1164 1883 162)
1179 1850 1188 1874 ι
1213 1839 1293 1874 Rex
1309 1839 1494 1874 Hem-icus
1506 1842 1621 1872 trans·

135 1888 308 1934 fretauit,
325 1891 358 1923 ot
377 1887 531 1924 nomae
546 1889 764 1929 cancellarii,
777 1889 837 1923 eui
861 1898 990 1932 mayno
1004 1887 1128 1932 fretu
1148 1887 1291 1922 auxilio
1306 1891 1424 1922 eastra
1444 1885 1623 1930 Gaufridi

136 1935 280 1981 fratr-ie
293 1935 361 1977 sui,
380 1936 444 1981 qui
458 1935 628 1971 rebellare
649 1936 852 1982 temptabat,
870 1936 993 1971 aalide
1008 1936 1178 1980 optinuit.
1338 1943 1360 1978 9
1384 1934 1427 1968 de
1445 1934 1622 1968 Namneto

148 1983 242 2020 ete:
269 1993 305 2017 v.
319 1981 414 2018 Rob.
431 1981 479 2019 de
496 1981 699 2030 Tol-igneio
720 1983 853 2019 Chion.
866 1982 925 2019 ed.
943 1981 1110 2018 Howlett
1127 1993 1163 2027 p.
1186 1989 1262 2027 197,
1281 1979 1347 2026 qui
1363 1982 1493 2016 tamen
1511 1978 1622 2014 Nam-

148 2031 282 2067 notum
311 2029 439 2076 (hodie
468 2028 628 2073 Nautes)
660 2042 742 2066 oum
766 2035 836 2066 toto
864 2032 1034 2066 comitatu
1059 2030 1202 2065 Med-'ae
1229 2027 1299 2070 (La
1324 2028 1437 2072 Mes),
1463 2039 1549 2069 non.
1578 2028 1621 2062 ut

149 2075 310 2115 Ioannes
326 2078 464 2122 noster,
482 2089 564 2114 cum
587 2082 657 2114 toto
682 2079 833 2114 minoris
850 2078 1070 2113 Britanniae
1085 2078 1256 2113 comitatu
1282 2087 1315 2112 a.
1336 2084 1424 2122 ¹¹5²
1447 2074 1620 2112 deditum

149 2135 229 2163 esse
260 2124 408 2162 asserit.
472 2124 519 2160 In
550 2124 712 2162 dioecesi
743 2123 991 2162 Namnetensi
1023 2124 1098 2160 duo
1131 2125 1242 2160 erant
1279 2122 1620 2164 archidiaconatus,

149 2182 310 2219 quorum
326 2171 438 2215 alter,
453 2171 514 2209 cui
530 2183 666 2209 nomen
682 2174 765 2210 erat
782 2171 920 2215 Media,
934 2173 1063 2218 partes
1075 2170 1391 2218 septentrionales
1401 2170 1623 2217 complecte-

149 2217 274 2258 batur.
421 2230 464 2256 10
487 2221 626 2256 rebellis
645 2226 754 2257 esset:
781 2219 951 2256 Tandem
973 2220 1014 2256 in
1036 2231 1139 2256 anno
1156 2220 1243 2266 post
1261 2218 1346 2255 Chr.
1369 2219 1460 2263 1169
1477 2221 1516 2254 et
1537 2219 1623 2264 post

150 2267 403 2304 Pdiomtieum
427 2267 575 2304 editum
597 2267 743 2304 decimo
766 2266 1008 2304 Britanniam
1034 2266 1222 2303 minorem
1249 2265 1290 2302 in
1313 2265 1498 2302 ditionem
1517 2277 1623 2300 suam

151 2314 241 2352 rede
273 2314 302 2352 't
319 2313 505 2352 Henrious
523 2315 572 2351 11.
671 2326 724 2362 13,
747 2325 789 2360 14
814 2317 1039 2351 Blesensium
1058 2320 1091 2350 et
1115 2315 1393 2350 Gar-»sotensium
1415 2325 1546 2350 eomes:
1573 2324 1622 2349 sc.

151 2359 254 2399 Theo
280 2361 389 2399 aldus
420 2361 477 2405 V;
518 2362 565 2400 ef.
598 2362 690 2400 Rob.
722 2362 769 2400 de
802 2362 1004 2409 'rorigneio
1042 2362 1113 2404 (ed.
1147 2361 1314 2398 Howlett
1347 2373 1413 2408 pp.
1448 2362 1513 2406 198
1531 2361 1622 2406 seq.)

152 2409 274 2446 Hense
287 2411 476 2447 Decembri
487 2409 537 2456 (a.
554 2411 658 2457 1158)
674 2411 880 2447 coneordati
895 2415 981 2460 sunt
996 2421 1063 2445 rex
1074 2410 1256 2445 Henricus
1271 2414 1304 2444 et
1314 2420 1426 2445 comes
1435 2410 1623 2450 Blesensia

346 2459 433 2500 eiua,
458 2459 523 2494 hoc
546 2460 675 2494 modo:
707 2470 819 2494 eomes
845 2458 1067 2494 mobaldus
1100 2458 1257 2493 reddidit
1285 2458 1360 2502 reyi
1392 2458 1463 2492 duo
1495 2461 1624 2498 castra,

153 2505 371 2541 Ambaaeium
388 2510 420 2541 et
439 2506 612 2542 Fraotam
634 2507 770 2541 Vallem
788 2511 820 2541 et
835 2506 1014 2541 Rotrodus
1031 2504 1072 2549 (i.
1082 2515 1114 2540 e.
1140 2504 1338 2544 Rotrocus)
1356 2515 1467 2539 eomes
1483 2505 1629 2539 Morita-

155 2553 250 2595 πίω,
266 2554 428 2589 sororius
443 2554 520 2589 eius
530 2581 539 2590 .
552 2580 561 2589 .
574 2580 582 2588 .
595 2555 753 2589 reddidit
765 2554 924 2588 Hem-ico
936 2554 1013 2598 reqi
1025 2555 1096 2588 duo
1108 2558 1236 2594 castm,
1250 2553 1413 2588 Molinae
1425 2550 1624 2596 (Moulins)

155 2600 343 2637 cthmm
352 2602 533 2636 Melinum
545 2599 835 2646 (Romanum),
849 2612 939 2648 quae
949 2605 1055 2635 erant
1063 2601 1228 2635 dominia
1240 2601 1343 2635 ducis
1354 2600 1604 2634 Normanm'ae
1614 2611 1628 2642 ,-

155 2648 217 2684 aad
227 2652 310 2693 post
325 2653 472 2684 mortem
487 2650 581 2694 reqis
596 2649 752 2684 Hem-ici
776 2647 838 2694 [Ι]
865 2649 1038 2684 Rotroous
1060 2659 1182 2688 comes,
1205 2652 1314 2692 pater
1334 2648 1446 2682 huius
1469 2647 1628 2690 Rotroci,

157 2705 240 2731 occu
289 2700 393 2731 uerat
424 2707 475 2732 ea.
537 2695 712 2738 Castana,
739 2706 836 2741 quae
863 2695 934 2732 boc
968 2695 1051 2731 loco
1077 2693 1281 2731 reddidisse
1306 2693 1486 2730 asseritur
1513 2693 1630 2729 Theo·

157 2741 223 2778 bal
250 2753 293 2778 us
316 2742 407 2789 ipse,
433 2754 485 2779 sc.
509 2742 732 2779 Ambazium
761 2742 967 2787 (Amboise)
986 2745 1024 2778 et
1050 2741 1226 2778 Fractam
1243 2741 1392 2778 Vallem
1411 2740 1627 2784 (Freteval),

160 2800 320 2872 worma
359 2789 521 2827 alterum
561 2790 602 2826 in
639 2789 827 2827 Turonico
862 2789 1092 2836 (Touraine)‚
1129 2789 1293 2826 alterum
1334 2788 1376 2824 in
1410 2787 1626 2824 Vindocino

214 2837 387 2878 endeme)
416 2837 533 2873 situm
562 2839 629 2880 est,
657 2838 784 2884 potius
813 2837 1015 2874 comitatui
1040 2835 1305 2883 Andegavensi
1329 2847 1445 2882 quam
1468 2834 1628 2876 ducatui

160 2883 463 2922 Normannorum
479 2884 737 2932 pertinebant.

1438 1789 1618 1835 Izi-1156.

1480 2945 1522 2979 53
