1988 3250
233 195 309 236 816
326 204 358 236 a
680 194 941 239 IOANNIS
970 193 1498 239 SARESBERIENSIS
1617 191 1731 255 [ms.
1748 201 1844 238 vm

370 314 517 357 inanis
535 313 703 372 gloriae
721 314 906 358 uilescit.
968 313 1052 357 Cui
1085 314 1173 358 ista
1201 329 1291 358 non
1320 317 1489 372 patent,
1509 314 1696 357 nimium
1717 325 1844 358 cecus

369 387 448 435 est,
468 398 568 427 cum
588 383 890 440 unusquisque
909 398 1060 427 eorum
1081 384 1158 441 qui
1179 386 1417 427 uersantur
1442 384 1490 426 in
1519 384 1590 427 his
1614 383 1700 427 sibi
1724 382 1843 440 quod

369 454 543 511 appetit
577 453 726 497 deesse
760 453 969 497 fateatur.
1030 453 1147 497 Sunt
1185 457 1335 497 tamen
1366 468 1553 510 quorum
1590 453 1739 496 oculos
1777 452 1844 495 ita

369 523 636 580 perstrinxit
662 523 835 566 malitia
860 526 914 566 ut
938 538 1051 580 quae
1071 538 1150 580 per
1173 538 1219 566 se
1243 523 1392 566 lucent
1411 526 1635 580 nequeant
1662 521 1841 565 intueri.

370 592 445 636 Sic
474 592 612 636 0011118
641 592 761 649 capti
791 592 938 649 talpae
968 591 1079 635 lucis
1108 592 1368 635 beneficium
1401 606 1490 634 non
1524 597 1772 649 agnoscunt
1798 593 1844 633 et
1863 601 1882 637 5

370 661 537 704 innatis
582 662 827 719 gaudentes
860 661 1056 704 tenebris
1091 661 1282 704 oderunt
1315 676 1461 704 aerem
1500 661 1724 718 puriorem
1763 673 1844 703 1100

370 731 523 774 11111010
543 734 724 788 queunt,
744 731 782 773 si
802 730 972 774 diutius
988 732 1223 773 arceantur
1238 729 1296 772 ab
1315 729 1451 772 humo
1471 733 1518 772 et
1537 729 1719 773 latebris
1738 729 1844 774 suis.

323 805 353 843 b
372 800 532 843 Nonne
567 800 790 857 talparum
824 802 988 857 gerunt
1019 799 1258 856 imaginem
1290 799 1368 855 qui
1407 813 1578 856 semper
1620 799 1668 840 in
1707 799 1844 842 humo

371 872 620 920 uersantur,
641 884 828 926 quorum
850 872 946 911 tota
965 868 1243 911 conuersatio
1270 868 1318 910 in
1347 870 1468 911 terra
1496 867 1763 926 deprimitur
1791 870 1845 910 ut

371 939 508 981 nichil
539 939 680 981 altum
707 939 885 995 sapiant
914 938 987 981 uel
1015 938 1231 990 diuinum,
1258 937 1335 980 sed
1361 951 1442 980 1100
1471 937 1716 979 humanum
1746 936 1842 993 qui·
1863 955 1906 980 ιο

371 1007 470 1051 (10111
486 1022 495 1061 ;
515 1008 641 1051 0111118
652 1011 730 1058 est,
743 1022 843 1050 cum
856 1010 1002 1050 cetera
1013 1007 1226 1049 animalia
1237 1021 1378 1064 prona
1389 1006 1594 1049 ferantur
1606 1006 1653 1048 in
1665 1008 1844 1057 terram,

371 1077 514 1121 celum
545 1080 591 1120 et
626 1092 739 1134 quae
773 1076 951 1120 celestia
983 1079 1090 1119 sunt
1129 1079 1275 1120 erecta
1305 1076 1527 1134 dignitate
1567 1074 1763 1132 corporis
1797 1078 1845 1118 et

371 1147 511 1190 animi
523 1146 841 1203 contemplari?
875 1146 938 1188 Hi
950 1148 1100 1189 tamen
1113 1160 1193 1188 suo
1207 1145 1284 1189 sed
1295 1145 1442 1202 talpae
1454 1145 1646 1202 quodam
1657 1146 1846 1187 naturae

372 1216 486 1259 uitio
515 1216 836 1273 deprimuntur.
898 1215 1101 1259 Profecto
1130 1215 1323 1258 deterior
1347 1218 1414 1258 est
1443 1229 1574 1271 quem
1598 1214 1727 1271 culpa
1750 1228 1843 1256 ma-

371 1287 493 1331 culat
522 1301 573 1329 eo
604 1286 682 1342 qui
711 1289 899 1329 naturae
929 1285 1102 1328 laborat
1130 1284 1328 1342 imperio.
1385 1283 1480 1327 Nec
1513 1284 1666 1327 credas
1699 1283 1842 1327 altum
1862 1301 1904 1337 ¹⁵

370 1370 524 1413 sapere
546 1356 622 1412 qui
647 1358 834 1398 naturae
858 1357 1082 1398 consortes
1111 1369 1200 1397 non
1229 1357 1324 1397 tam
1353 1354 1523 1397 uirtute
1553 1368 1687 1411 quam
1716 1353 1843 1397 uitiis

370 1426 472 1468 uult
491 1425 675 1482 praeire.
735 1424 823 1468 Sed
844 1424 951 1481 quid
972 1424 1019 1466 in
1039 1438 1174 1482 grege
1200 1423 1287 1466 isto
1316 1423 1539 1480 talparum
1566 1438 1706 1481 arguo
1734 1422 1845 1467 0001·

371 1498 524 1546 tatem,
544 1494 630 1537 nisi
652 1494 769 1551 quod
789 1494 977 1537 aliorum
998 1493 1099 1537 fons
1117 1508 1210 1537 0880
1230 1493 1442 1538 uidetur?
1502 1492 1637 1536 Abeo
1652 1505 1844 1549 namque

372 1564 625 1609 scaturiunt
654 1564 790 1606 riuuli
820 1564 1034 1607 uitiorum
1063 1566 1116 1606 ut
1145 1563 1272 1619 quasi
1301 1562 1350 1605 in
1373 1577 1553 1619 corpore
1579 1576 1670 1605 uno
1689 1561 1843 1604 uideas

330 1646 356 1677 c
373 1634 636 1678 confluxisse
658 1633 947 1690 rapacitatem
968 1632 1118 1684 leonis,
1133 1632 1339 1675 seuitiam
1359 1632 1548 1690 tigridis,
1567 1631 1719 1690 gulam
1734 1630 1841 1688 lupi,
1862 1652 1906 1677 πο

373 1704 639 1746 uarietatem
675 1702 816 1760 pardi,
846 1702 1026 1745 fraudes
1055 1701 1214 1758 uulpis‚
1243 1701 1527 1745 tenacitatem
1559 1700 1722 1758 arpiae,
1762 1701 1843 1745 im-

372 1772 639 1814 munditiam
660 1771 763 1822 suis,
784 1771 1078 1828 petulantiam
1109 1770 1231 1820 hirci,
1261 1770 1512 1827 superbiam
1539 1771 1654 1828 equi,
1673 1771 1844 1814 stolidi-

372 1844 512 1884 tatem
533 1841 659 1892 asini,
679 1840 1021 1884 obstinationem
1043 1839 1164 1889 muli,
1186 1840 1381 1883 toxicum
1401 1840 1552 1896 ydrae,
1566 1840 1844 1897 nigredinem

372 1911 506 1961 corui,
521 1914 567 1953 et
587 1910 795 1967 quicquid
808 1909 930 1952 aliud
945 1909 1249 1966 peruersitatis
1261 1908 1496 1952 infundere
1512 1909 1659 1966 potuit
1674 1909 1843 1953 homini

371 1980 602 2023 teterrima
621 1983 836 2023 creatura.
896 1978 1012 2021 Nam
1045 1979 1101 2021 ab
1130 1994 1181 2021 eo
1205 1979 1414 2022 uniuersa
1439 1980 1547 2023 haec
1567 1979 1843 2023 incommoda
1862 1995 1905 2031 ³⁵

372 2049 693 2106 profluxerunt,
713 2049 819 2092 dum
841 2048 944 2091 boni
966 2052 1011 2091 et
1035 2048 1141 2090 mali
1171 2048 1402 2091 scientiam
1432 2051 1478 2091 et
1504 2048 1842 2092 similitudinem

371 2118 454 2161 Dei
476 2118 700 2176 promittit
719 2133 798 2175 per
817 2118 1030 2176 rapinam.
1092 2117 1264 2161 Exinde
1286 2118 1500 2162 inclinata
1519 2121 1587 2162 est
1601 2119 1659 2162 ad
1674 2118 1842 2162 malum

371 2191 535 2231 natura
566 2188 769 2238 hominis,
801 2188 926 2231 0111118
959 2187 1085 2244 quasi
1117 2188 1332 2244 quaedam
1373 2187 1568 2231 infantia
1605 2187 1845 2246 praecessit

372 2258 592 2308 11111000118,
613 2258 719 2300 (111111
739 2272 767 2300 a
787 2257 1014 2314 colloquiis
1034 2258 1391 2314 peruertentibus
1407 2261 1452 2300 et
1472 2257 1691 2314 peruersis
1705 2257 1842 2300 absti-

371 2328 482 2371 nuit.
558 2327 694 2370 Siluit
732 2327 863 2370 homo
902 2329 948 2370 et
991 2326 1155 2369 mansit
1194 2326 1413 2377 innocens,
1452 2326 1649 2370 immisso
1686 2341 1842 2384 sopore
1860 2348 1904 2383 30

372 2397 643 2458 Qormfflst
668 2396 887 2449 innocens,
918 2396 1256 2453 expergefactus
1286 2400 1332 2439 et
1361 2411 1601 2454 agnoscens
1621 2396 1840 2440 auxilium

372 2476 393 2503 2
419 2466 493 2503 hii·
509 2467 534 2502 S
678 2476 696 2513 5
723 2465 864 2503 occulis
881 2465 912 2502 Α
1060 2476 1103 2502 ιο
1126 2465 1204 2513 uel]
1222 2466 1277 2502 nil
1296 2464 1320 2502 S
1441 2476 1486 2503 22
1511 2465 1619 2513 hyrci
1636 2466 1676 2502 M
1795 2476 1840 2514 23

371 2513 490 2560 hydre
507 2514 560 2550 C.
586 2513 727 2560 hydrae
747 2513 807 2551 M:
834 2513 942 2550 hidre
961 2512 985 2549 S

424 2588 441 2624 5
466 2579 633 2614 oculum
661 2580 691 2613 ei
707 2579 850 2624 talpae:
877 2591 909 2614 v.
927 2578 1039 2624 Verg.
1063 2579 1186 2623 Geor-57.
1207 2577 1231 2614 i.
1255 2579 1331 2623 ¹83·
1537 2578 1573 2623 6,
1591 2586 1611 2624 7
1637 2589 1701 2614 nec
1716 2579 1842 2615 uiuere

371 2631 523 2674 queuznt
551 2637 581 2661 v.
593 2590 750 2671 11113011.
769 2626 814 2662 (10
834 2625 981 2663 Folieto
1001 2627 1057 2669 (ut
1080 2625 1243 2670 videtur)
1261 2625 1358 2662 liber
1377 2627 1420 2662 de
1439 2626 1558 2662 bestiis
1575 2624 1718 2672 (Migne
1736 2627 1779 2663 P.
1795 2627 1838 2663 L.

371 2639 524 2710 clxxvii.
557 2674 635 2716 161)
667 2674 783 2719 Ταὶρα
810 2701 818 2710 .
844 2700 853 2710 .
878 2702 886 2711 .
912 2675 1096 2710 subterra
1118 2679 1291 2716 moratur,
1310 2686 1421 2720 super
1442 2678 1576 2709 terram
1593 2685 1665 2710 non
1688 2674 1839 2711 uiuam.

371 2732 395 2768 9
419 2726 490 2757 toea
509 2723 731 2756 conuersatio
749 2724 786 2757 in
805 2727 922 2757 tem-a:
948 2733 979 2757 v.
1001 2720 1165 2767 Philipp.
1186 2720 1240 2757 iii.
1260 2731 1306 2757 20
1321 2722 1453 2757 Nostra
1470 2726 1590 2757 autem
1615 2724 1839 2758 conuersatio

372 2770 413 2804 in
430 2770 538 2804 caetis
554 2773 613 2804 eae.
713 2778 748 2805 ιι
779 2774 891 2805 cetera
907 2770 1085 2805 animalia
1102 2771 1192 2805 etc.:
1217 2780 1249 2804 v.
1266 2767 1330 2804 Ov.
1349 2770 1431 2804 Met.
1450 2767 1475 2804 i.
1489 2769 1617 2814 84-86.
1718 2777 1770 2815 15,
1797 2770 1840 2806 16

370 2818 645 2900 gleum'fapgre:
672 2815 778 2853 Rom.
797 2816 845 2853 xi
864 2827 922 2855 20.
1114 2826 1160 2863 30
1184 2818 1295 2853 Salute
1312 2818 1414 2854 homo
1431 2818 1529 2854 etc..
1557 2816 1840 2863 Interpretatur

406 2876 463 2901 en.
484 2874 523 2899 ιι.
547 2873 558 2900 ι
599 2875 700 2910 seqq·

480 2919 544 2955 ⁴¹⁴
