1988 3250
149 236 246 274 cAP.
261 225 398 287 xxiv]
660 221 1100 268 POLICRATICVS

148 347 407 406 promissam
452 343 624 388 numini
664 342 736 386 uel
778 355 1014 400 germanae
1059 340 1193 383 fidem
1239 342 1448 390 seruaret,
1488 339 1612 382 nullo

146 416 288 474 pretio
317 416 465 472 potuit
493 412 708 457 inclinari.

260 506 400 563 Saepe
428 504 540 547 mori
570 503 714 546 uoluit
742 517 798 546 ne
828 502 1063 559 quicquam
1093 501 1182 543 tale
1211 500 1396 544 uideret.

1626 229 1709 270 702
1727 218 1758 259 d

145 598 217 641 Ad
244 595 468 655 parricidii
498 595 671 638 facinus
699 594 745 636 in
774 593 959 636 fratrem
988 592 1264 649 patriarchas
1293 591 1509 634 excitauit
1539 592 1605 634 in·
1624 602 1709 643 703
1727 609 1759 637 a

109 680 129 714 5
147 666 279 717 uidia‚
295 668 346 708 ut
361 680 440 708 nec
455 665 634 721 impune
650 663 846 706 reuelare
862 662 1037 705 licuerit
1056 662 1248 719 gratiam
1263 676 1394 717 quam
1413 660 1608 718 Spiritus

143 735 366 779 innocenti
382 733 658 776 monstrabat
670 732 717 774 in
730 731 935 790 sompnis.
980 731 1097 788 Ergo
1110 730 1326 773 seruitute
1340 730 1611 786 dampnatur

148 805 355 848 innocens
375 803 527 854 frater,
546 805 674 860 pater
693 801 896 851 orbitate,
921 803 977 850 et,
1001 803 1053 843 ut
1080 800 1412 856 dispositionem
1436 800 1609 856 gratiae

144 873 229 918 Dei
261 875 455 924 euacuet,
483 873 530 914 in
561 887 607 915 se
637 871 814 924 famem,
843 870 1074 913 seruitutis
1110 870 1277 926 iugum,
1309 870 1608 912 calamitatem

150 943 284 995 exilii,
311 942 584 999 calumpnias
610 941 901 998 Egiptiorum‚
931 939 1137 983 seuitiam
1166 939 1408 982 Pharaonis
1434 953 1461 981 a
1491 939 1610 982 iusto

86 1026 129 1051 ιο
144 1012 286 1056 iudice
321 1012 535 1068 iniquitas
577 1010 846 1068 impetrauit.
908 1010 1067 1052 Manus
1103 1010 1264 1066 Ioseph
1302 1009 1349 1050 in
1384 1009 1610 1051 laboribus

147 1082 408 1132 seruierunt,
439 1083 484 1124 et
518 1080 731 1123 successio
763 1094 914 1123 eorum
951 1080 999 1121 in
1034 1079 1131 1121 luto
1162 1081 1208 1121 et
1242 1078 1379 1120 latere
1412 1078 1609 1135 ipsisque

145 1151 283 1209 paleis
321 1153 556 1208 reputatur
594 1150 788 1207 indigna.
848 1149 1012 1191 Videas
1052 1148 1217 1191 multos
1255 1148 1419 1190 eisdem
1454 1148 1609 1190 liuoris

143 1220 296 1279 urgeri
327 1220 528 1270 stimulis,
553 1221 605 1262 ut
638 1233 746 1275 quos
780 1221 966 1276 possunt
1000 1217 1144 1260 obices
1178 1220 1406 1274 opponant
1434 1217 1608 1274 gratiae

144 1293 189 1334 et
227 1289 557 1347 dispositionem
601 1288 820 1331 Altissimi
865 1288 1071 1330 nitantur
1117 1286 1340 1343 impedire.
1401 1286 1450 1328 Si
1491 1286 1609 1330 forte

85 1370 126 1406 ¹5
146 1359 273 1416 quasi
302 1357 590 1415 sompniando
624 1357 848 1401 coniciunt
886 1356 1073 1399 alicuius
1110 1358 1382 1413 prouectum,
1413 1355 1608 1409 obstant,

143 1428 429 1478 reluctantur,
449 1429 501 1470 ut
528 1426 653 1484 quasi
682 1426 866 1469 fratrem
887 1425 1159 1468 Ismahelitis
1179 1428 1428 1482 exponant;
1458 1425 1496 1467 si
1517 1440 1607 1467 non

141 1497 354 1548 occidant,
384 1497 634 1540 incrustant
672 1496 813 1553 ipsam
854 1496 1154 1539 sinceritatem
1194 1497 1251 1544 et,
1286 1497 1338 1537 ut
1377 1495 1606 1551 proprium
1623 1502 1653 1540 b

141 1568 404 1624 praetexant
418 1566 570 1616 scelus,
586 1565 832 1609 innocentis
844 1565 1042 1608 tunicam
1058 1564 1300 1607 ostendunt
1315 1567 1606 1607 cruentatam.

142 1635 272 1679 Hanc
303 1635 419 1678 enim
451 1635 499 1677 in
530 1635 684 1678 multis
716 1635 847 1677 uideo
882 1634 1233 1691 descriptionem,
1261 1634 1338 1690 qui
1371 1634 1428 1676 ad
1458 1634 1609 1676 omnia

83 1718 127 1743 eo
144 1703 350 1748 felicioris
374 1719 507 1748 aurae
531 1707 753 1747 momenta
776 1706 981 1754 uruntur,
1002 1703 1173 1760 sibique
1193 1703 1359 1746 uellent
1379 1703 1606 1746 aduersari

142 1772 379 1824 fortunam,
409 1773 516 1816 dum
548 1773 624 1816 alii
654 1773 838 1831 grauius
867 1773 1131 1816 lederentur.
1191 1772 1261 1822 Et,
1284 1775 1337 1815 ut
1362 1772 1506 1830 Esopo
1534 1773 1607 1816 uel

141 1842 316 1886 Auiano
330 1843 492 1894 credas,
507 1843 679 1886 uidebis
699 1843 775 1900 qui
791 1843 875 1886 sibi
891 1842 1065 1886 oculum
1082 1842 1271 1885 alterum
1288 1842 1382 1884 erui
1402 1842 1609 1899 gaudeat,

141 1911 247 1955 dum
267 1914 454 1969 utroque
481 1912 685 1969 priuetur
707 1912 948 1969 proximus.
1009 1911 1103 1954 Nec
1124 1914 1192 1955 est
1212 1926 1300 1968 qua
1319 1911 1395 1953 uia
1415 1911 1608 1955 declines

143 1979 369 2032 inuidiam,
397 1981 484 2024 nisi
517 1981 790 2024 miserrimus
829 1982 921 2024 fias.
985 1980 1168 2025 Celebre
1214 1995 1405 2037 namque
1437 1984 1505 2024 est
1548 1982 1607 2024 ab

85 2068 128 2102 ²5
145 2050 327 2107 antiquo
375 2050 607 2107 prouerbio
657 2050 762 2107 quia
813 2050 906 2093 sola
956 2050 1135 2093 miseria
1184 2050 1325 2093 nescit
1376 2050 1607 2103 inuidiam,

143 2118 410 2176 fortunaque
457 2119 649 2162 hominis
697 2119 947 2162 miserrima
994 2122 1063 2163 est
1111 2119 1182 2163 cui
1231 2134 1321 2162 non
1365 2119 1606 2163 inuidetur.

142 2212 166 2266 ξ
190 2210 415 2265 monstrabit
435 2210 489 2247 M¹
631 2221 654 2257 9
678 2210 968 2265 egyptiorum-B
1091 2220 1131 2258 15
1159 2210 1380 2265 somniando
1401 2210 1426 2247 S
1560 2212 1609 2250 16

144 2258 336 2295 ismahelis
352 2258 383 2294 Β
397 2271 406 2295 z
432 2258 658 2296 hismaelitis
674 2259 727 2295 A:
752 2259 950 2295 ismaehtis
967 2258 992 2295 S
1139 2268 1180 2303 17
1207 2259 1386 2295 occidunt
1400 2258 1459 2294 AS

192 2349 213 2385 3
237 2340 348 2385 Saepe
363 2341 456 2375 mori
472 2341 564 2376 ete:
589 2339 653 2376 Ov.
670 2341 755 2376 Met.
773 2339 813 2376 ii.
831 2341 911 2376 812.
1078 2350 1102 2385 4
1120 2342 1320 2386 parricidii
1337 2342 1407 2376 etc.
1423 2352 1433 2376 z
1459 2353 1492 2376 v.
1511 2340 1605 2377 Gen.

143 2385 271 2422 xxxvii
287 2397 372 2422 cum
389 2385 566 2432 capitulis
582 2387 832 2434 sequentibus.
979 2389 1182 2423 10‘Manus
1198 2389 1293 2425 etc.:
1321 2400 1352 2423 v.
1372 2388 1428 2423 Ps.
1448 2388 1550 2423 lxxx.
1571 2398 1605 2432 7.

143 2434 186 2468 in
222 2434 419 2468 laboribus:
461 2433 514 2470 sic
554 2436 596 2470 in
630 2436 792 2480 cophino,
825 2434 925 2480 quod
959 2434 1078 2472 habet
1115 2435 1295 2478 Psalmus,
1330 2435 1609 2482 interpretatur

143 2479 376 2526 Augustinus
407 2481 542 2516 Enarr.
573 2483 615 2517 in
647 2483 704 2518 Ps.
737 2483 831 2517 lxxx
871 2481 1018 2528 (Migne
1058 2484 1099 2519 P.
1133 2484 1177 2519 L.
1210 2482 1349 2519 xxxvii.
1390 2489 1495 2528 1037)
1537 2485 1610 2519 Per

145 2528 336 2573 cophinum
350 2528 607 2573 siymfioantur
618 2540 724 2575 opera
739 2530 901 2565 seruilia.
1019 2540 1056 2566 11
1084 2531 1126 2565 in
1140 2532 1214 2566 luto
1230 2536 1262 2566 et
1279 2532 1409 2567 latere:
1435 2543 1467 2566 v,
1489 2529 1605 2567 Exod.

143 2573 169 2611 i.
190 2584 246 2618 14.
373 2584 425 2617 ιι,
446 2584 487 2610 12
512 2577 602 2620 ipsis
650 2588 667 2611 e
677 2577 799 2622 paleis
815 2578 910 2612 ete:
935 2588 966 2614 v.
983 2575 1101 2613 Exod.
1119 2589 1150 2613 v.
1169 2587 1200 2623 7.
1334 2587 1375 2622 17
1402 2580 1608 2613 incrustant

145 2623 161 2656 i
186 2633 264 2657 sam
278 2621 541 2674 sincqntatevn:
566 2634 598 2659 v.
653 2634 707 2659 or.
724 2625 799 2659 Sat.
815 2623 839 2660 i.
859 2634 892 2669 3.
913 2625 968 2670 56.
1203 2626 1245 2660 18
1271 2627 1433 2660 tunicam
1451 2628 1543 2661 etc.:
1571 2638 1606 2662 v,

181 2679 240 2704 en.
258 2668 393 2703 xxxvii.
440 2678 452 2703 1
470 2680 534 2714 seq
561 2696 570 2706 .
711 2680 756 2706 22
780 2671 948 2707 Auiano:
973 2683 1006 2707 v.
1024 2670 1158 2709 Avian.
1174 2672 1264 2707 Fab.
1285 2682 1329 2708 22
1347 2672 1393 2708 de
1411 2673 1548 2718 cupido
1566 2676 1606 2709 et

144 2714 275 2751 inuido
294 2714 367 2760 (ed.
395 2678 488 2750 Einis
512 2727 550 2761 p.
579 2726 624 2761 24
645 2728 768 2771 seqq.;
794 2717 988 2772 ssaehrens
1012 2720 1106 2754 Poet.
1138 2720 1220 2755 Lat.
1247 2721 1340 2755 Min.
1369 2731 1402 2756 v.
1432 2729 1476 2766 52
1498 2722 1603 2765 seq.).

144 2761 1192 2854 iiofissssaiitss'ssofae‘ffiol'i‘sslffrsszssmmsssseahlasslsssst2223?
1211 2766 1537 2859 ⁰st²t22⁶30253¹3⁵
1561 2767 1607 2850 ³¹2

631 2838 639 2846 .
1181 2840 1189 2848 .
1460 2827 1486 2850 u

146 2859 243 2896 eta:
269 2857 316 2893 cf.
334 2855 398 2892 Ov.
415 2867 459 2892 ex
473 2857 587 2894 Ponto
603 2857 641 2894 ii.
659 2867 692 2894 2.
711 2869 752 2905 31
763 2860 921 2904 fortuna
937 2861 1142 2896 misem-ima
1157 2866 1234 2896 tuta
1252 2866 1314 2897 est.
1514 2827 1585 2861 aqu

1433 2944 1499 2977 213
