1988 3250
153 237 254 272 oar.
271 225 311 287 1]
667 224 1107 270 POLICRATICVS
1643 234 1731 276 590
1750 226 1782 278 b,

155 351 202 392 et
229 350 385 391 uterus
413 347 508 391 eius
536 349 775 405 praeparat
803 345 938 389 dolos.
998 345 1340 390 Publicanorum
1370 347 1568 390 omnium
1599 361 1627 391 a
1675 377 1698 383 -

154 418 351 462 maximo
370 431 509 474 usque
538 416 596 459 ad
622 416 857 459 minimum
882 418 1007 459 cetus
1032 416 1307 460 concussioni
1334 409 1452 459 nu'nc
1478 417 1629 474 potius

155 502 290 545 quam
310 486 509 530 iustitiae
523 489 666 536 uacat,
680 485 807 528 etita
825 484 872 527 in
892 484 1107 542 populum
1127 485 1425 528 debaccantur
1443 490 1496 528 ut
1509 486 1627 542 quod
1646 498 1672 528 c

156 556 340 614 reliquit
367 570 496 607 unus,
519 555 596 599 alii
627 570 717 598 non
745 558 977 598 morentur
1006 554 1196 606 auferre,
1219 569 1271 598 ac
1300 554 1338 597 si
1369 554 1499 597 iuxta
1527 570 1628 598 con-

117 640 138 676 5
157 626 432 683 questionem
453 625 757 683 propheticam
777 624 835 667 ad
861 624 944 668 hoc
971 623 1171 667 instituti
1198 624 1302 674 sint,
1323 627 1376 667 ut
1403 624 1630 667 residuum

155 695 350 739 locustae
374 695 576 738 comedat
600 695 773 738 brucus.
834 693 904 745 Et,
924 696 977 736 ut
1004 693 1068 736 eis
1091 694 1152 736 sit
1178 693 1320 736 maior
1345 693 1525 737 licentia
1552 709 1629 737 no-

154 765 295 818 cendi,
307 779 424 808 unus
443 765 491 807 in
511 778 557 807 se
577 764 707 821 phu-a
725 766 956 807 concernat
976 763 1130 815 officis,
1141 766 1194 806 ut
1213 762 1332 820 quod
1351 763 1410 805 ab
1429 778 1520 806 uno
1540 778 1630 806 non

155 834 325 892 accepit
354 834 507 885 officio,
533 834 664 878 tollat
691 834 748 876 ab
775 834 875 876 elio.
933 832 1137 876 Tradunt
1163 832 1399 890 phisiologi
1427 833 1545 890 quod
1573 848 1630 876 ex

154 904 326 960 locusta
340 903 540 947 nascitur
554 904 727 966 brucus,
739 903 817 960 qui
833 903 899 946 ita
910 906 1097 946 uocatur
1109 916 1337 959 quousque
1349 902 1443 945 alas
1455 902 1630 945 habeat.

55 1030 61 1036 .
97 986 140 1012 ιο
154 973 332 1017 Exinde
361 973 736 1018 succrescentibus
762 972 857 1023 alis,
886 987 987 1015 cum
1014 972 1182 1029 ceperit
1212 972 1415 1022 uolitare,
1443 976 1632 1015 uocatur

156 1043 398 1087 athelebus.
459 1042 573 1087 Cum
606 1043 724 1086 enim
759 1042 1012 1100 plenissime
1043 1041 1195 1084 uolare
1229 1042 1407 1099 poterit,
1442 1041 1631 1085 efficitur

155 1112 327 1157 locusta
346 1112 534 1165 iterum;
564 1115 610 1156 et
635 1112 779 1155 multo
804 1112 987 1170 grauior
1013 1114 1081 1154 est
1107 1111 1269 1155 brucus
1297 1126 1431 1168 quam
1460 1112 1630 1155 locusta

155 1186 203 1226 et
221 1182 465 1236 athelebus,
486 1182 593 1239 quia
611 1181 652 1225 ei
677 1181 840 1225 desunt
866 1181 963 1224 alae
989 1195 1069 1224 nec
1096 1180 1186 1224 cito
1211 1183 1359 1238 potest
1384 1181 1630 1225 abscedere.

155 1251 351 1309 Ideoque
369 1266 646 1309 quocumque
665 1252 851 1304 uenerit,
871 1251 1024 1308 fruges
1047 1251 1228 1294 omnino
1253 1250 1485 1294 consumit.
1546 1250 1628 1293 Lo-
1644 1254 1675 1295 d

97 1335 139 1371 η
158 1324 284 1366 custo.
315 1324 466 1365 tamen
500 1324 548 1365 et
579 1321 812 1364 athelebus
844 1335 1120 1378 quocumque
1151 1320 1358 1364 uenerint
1392 1324 1553 1364 nocent
1584 1324 1630 1364 et

157 1390 277 1434 forte
309 1390 357 1433 in
390 1390 498 1434 locis
530 1390 735 1448 pluribus
765 1391 842 1434 sed
873 1394 1025 1434 tamen
1056 1390 1205 1433 minus
1237 1390 1384 1441 bruco,
1419 1390 1496 1447 qui
1528 1405 1630 1434 cum

155 1460 370 1504 insederit
388 1474 479 1504 non
498 1463 715 1511 mouetur,
735 1460 874 1504 donec
894 1460 1066 1504 labores
1090 1460 1320 1503 hominum
1346 1460 1528 1503 omnino
1555 1475 1630 1503 ex·

157 1530 349 1574 hauriat.
428 1530 492 1573 At
526 1530 574 1573 in
614 1529 874 1573 officialibus
912 1530 1102 1573 eundem
1141 1530 1340 1580 brucum,
1375 1529 1631 1573 athelebum

157 1599 360 1643 inuenies
387 1602 435 1643 et
463 1599 690 1650 locustam,
715 1599 792 1656 qui
821 1599 1083 1657 propinquis
1111 1604 1269 1643 noceat
1297 1603 1343 1642 et
1372 1600 1565 1650 remotis,
1586 1603 1633 1644 et

97 1683 143 1710 so
159 1669 291 1720 illius,
314 1669 387 1713 cui
406 1669 541 1713 semel
561 1669 785 1722 insederit,
812 1668 1040 1712 fortunam
1070 1668 1267 1721 deuoret,
1286 1683 1367 1712 nec
1397 1672 1502 1712 ente
1532 1670 1631 1712 abs-

157 1739 287 1784 cedat
305 1753 439 1796 quam
458 1753 610 1783 omnes
630 1739 726 1783 eius
751 1738 930 1782 auferat
955 1738 1205 1782 facultates
1256 1738 1368 1792 Quis
1397 1754 1632 1782 numerare

155 1811 306 1867 potest
334 1811 444 1867 quot
472 1809 665 1867 pupillos
691 1808 1005 1853 officiosissime
1030 1809 1423 1867 circumscripserit
1448 1813 1495 1853 et
1522 1813 1632 1867 quot

156 1878 338 1922 uenales
376 1879 542 1922 iniuria.
581 1878 738 1923 fecerit
776 1893 906 1936 agros
938 1882 984 1922 et
1023 1881 1133 1936 quot
1171 1879 1291 1936 apud
1330 1894 1412 1943 nos
1451 1880 1632 1923 licentia

158 1947 347 1992 istorum
378 1949 473 1992 suis
499 1948 692 1992 nudatos
722 1949 849 1992 bonis
882 1948 967 1992 sub
1001 1949 1196 2006 imagine
1227 1949 1455 2007 religionis
1485 1950 1632 1993 alioue

96 2033 140 2069 ²5
158 2020 398 2076 praetextu
426 2032 517 2062 non
545 2021 640 2062 tam
670 2017 928 2075 Romipetas
957 2021 1004 2061 et
1031 2018 1289 2076 peregrinos
1317 2033 1451 2076 quam
1479 2019 1632 2062 exules

158 2086 346 2132 fecerit?
394 2087 562 2145 Vtique
579 2087 670 2130 iam
690 2087 808 2130 fiunt
826 2087 916 2131 iste.
933 2087 1095 2145 palam,
1114 2102 1194 2132 nec
1214 2102 1288 2131 eos
1307 2088 1532 2146 praesides
1551 2092 1632 2132 aut

158 2257 181 2295 3
206 2245 468 2285 debachantur
483 2246 524 2283 M
668 2255 687 2294 5
713 2247 804 2283 sunt
819 2246 960 2284 GBAM
1104 2257 1147 2294 13
1172 2247 1354 2286 abcedere
1370 2246 1429 2284 AS
1587 2258 1632 2293 14

155 2294 347 2333 consumit
363 2294 518 2333 omnino
534 2293 582 2331 Δι
722 2305 780 2338 20,
798 2304 842 2333 21
869 2294 1030 2332 abcedat
1046 2293 1073 2332 S

207 2450 227 2489 5
261 2442 447 2478 residuum
475 2442 573 2478 etc.:
608 2452 643 2477 v.
671 2438 754 2478 Ioel
777 2439 801 2476 i.
827 2450 862 2486 4.
1005 2440 1027 2476 8
1057 2441 1226 2476 Tradunt
1249 2440 1448 2486 phisioloyi
1472 2442 1569 2477 etc.:
1599 2453 1632 2477 v.

157 2487 278 2526 Glosa.
305 2487 393 2526 ord.
417 2488 467 2525 ad
490 2488 568 2525 1001
588 2487 660 2525 loc.
688 2487 753 2525 cit.
778 2489 910 2524 bna-us
935 2492 1091 2524 uocatur
1106 2489 1232 2534 foetus
1257 2488 1412 2524 locustae
1437 2493 1632 2534 antequam

157 2537 285 2573 habeat
306 2537 408 2582 alm,-
436 2537 576 2582 deinde,
596 2547 677 2572 cum
698 2537 829 2582 incipit
843 2547 981 2582 parum
1003 2536 1139 2580 uolare,
1155 2536 1294 2571 dicitur
1311 2536 1521 2581 athelam,-
1550 2547 1632 2571 cum

158 2595 247 2621 uero
265 2584 426 2630 pleniter
446 2585 558 2628 uolat,
582 2585 720 2620 dicitur
740 2584 900 2628 locusta5
924 2588 957 2618 et
982 2588 1032 2618 esi
1057 2584 1190 2619 brucus
1213 2584 1326 2619 multo
1343 2584 1500 2628 grauior
1521 2595 1632 2630 quam

159 2632 294 2668 heusta
309 2632 370 2667 uel
385 2632 594 2677 athelebum
617 2633 706 2678 quia
726 2632 848 2667 iacens
869 2632 910 2666 in
927 2642 1000 2667 uno
1016 2632 1089 2667 loco
1109 2631 1287 2667 radicitus
1306 2632 1455 2666 comedit
1467 2632 1629 2675 fructus.

161 2677 266 2715 Haec
291 2689 336 2715 ex
360 2677 513 2715 Hieron.
539 2680 672 2716 Comm.
696 2680 738 2714 in
759 2680 883 2715 Naum
899 2680 953 2715 iii.
975 2687 1016 2724 13
1033 2690 1069 2715 se
1114 2705 1123 2715 .
1143 2677 1292 2724 (Migne
1309 2679 1353 2714 P.
1371 2678 1415 2713 L.
1434 2689 1518 2713 xxv.
1542 2679 1631 2722 1264

159 2736 251 2772 seq„
267 2726 356 2762 1268
367 2725 460 2772 seq.)
480 2725 682 2773 desumpta
699 2737 775 2763 esse
793 2725 989 2768 videntur;
1012 2691 1244 2762 efiqgucher.
1266 2725 1437 2772 Lugdun.
1455 2727 1628 2761 Inetruct.

159 2772 200 2809 ii.
222 2782 264 2810 12
283 2771 429 2820 (Migne
446 2775 488 2810 P.
504 2775 547 2810 L.
563 2773 589 2809 L
607 2774 705 2819 821).
802 2784 845 2810 22
863 2778 947 2820 quot
957 2775 1122 2819 pupillos
1133 2775 1474 2818 circumscripserit:
1501 2785 1535 2808 v.
1552 2771 1632 2808 Iuv.

161 2821 237 2857 Sat.
263 2831 300 2856 x.
327 2830 408 2863 222,
434 2830 513 2866 223.
678 2831 734 2863 22,
762 2831 807 2866 23
831 2826 916 2866 quot
939 2823 1086 2857 uenales
1110 2822 1208 2858 etc.:
1241 2819 1321 2857 Iuv.
1345 2821 1421 2858 Sat.
1446 2819 1522 2856 xiv.
1551 2828 1629 2866 151.

160 2868 208 2905 26
223 2869 328 2913 fiunt
343 2869 414 2904 ista
425 2869 581 2914 palam:
606 2879 641 2905 v.
658 2867 738 2905 Iuv.
755 2869 834 2905 Sat.
850 2867 890 2904 ii.
911 2869 992 2915 136.

1499 2947 1520 2981 5
