1988 3250
218 210 295 254 755
310 199 341 256 (Ι
684 197 946 245 IOANNIS
985 197 1502 244 SARESBERIENSIS
1600 196 1714 260 [ΗΒ.
1728 208 1822 242 v111

356 320 477 364 inter
508 322 735 364 matronas
768 320 901 364 decus
913 333 924 373 ;
957 333 1037 378 per
1070 319 1170 363 illas
1202 320 1425 363 Fortunae
1458 317 1666 362 muliebri
1699 331 1824 361 saera

355 390 453 433 fieri
465 390 646 434 solitum
662 403 672 443 3
691 390 865 433 nullum
876 389 1144 434 sacerdotem
1159 389 1399 447 digamum,
1413 388 1586 432 nullum
1599 387 1825 431 flaminem

356 459 639 512 bimaritum3
668 459 969 517 ierophantias
1002 473 1175 516 quoque
1201 458 1544 502 Atheniensium
1573 456 1823 500 diutissime

358 528 527 573 cicutae
557 529 798 572 sorbitione
836 528 1023 572 castrari
1062 530 1119 579 et,
1152 530 1388 585 postquam
1427 527 1476 570 in
1514 526 1826 584 pontificatum

357 597 529 641 fuerint
557 598 717 649 allecti,
737 598 859 641 uiros
888 612 982 641 esse
1012 597 1221 641 desinere.
1281 597 1337 639 In
1366 597 1631 639 immensum
1660 595 1826 653 pagina
1844 608 1864 648 5

357 667 659 725 protendetur,
679 668 717 711 si
751 682 805 712 ea
838 667 1140 725 perstrinxero
1164 681 1276 723 quae
1306 666 1355 708 in
1385 666 1468 710 hac
1497 668 1625 723 parte
1654 664 1826 722 tragici,

358 740 566 788 oratores,
585 737 751 790 comici,
778 736 957 787 satirici,
983 738 1140 793 poetae
1170 737 1240 791 (ut
1265 735 1320 778 de
1348 735 1635 792 philosophis,
1655 734 1826 786 ethicis,

358 809 405 850 et
435 806 653 864 theologis
685 808 873 863 taceam)
904 805 1208 863 prodiderunt.
1267 803 1358 847 Sed
1386 808 1537 847 tamen
1565 818 1646 847 nec
1675 817 1827 847 omnes

357 875 467 919 istos
486 876 680 919 arbitror
698 876 919 919 suffecisse
938 875 995 918 ad
1015 875 1130 918 hanc
1144 889 1234 917 non
1249 873 1348 917 dico
1360 874 1578 916 malitiam
1593 873 1826 917 delendam

357 948 439 988 aut
458 945 783 1002 reprimendam
802 945 879 988 sed
899 959 979 988 nec
998 944 1056 987 ad
1083 943 1402 1000 exponendam.
1461 942 1512 987 Si
1531 942 1687 987 dixero
1706 942 1826 1002 quod
1850 961 1890 988 ιο

359 1015 492 1059 multi
511 1018 618 1058 sunt
636 1015 810 1072 experti
830 1014 935 1072 quia

214 1111 295 1163 756
315 1120 346 1151 a
476 1121 557 1150 nec
585 1106 741 1150 melior
768 1106 955 1164 pedibus
984 1105 1151 1149 silicem
1181 1119 1294 1162 quae
1323 1105 1521 1149 concutit
1550 1108 1701 1149 atrum

475 1179 611 1222 quam
640 1179 754 1222 quae
783 1178 1013 1208 seruorum
1041 1164 1224 1207 uehitur
1254 1164 1423 1207 ceruice
1454 1163 1669 1216 Sirorum‚

360 1254 483 1301 hoc'
469 1272 517 1299 m
541 1256 750 1299 iniuriam
778 1255 1014 1299 mulierum
1040 1255 1209 1299 dictum
1239 1255 1413 1298 malitia
1441 1255 1829 1313 calumpniabitur.

360 1325 512 1370 Nichil
547 1326 665 1369 enim
697 1324 867 1376 melius,
899 1324 1036 1368 nichil
1069 1325 1227 1368 utilius
1257 1325 1442 1368 muliere
1481 1325 1655 1382 pudica,
1690 1325 1829 1369 nichil
1850 1342 1891 1378 15

360 1410 512 1439 eorum
538 1409 651 1452 quae
675 1397 861 1452 possunt
887 1394 1130 1452 excogitari
1158 1394 1389 1438 iocundius
1409 1394 1480 1438 his
1504 1394 1581 1452 qui
1602 1387 1828 1439 continere

358 1479 448 1508 non
478 1467 665 1522 possunt
693 1466 774 1507 aut
795 1463 981 1516 nolunt;
1010 1463 1085 1506 sed
1107 1463 1367 1521 desipientis
1387 1466 1455 1507 est
1475 1464 1532 1507 ab
1551 1463 1622 1508 his
1648 1464 1827 1508 laudem

361 1548 549 1592 sperare,
569 1547 682 1590 quae
717 1532 895 1576 ueniam
927 1532 1091 1576 rectius
1125 1535 1354 1576 merentur
1387 1547 1522 1590 quam
1555 1533 1755 1591 gloriam,
1789 1533 1828 1577 si

362 1606 512 1647 tamen
532 1602 848 1646 moderationis
867 1602 983 1645 bono
1003 1602 1173 1645 fuerint
1192 1605 1449 1660 temperata.
1508 1602 1720 1660 Alioquin
1740 1617 1830 1646 non

362 1673 495 1716 uenia
522 1672 598 1715 sed
618 1686 743 1730 pena,
764 1671 840 1715 sed
861 1671 1106 1729 ignominia
1125 1672 1357 1729 utriusque
1384 1671 1582 1716 libidinis
1609 1672 1827 1716 maculam
1849 1676 1892 1715 ου’

362 1745 680 1800 prosequetur;
711 1741 797 1784 nisi
820 1740 936 1784 forte
956 1740 1140 1785 decorus
1159 1741 1390 1784 habendus
1410 1741 1470 1784 sit
1489 1742 1567 1798 qui
1587 1740 1635 1784 in
1655 1741 1829 1785 hircum

364 1811 709 1856 transformetur
728 1813 808 1854 aut
827 1824 962 1854 suem.

363 1953 471 2013 Cap.
497 1968 563 1999 12.
623 1955 753 2010 Quod
783 1954 930 1999 brutis
957 1959 994 1999 et
1025 1954 1368 1999 insensibilibus
1394 1954 1588 2012 quidam
1607 1959 1832 2013 appetunt

481 2024 760 2083 conformari
775 2043 793 2075 ;
823 2028 862 2068 et
883 2028 1059 2083 quanta
1078 2024 1366 2069 humanitate
1382 2039 1486 2069 cum
1505 2025 1650 2068 semis
1663 2024 1832 2070 uiuen-

317 2097 348 2140 b
482 2095 597 2139 dwm
616 2095 672 2138 eit
686 2113 704 2145 ,·
734 2097 773 2138 et
791 2095 845 2139 de
866 2094 1012 2138 trium
1032 2093 1319 2151 reliquorum
1345 2108 1564 2138 sensnum
1583 2093 1831 2153 uoluptate.
1852 2111 1893 2148 ²⁵

423 2186 550 2230 Nulli
585 2186 740 2244 utique
774 2186 1071 2230 animantium
1102 2187 1254 2244 generi
1294 2186 1458 2231 rectius
1496 2186 1834 2232 confomantur

365 2256 442 2314 qui
475 2270 696 2299 summum
725 2256 889 2299 bonum
918 2256 1039 2300 uitae
1066 2256 1113 2298 in
1142 2256 1353 2314 gustandi
1387 2259 1433 2300 et
1462 2258 1676 2315 tangendi
1708 2258 1834 2302 uolu-

365 2329 504 2384 ptate,
524 2340 580 2368 ne
601 2325 743 2369 dicam
765 2325 954 2376 luxuria,
975 2329 1230 2382 posuerunt.
1294 2324 1502 2370 Ceterum
1534 2327 1616 2371 hoc
1645 2327 1834 2371 aliorum

367 2409 575 2439 sensuum
597 2394 820 2438 luxuriam
842 2409 930 2438 non
951 2398 1146 2447 excusat,
1156 2409 1256 2438 cum
1277 2394 1517 2439 manifesta
1535 2395 1596 2439 sit
1615 2396 1835 2441 humanae

368 2464 603 2523 dignitatis
621 2464 809 2508 abiectio
829 2463 866 2507 si
894 2478 982 2507 non
1004 2464 1126 2507 hirco
1145 2466 1225 2507 aut
1244 2464 1325 2516 sui,
1346 2464 1422 2508 sed
1443 2464 1558 2508 leoni
1579 2468 1660 2510 aut
1686 2466 1836 2524 pardo,
1854 2482 1897 2517 30

369 2593 391 2621 2
415 2582 610 2630 bigamum
629 2581 699 2619 CM
819 2592 861 2628 14
886 2581 1183 2619 calumniabitur
1199 2582 1260 2619 ΟΒ
1381 2593 1423 2621 21
1451 2582 1611 2632 hyrcum
1629 2582 1670 2621 M
1789 2595 1835 2623 22

368 2631 666 2669 tran-formatur
681 2628 764 2666 S’M

414 2751 435 2788 3
460 2740 634 2796 ‘ee-optma
612 2741 731 2775 πείσει
757 2738 782 2775 i.
798 2751 830 2777 ο.
848 2740 871 2776 h
880 2740 1116 2785 araphaneaa.
1335 2750 1376 2777 12
1402 2752 1466 2777 nec
1487 2741 1614 2778 molior
1628 2741 1726 2778 eta:
1754 2739 1834 2779 Iuv.

364 2789 440 2826 Sat.
457 2786 505 2824 vi.
523 2798 542 2833 3
550 2798 603 2835 50
623 2796 703 2834 351.
862 2797 876 2825 ι
884 2797 904 2834 3
927 2799 1046 2824 seruo»
1036 2799 1137 2823 »ενοι
1164 2787 1280 2833 lonqm
1269 2799 1350 2823 mm
1369 2787 1448 2825 Iuv.
1607 2789 1652 2825 26
1676 2789 1832 2826 naeus:

365 2846 416 2875 ιο.
434 2846 546 2883 quam
566 2834 670 2872 hirco
687 2836 754 2872 aut
771 2833 842 2873 uui.
985 2844 1031 2882 29
1056 2836 1251 2881 mamaea
1266 2837 1314 2872 sit
1332 2837 1428 2873 ete:
1453 2847 1484 2873 v.
1502 2833 1604 2873 infra
1620 2836 1700 2884 (761
1715 2835 1770 2883 Β).

476 2907 543 2950 20⁶
