1988 3250
121 217 222 251 cAr.
238 203 310 266 11]
651 203 1053 250 POLICRATIOV
1057 204 1089 249 S
1614 209 1703 257 603
1723 217 1755 248 a

120 328 228 371 haec
248 326 374 384 quasi
394 324 698 369 medicinalem
719 339 801 382 pro
816 324 1034 381 qualitate
1053 324 1204 367 delicti
1225 325 1414 382 exigunt
1429 340 1594 370 curam.

120 396 226 454 Ipsa
250 410 358 439 uero
383 409 501 438 nunc
524 393 715 452 simplex
742 398 821 444 est,
848 407 967 437 nunc
997 393 1124 450 quasi
1154 394 1378 451 quandam
1408 396 1594 440 acrimo-

0 463 8 495 ἲ
118 465 241 508 niam
261 464 429 509 miscet.

0 493 14 606 ἕ
177 534 507 584 Verumtamen,
527 547 628 576 cum
655 532 702 574 in
732 532 854 575 omni
881 530 1154 589 professione
1182 532 1416 590 disciplina
1446 548 1594 577 neces-

0 613 8 661 ξ
81 620 101 656 5
118 603 236 647 saria
263 603 334 654 sit,
353 617 572 660 nusquam
603 601 745 660 magis
766 616 899 659 quam
924 601 971 644 in
998 602 1116 646 clero
1147 605 1192 645 et
1219 616 1267 645 re
1294 602 1480 645 militari
1495 617 1504 654 ;
1544 607 1594 646 at

0 675 7 713 ἰ
117 684 188 714 res
207 669 426 720 militaris,
446 683 559 726 quae
579 668 728 712 minus
749 668 1023 712 exercitatur
1041 668 1088 712 in
1109 668 1283 726 spiritu,
1304 669 1505 713 acerbius
1525 674 1593 713 est

0 718 12 842 b
115 739 404 798 corporaliter
423 738 663 796 punienda.

173 808 326 853 Nichil
355 811 423 851 est
451 811 602 851 autem
624 806 741 865 quod
762 809 998 864 utramque
1025 807 1169 864 magis
1196 807 1430 865 impugnet
1456 822 1590 864 quam

114 878 306 930 luxuria,
341 877 446 935 quia
483 876 626 920 omnis
660 876 1006 934 intemperantia
1041 876 1311 920 ordinationi
1347 876 1590 934 plurimum

0 959 14 999 .'
55 961 99 990 ιο
115 947 391 992 aduersatur.
450 946 598 997 Porro,
618 946 696 989 ubi
716 945 825 989 ordo
849 960 939 988 non
959 948 1038 996 est,
1058 945 1260 990 confusio
1285 946 1430 989 locum
1456 946 1592 990 habet

12 1008 17 1017 ⁴
113 1020 171 1068 et,
191 1017 277 1060 nisi
308 1016 578 1074 reprimatur
603 1014 887 1059 correctionis
915 1014 1098 1058 stimulo
1125 1015 1278 1072 procul
1303 1015 1442 1058 dubio
1467 1016 1591 1072 igno-

112 1086 296 1130 miniam
317 1099 374 1130 ex
393 1085 654 1129 necessitate
675 1084 901 1142 importat.
960 1083 1079 1137 Quid
1108 1084 1226 1128 enim
1254 1084 1390 1129 faciet
1411 1085 1591 1128 fortiter

112 1170 244 1214 quem
273 1155 455 1199 luxuria
481 1158 527 1198 et
555 1154 900 1212 intemperantia
928 1168 1018 1197 non
1047 1155 1141 1196 tam
1172 1155 1424 1198 exarmauit
1454 1169 1589 1211 quam

113 1225 419 1269 exanimauit?
494 1223 692 1278 Quartus
742 1223 855 1266 liber
904 1222 1424 1280 Strategemmaticorum
1480 1223 1587 1268 Iulii

54 1311 94 1350 ιι
113 1294 316 1338 Frontini
347 1293 487 1337 refert
517 1293 635 1351 quod
671 1293 856 1336 Publius
890 1292 1039 1350 Scipio
1073 1292 1130 1335 ad
1167 1291 1460 1336 Numantiam
1492 1308 1584 1337 cor·
1603 1300 1633 1339 b

17 1357 22 1374 ”
110 1366 294 1423 ruptum
334 1363 610 1421 superiorum
651 1363 813 1406 ducum
853 1362 1054 1406 socordia
1100 1362 1345 1406 exercitum
1391 1363 1586 1407 correxit

110 1433 292 1477 dimisso
321 1433 493 1491 ingenti
523 1433 716 1476 lixarum
747 1446 943 1483 numero,
973 1431 1163 1476 redactis
1194 1432 1250 1475 ad
1281 1447 1444 1475 munus
1473 1433 1583 1476 coti·

110 1502 245 1546 diana
284 1501 600 1546 exercitatione
640 1501 870 1552 militibus,
910 1500 1072 1558 quibus
1111 1515 1212 1544 cum
1262 1500 1472 1559 frequens
1515 1502 1584 1545 in·

15 1607 17 1622 ÷
109 1571 315 1630 iungeret
334 1571 422 1615 iter
439 1575 618 1630 portare
637 1570 931 1628 complurium
951 1570 1124 1614 dierum
1144 1571 1312 1614 cibaria
1335 1571 1584 1629 imperabat

14 1628 22 1643 μ
51 1661 96 1690 ao
110 1641 176 1686 ita
214 1645 268 1685 ut
306 1641 476 1699 frigora
514 1644 561 1684 et
604 1640 768 1683 imbres
811 1640 919 1697 pati,
959 1640 1077 1683 uada
1114 1640 1349 1683 fluminum
1396 1641 1584 1698 pedibus

109 1710 295 1756 traicere
321 1713 590 1755 assuesceret
620 1710 759 1762 miles,
781 1709 1078 1767 exprobrante
1105 1710 1292 1753 subinde
1317 1710 1583 1768 imperatore

17 1778 23 1814 Ϊ
107 1779 395 1824 timiditatem
423 1786 470 1823 et
493 1779 720 1837 ignauiam
749 1778 1072 1836 frangenteque
1101 1779 1371 1822 delicatioris
1400 1794 1507 1822 usus
1530 1794 1582 1824 ac

19 1894 21 1899 Α
107 1862 266 1908 parum
286 1849 531 1906 necessaria
551 1848 824 1906 expeditioni
845 1862 963 1891 uasa.
1010 1848 1139 1902 Quod
1160 1849 1353 1892 maxime
1374 1849 1584 1892 nobiliter

107 1918 269 1963 accidit
294 1918 407 1962 Gaio
434 1918 648 1962 Nummio
677 1918 870 1969 tribuno,
891 1918 962 1961 cui
992 1917 1158 1961 dixisse
1189 1918 1386 1962 traditur
1410 1919 1582 1997 Scipio:

10 2000 21 2050 ,⁴¹
50 2007 92 2043 ⁸5
107 1987 245 2032 Michi
264 1987 500 2046 paulisper,
521 1987 604 2031 tibi
626 1990 672 2031 et
692 1987 755 2030 rei
776 1987 978 2044 publicae
999 2002 1171 2044 semper
1189 2003 1380 2045 nequam
1402 1988 1501 2032 eris

17 2055 19 2063 ’
166 2057 361 2111 Quintus
388 2057 595 2101 Metellus
623 2057 737 2100 bello
767 2056 1007 2114 Iugurtino
1034 2056 1241 2101 similiter
1267 2058 1436 2115 lapsam
1467 2058 1582 2100 mili-

12 2127 21 2163 ἓ
107 2129 205 2171 tum
224 2127 502 2184 disciplinam
523 2127 620 2184 pari
645 2127 884 2171 seueritate
912 2126 1123 2179 restituit,
1143 2141 1244 2171 cum
1272 2127 1455 2184 insuper
1480 2142 1581 2185 pro·

106 2195 280 2240 hiberet
299 2196 388 2240 alia
408 2211 539 2240 carne
559 2211 693 2254 quam
714 2211 813 2239 assa
833 2196 1008 2240 elixaue
1028 2197 1193 2240 milites
1213 2197 1293 2240 uti.
1335 2197 1580 2256 Philippus,
1597 2214 1623 2244 c

107 2279 207 2310 cum
246 2266 440 2324 primum
481 2266 726 2309 exercitum
765 2266 1068 2316 constitueret,
1104 2266 1409 2310 uehiculorum
1449 2282 1580 2310 usum

0 2350 14 2380 ἐ
51 2357 93 2392 3ο
108 2335 312 2379 omnibus
345 2335 592 2387 interdixit,
623 2335 848 2394 equitibus
876 2350 967 2379 non
996 2336 1188 2393 amplius
1218 2351 1351 2394 quam
1382 2337 1581 2395 singulos

14 2402 15 2409 ’
106 2403 279 2448 lacones
317 2404 481 2448 habere
518 2405 732 2462 permisit,-
761 2405 987 2462 peditibus
1025 2409 1176 2449 autem
1216 2406 1342 2450 denis
1380 2407 1581 2464 singulos

0 2385 9 2428 5

0 2450 18 2492 l?

0 2493 11 2606 ἱ
103 2537 291 2632 allegam
320 2541 450 2577 tamen
467 2538 500 2575 A
598 2549 640 2585 14
657 2538 1055 2587 strategematicorum
1071 2538 1157 2576 (ΡΜ
1253 2550 1299 2578 22
1322 2540 1579 2589 frangentem·

155 2713 197 2752 15
222 2707 374 2743 Publius
390 2708 487 2744 etc.:
514 2705 685 2743 Frontin.
702 2705 882 2792 Stratez³
870 2718 918 2742 iv.
939 2706 995 2754 1§
1158 2717 1204 2752 24
1228 2708 1423 2744 Nummio:
1450 2708 1578 2755 potius

104 2752 300 2847 2133:on
316 2803 415 2838 etc.·
442 2755 783 2846 {pontigntgesrgtpffl
800 2801 848 2838 iv.
855 2753 998 2856 1-1ωέωέ
1015 2754 1230 2848 Stratm3i1v
1232 2755 1396 2838 ticinis:
1420 2802 1473 2838 sic
1494 2756 1577 2849 (Ρίεὸ)

106 2848 260 2894 valona)
278 2847 396 2885 etiam
413 2848 561 2886 codices
579 2814 773 2885 Frontini⁹
772 2848 932 2896 optimi;
958 2849 1007 2886 cf.
1027 2860 1141 2896 supra
1157 2861 1189 2886 c.
1207 2859 1229 2895 3
1248 2854 1334 2896 (594
1346 2851 1397 2896 c).

1424 2927 1465 2963 ²7

0 2940 20 3250 ῬΣΥΓΣΊΫὟᾸἻἭἎ
14 2907 19 2920 ,,
10 2890 13 2895 Δ
14 2865 17 2879 ⁴„
14 2807 15 2811 „
16 2782 18 2786 ,
8 2708 18 2761 xm»
0 2638 16 2655 ‚-
15 2554 18 2563 -
