1988 3250
244 225 322 273 641
341 233 372 263 a
716 221 978 267 IOANNIS
1018 220 1534 265 SARESBERIENSIS
1658 218 1768 280 [ms.
1783 231 1856 264 vn

389 343 583 386 maxime
621 342 746 386 uisus
786 345 854 386 est
893 357 950 385 ex
988 341 1213 398 frequenti
1252 343 1398 385 terrae
1432 344 1568 393 motu,
1604 356 1692 398 quo
1725 356 1856 398 saepe

389 412 627 463 colliditur,
651 427 744 455 esse
776 412 972 455 idoneus.
1032 411 1183 454 Timor
1211 411 1343 463 enim,
1369 411 1484 455 sicut
1513 412 1754 454 modestiae
1785 425 1856 454 co-

341 483 372 522 b
390 484 554 540 gnatus
578 486 657 532 est,
677 482 743 524 ita
771 480 1006 524 familiaris
1035 484 1104 524 est
1132 481 1346 538 sapienti3
1381 496 1471 524 non
1494 481 1569 524 ille
1598 484 1749 524 tamen
1779 478 1857 537 qui

390 555 584 594 mentem
604 551 760 594 turbat
780 554 826 594 et
845 550 971 607 quasi
992 550 1171 593 turbine
1192 551 1383 607 quodam
1410 550 1597 594 rationis
1623 554 1669 594 et
1693 550 1857 593 intelli-

389 621 568 679 gentiae
594 620 887 678 praestringit
912 619 1101 670 oculum,
1129 620 1205 662 sed
1232 620 1309 677 qui
1337 621 1561 677 componit
1581 620 1780 663 animum
1801 622 1857 670 et,
1879 637 1898 669 5

391 691 518 748 quasi
538 690 807 733 humilitatis
826 689 977 739 fomes,
997 689 1221 731 hominem
1248 689 1395 732 reddit
1422 689 1479 732 ad
1507 690 1657 732 omnia
1675 689 1861 732 uirtutis

391 760 535 803 officia
554 760 783 817 aptiorem.
843 758 971 801 Vnde
991 758 1038 800 in
1058 758 1185 801 libris
1200 758 1412 801 Noctium
1427 759 1691 802 Athicarum
1706 758 1862 802 scribit

393 829 607 886 Agellius,
637 829 710 871 uir
743 828 960 886 elegantis
989 827 1152 883 eloquii
1184 831 1230 870 et
1259 827 1428 870 multae
1457 828 1677 879 scientiae,
1705 842 1751 871 se
1781 827 1862 870 ali-

393 899 572 956 quando
611 898 846 955 nauigasse
885 912 986 940 cum
1026 897 1217 953 quodam
1257 898 1519 954 philosopho
1551 912 1688 954 eoque
1722 897 1862 940 nobili

393 969 511 1011 inter
532 968 714 1011 Stoicos.
775 967 872 1010 Illis
902 970 1051 1009 autem
1082 982 1138 1009 ex
1169 981 1332 1024 magna
1360 970 1487 1024 parte
1516 967 1565 1009 in
1594 967 1861 1010 sententiam
1883 983 1924 1008 10

394 1038 510 1080 sedit
529 1037 678 1080 timori
699 1037 844 1080 locum
863 1051 953 1078 non
974 1051 1067 1079 esse
1092 1036 1140 1078 in
1164 1036 1313 1079 animo
1343 1036 1568 1093 sapientis,
1588 1051 1689 1080 cum
1714 1036 1864 1079 omnia

394 1122 451 1150 ex
470 1107 731 1150 necessitate
751 1106 1020 1163 proueniant
1039 1105 1316 1162 stultumque
1335 1106 1396 1148 sit
1416 1106 1572 1148 timere
1594 1105 1712 1162 quod
1727 1105 1864 1148 uitari

394 1191 484 1220 non
503 1180 661 1234 potest,
682 1179 727 1219 et
748 1191 771 1219 e
792 1179 945 1219 contra
960 1175 1141 1218 unicum
1161 1175 1222 1218 sit
1242 1175 1485 1218 remedium
1506 1180 1559 1219 ut
1578 1176 1651 1218 uir
1670 1175 1865 1232 prudens

395 1246 675 1290 fortitudinis
722 1246 841 1288 uires
884 1248 1119 1302 praeparet
1163 1248 1208 1288 et
1254 1245 1410 1288 robore
1453 1245 1696 1302 patientiae
1737 1244 1864 1302 quasi

396 1316 661 1359 solidissimo
700 1315 838 1358 animi
878 1314 1035 1357 inuicti
1075 1315 1215 1371 clipeo
1258 1315 1408 1358 omnia
1453 1315 1544 1358 tela
1589 1314 1865 1358 necessitatis
1886 1325 1926 1360 15

353 1404 378 1433 c
396 1385 599 1442 excipiat.
680 1384 794 1428 Cum
834 1398 939 1441 ergo
979 1384 1210 1441 nauigium
1250 1384 1432 1427 turbato
1471 1384 1584 1427 mari
1628 1387 1866 1427 uentorum

395 1454 677 1498 uehementia
695 1454 874 1510 celoque
894 1453 1055 1496 minaci
1075 1453 1442 1510 periculosissime
1457 1454 1709 1505 iaetaretur,
1723 1453 1866 1511 philo-

396 1524 561 1581 sophus
581 1523 627 1566 ui
649 1523 821 1566 timoris
842 1522 1070 1579 expalluit.
1131 1522 1315 1574 Deinde,
1327 1538 1427 1566 cum
1442 1526 1706 1580 tempestate
1722 1526 1867 1566 trans-

396 1596 497 1636 acta
516 1592 728 1635 securitas
755 1592 1030 1648 praebuisset
1053 1592 1328 1649 colloquendi
1349 1595 1402 1635 ut
1421 1593 1474 1635 fit
1494 1596 1540 1635 et
1559 1591 1866 1650 congarriendi

396 1662 553 1712 locum,
583 1661 801 1705 sociorum
833 1676 959 1711 unus,
991 1661 1127 1712 diues,
1158 1661 1424 1712 luxuriosus,
1455 1662 1690 1712 Asiaticus
1720 1661 1866 1718 coepit
1887 1673 1931 1698 το

396 1731 658 1788 compellare
682 1731 994 1787 philosophum
1019 1735 1064 1774 et
1083 1731 1268 1774 illudere
1294 1732 1334 1774 ei
1362 1746 1413 1775 eo
1440 1732 1558 1788 quod
1585 1734 1740 1775 contra
1766 1745 1866 1789 pro-

397 1801 633 1844 fessionem
673 1815 798 1843 suam
838 1800 996 1843 timore
1036 1801 1267 1857 palluerat,
1299 1815 1400 1844 cum
1439 1801 1544 1858 ipse,
1577 1801 1653 1858 qui
1685 1800 1868 1844 minime

399 1869 809 1928 philosophabatur,
829 1869 1064 1913 mansisset
1091 1870 1340 1927 intrepidus
1361 1870 1408 1912 in
1429 1885 1480 1913 eo
1501 1870 1618 1927 quod
1642 1870 1868 1927 impende-

398 1940 478 1983 bat
506 1939 655 1982 exitio.
716 1940 779 1982 At
809 1938 883 1981 ille
914 1939 1133 1997 Aristippi
1166 1939 1379 1983 Socratici
1412 1955 1669 1997 responsum
1701 1940 1868 1991 retulit,

399 2010 488 2067 qui,
517 2024 617 2052 cum
652 2009 699 2050 in
730 2023 776 2051 re
806 2009 939 2051 simili
970 2009 1176 2052 similiter
1206 2013 1251 2052 et
1279 2025 1307 2052 a
1335 2010 1552 2053 consimili
1593 2013 1868 2067 argueretur,
1889 2024 1930 2058 25

400 2078 628 2135 respondit
648 2078 773 2120 illum
794 2093 874 2135 pro
894 2078 1043 2121 anima
1067 2079 1323 2135 nequissimi
1349 2079 1581 2122 nebulonis
1601 2079 1760 2122 merito
1779 2094 1870 2123 non

402 2147 539 2191 fuisse
563 2147 813 2196 sollicitum,
843 2161 889 2189 se
917 2151 1067 2190 autem
1096 2147 1298 2191 debuisse
1323 2148 1479 2191 timere
1500 2163 1580 2205 pro
1600 2148 1750 2191 anima
1769 2148 1870 2191 Ari-

354 2217 383 2258 d
401 2217 551 2274 stippi.
611 2215 780 2259 Diuitis
809 2230 914 2273 ergo
942 2217 1199 2272 quaestione
1226 2217 1420 2274 depulsa,
1448 2217 1632 2261 accessit
1658 2217 1871 2275 Agellius,

402 2302 490 2330 non
523 2284 780 2342 exagitandi
811 2285 959 2327 animo
995 2285 1071 2328 sed
1102 2286 1309 2337 discendi,
1340 2285 1622 2329 familiariter
1656 2301 1872 2343 quaerens

402 2369 619 2412 quaenam
640 2357 755 2397 esset
774 2368 907 2397 causa
931 2354 1103 2398 timoris
1130 2355 1211 2406 sui,
1231 2369 1331 2398 cum
1359 2359 1642 2413 praeceptum
1663 2356 1723 2400 sit
1742 2356 1871 2400 disci·
1891 2368 1936 2401 30

402 2424 550 2483 plinae
566 2423 814 2467 Stoicorum
828 2438 882 2466 ne
903 2423 1059 2466 mortis
1075 2423 1287 2467 timeatur
1301 2424 1532 2476 aduentus,
1549 2439 1682 2482 quam
1698 2428 1874 2469 constat

406 2568 427 2604 7
453 2557 656 2595 atticarum
674 2556 762 2592 ΑΜ1
775 2570 783 2592 :
809 2555 996 2593 aticarum
1016 2555 1070 2591 Μι
1170 2566 1214 2594 10
1237 2558 1384 2604 stoyeoa
1401 2557 1432 2593 A
1538 2568 1579 2604 31
1608 2559 1824 2606 stoycorum
1841 2559 1875 2598 A

455 2676 475 2712 7
503 2668 543 2702 in
569 2668 673 2702 libris
687 2632 770 2703 etc.
796 2678 911 2713 usque
932 2666 1212 2703 adunca-,nciam
1231 2668 1313 2713 (642
1327 2666 1391 2712 Α);
1420 2679 1450 2703 v.
1478 2667 1572 2715 Aug.
1590 2670 1633 2704 de
1658 2669 1696 2705 C.
1717 2670 1763 2706 D.
1783 2668 1833 2706 ix.
1850 2679 1874 2716 4

407 2715 469 2759 (ex
487 2713 583 2750 Gell.
604 2713 676 2749 xix.
699 2715 744 2758 ι).
939 2724 983 2750 ιο
1007 2715 1088 2750 luia
1103 2720 1222 2750 autem
1239 2716 1334 2751 etc..
1365 2714 1498 2761 Haec(
1485 2715 1543 2761 (us
1573 2727 1618 2753 ue
1636 2716 1683 2752 ad
1701 2719 1803 2764 excip
1805 2719 1873 2764 iat)

406 2762 506 2799 haud
524 2773 570 2798 ex
587 2760 796 2807 Augustino
814 2763 1025 2797 sumuntur.
1187 2772 1226 2806 14
1255 2763 1375 2798 robore
1393 2765 1488 2800 etc.:
1517 2729 1573 2798 All
1592 2730 1817 2809 patientiam
1835 2766 1875 2802 et

407 2809 669 2847 nece-nitatem
688 2821 784 2854 quae
801 2809 847 2845 de
866 2809 937 2845 fide
955 2812 994 2845 et
1009 2808 1161 2846 diabolo
1179 2809 1273 2846 dicit
1290 2809 1326 2847 S.
1346 2809 1482 2847 Paulus
1501 2809 1597 2857 Eph.
1615 2810 1661 2847 vi.
1683 2814 1734 2858 16,
1750 2814 1874 2849 trans-

405 2856 537 2894 tuliue
555 2857 702 2893 videtur
719 2856 880 2894 loannes
898 2859 1034 2894 noster.

523 2937 585 2961 102
