1988 3250
268 216 350 258 744
368 216 400 249 a
742 205 1004 250 IOANNIS
1045 204 1561 250 SARESBERIENSIS
1661 202 1880 265 [ΜΒΝΙῙΙ

371 345 402 375 a
419 325 612 370 Pheacas
637 329 718 369 aut
740 326 860 384 apud
880 326 1020 370 Penos
1046 341 1269 370 sermones
1294 326 1349 370 de
1373 326 1592 384 sapientia
1611 329 1761 370 erutos
1780 340 1882 370 con-

414 395 641 439 uiualibus
659 395 822 438 fabulis
841 395 1099 446 miscuisset,
1119 397 1164 439 et
1182 396 1375 454 gratiam
1395 396 1485 439 illis
1503 396 1674 439 cetibus
1693 395 1881 438 amicam

411 464 617 522 perderet
636 467 682 507 et
700 464 749 506 in
768 479 814 507 se
834 464 973 507 risum
988 464 1118 521 plane
1134 464 1302 507 iustum
1317 465 1545 508 moueret?
1604 464 1723 522 Ergo
1737 463 1883 521 prima

412 534 508 578 eius
541 533 792 577 obseruatio
827 533 914 576 erit
946 534 1152 576 estimare
1186 534 1410 578 conuiuas.
1471 534 1655 587 Deinde,
1686 534 1764 577 ubi
1796 533 1882 577 sibi

412 607 565 661 patere
589 603 733 646 locum
757 603 934 653 uiderit,
954 617 1044 645 non
1073 603 1128 646 de
1155 603 1264 660 ipsis
1290 603 1612 660 profunditatis
1638 618 1744 646 suae
1764 603 1884 646 inter
1901 620 1921 655 5

411 673 571 731 pocula
598 673 777 715 secretis
805 672 1023 729 loquetur,
1053 687 1133 715 nec
1162 672 1350 715 nodosas
1379 675 1425 715 et
1454 673 1612 716 anxias
1641 673 1719 716 sed
1749 672 1883 715 utiles

413 742 593 799 quidem
608 741 760 785 faciles
772 744 922 784 tamen
938 741 1136 784 mouebit
1152 741 1443 798 quaestiones.
1501 742 1620 784 Nam
1636 741 1751 784 sicut
1765 741 1885 783 inter

414 812 514 855 illos
535 812 612 868 qui
633 811 715 855 hoc
736 811 937 854 exercitii
957 822 1098 868 genus
1118 811 1286 854 habent
1305 811 1355 853 in
1372 811 1531 854 mediis
1550 811 1714 854 saltare
1733 809 1883 854 conui-

413 881 502 924 uiis
526 881 564 924 si
591 881 703 938 quis,
723 883 776 923 ut
802 895 848 923 se
876 880 1068 937 amplius
1092 884 1306 931 exerceat,
1326 880 1497 923 sodales
1524 879 1597 923 uel
1624 879 1682 922 ad
1705 893 1884 923 cursum

414 950 488 993 uel
507 950 565 992 ad
585 950 854 1007 pugillatum
874 949 1158 1000 lacessiuerit‚
1179 950 1306 1006 quasi
1329 949 1508 1006 ineptus
1534 949 1808 1007 relegabitur
1825 949 1884 992 ab
1903 967 1947 993 ιο

414 1019 645 1063 alacritate
691 1019 912 1071 conuiuii;
952 1019 1014 1062 sic
1063 1019 1183 1075 apud
1226 1033 1424 1062 mensam
1463 1019 1728 1076 quandoque
1752 1019 1885 1076 ,aptis

414 1088 815 1146 philosophandum
851 1091 918 1131 est
951 1090 1004 1130 ut
1036 1088 1196 1131 crateri
1236 1088 1421 1145 liquoris
1461 1088 1519 1131 ad
1558 1088 1749 1131 letitiam
1787 1087 1886 1131 nati

415 1158 680 1201 adhibeatur
711 1172 801 1200 non
840 1157 971 1200 modo
1002 1156 1302 1214 Nimpharum
1338 1157 1415 1200 sed
1446 1157 1676 1200 Musarum
1711 1171 1886 1214 quoque

368 1237 398 1277 b
416 1227 691 1270 admixtione
725 1227 973 1283 temperies.
1031 1226 1150 1269 Nam
1187 1226 1237 1279 si,
1267 1230 1320 1270 ut
1350 1226 1483 1270 fateri
1518 1241 1692 1271 necesse
1727 1228 1806 1280 est,
1837 1226 1886 1269 in

415 1296 536 1342 omni
557 1299 779 1339 conuentu
806 1299 887 1338 aut
912 1296 1149 1339 tacendum
1176 1299 1245 1339 est
1271 1299 1351 1339 aut
1380 1296 1673 1354 loquendum;
1702 1310 1885 1353 quaera-
1905 1315 1945 1350 1⁵

414 1379 514 1407 mus
543 1364 827 1407 silentiumne
856 1364 1074 1408 conuiuiis
1101 1380 1160 1408 an
1189 1368 1436 1422 oportunus
1464 1380 1608 1408 sermo
1635 1365 1884 1410 conueniat.

414 1432 464 1476 Si
505 1433 635 1484 enim,
664 1436 717 1476 ut
755 1433 875 1490 apud
910 1433 1111 1476 Athenas
1145 1433 1330 1477 Athicas
1361 1434 1650 1492 Ariopagitae
1689 1436 1886 1478 tacentes

414 1502 626 1553 iudicant,
647 1503 713 1546 ita
732 1502 852 1545 inter
871 1502 1024 1560 epulas
1044 1505 1219 1560 oportet
1238 1503 1370 1554 sileri,
1391 1518 1481 1546 non
1505 1506 1573 1546 est
1599 1503 1720 1547 ultra
1749 1517 1884 1561 quae-

416 1571 604 1615 rendum
629 1572 747 1614 inter
773 1586 947 1615 mensas
971 1572 1373 1630 philosophandum
1401 1573 1461 1616 sit
1490 1587 1639 1616 necne.
1701 1573 1750 1616 Si
1777 1586 1885 1616 uero

415 1655 505 1684 non
545 1644 677 1684 erunt
722 1645 849 1684 muta
893 1642 1116 1695 conuiuia,
1153 1657 1242 1693 cur,
1283 1642 1360 1685 ubi
1408 1657 1551 1686 sermo
1594 1642 1884 1700 permittitur,
1904 1660 1949 1686 ae

415 1710 628 1753 honestus
647 1724 791 1753 sermo
817 1710 1090 1767 prohibetur,
1110 1711 1303 1755 maxime
1332 1725 1433 1755 cum
1460 1726 1550 1755 non
1571 1712 1719 1755 minus
1748 1726 1883 1769 quam

415 1779 601 1822 dulcedo
621 1779 716 1822 uini
738 1778 932 1822 hilarent
959 1779 1098 1822 uerba
1120 1780 1409 1828 conuiuiqu
1471 1780 1589 1833 Quid
1610 1781 1705 1834 hoc,
1725 1781 1886 1838 inquis,

415 1848 475 1891 ad
503 1848 862 1905 philosophiam?
922 1848 1066 1891 Immo
1092 1848 1229 1893 nichil
1257 1852 1350 1892 tam
1377 1853 1617 1907 cognatum
1641 1850 1886 1907 sapientiae

415 1932 550 1975 quam
565 1917 671 1961 locis
691 1921 737 1961 et
756 1917 1029 1974 temporibus
1049 1920 1203 1975 aptare
1222 1933 1456 1971 sermones,
1469 1934 1756 1976 personarum
1773 1933 1886 1977 quae

415 1987 607 2030 aderunt
626 1987 905 2030 estimatione
929 1987 976 2029 in
1006 1988 1201 2031 medium
1229 1991 1399 2032 uocata.
1461 1988 1586 2032 Alios
1606 1988 1723 2031 enim
1744 1989 1886 2032 relata
1905 2010 1948 2047 ²5

416 2056 664 2102 incitarunt
692 2055 895 2113 exempla
918 2056 1141 2099 uirtutum
1169 2057 1279 2100 alios
1308 2057 1620 2101 beneficiorum
1650 2058 1887 2102 nonnullos

416 2125 659 2169 modestiae
683 2128 736 2168 ut
755 2128 801 2168 et
820 2125 896 2182 qui
924 2125 1055 2169 aliter
1080 2126 1274 2183 agebant
1299 2141 1429 2184 saepe
1454 2126 1620 2170 auditis
1645 2128 1810 2171 talibus
1830 2128 1888 2172 ad

377 2209 402 2240 c
419 2194 771 2239 emendationem
803 2194 1020 2238 uenirent.
1079 2195 1154 2239 Sic
1185 2199 1335 2239 autem
1370 2196 1495 2239 uitiis
1531 2196 1739 2248 irretitos,
1770 2197 1807 2241 si
1843 2200 1890 2243 et

419 2265 527 2308 haec
548 2264 595 2307 in
616 2263 834 2308 conuiuiis
854 2264 1052 2322 exegerit
1079 2265 1287 2323 loquendi
1315 2266 1433 2317 ordo,
1456 2265 1589 2310 feriet
1609 2267 1889 2325 philosophia

417 2349 507 2378 non
528 2333 781 2385 sentientes,
800 2336 853 2376 ut
869 2333 1002 2377 Liber
1020 2338 1149 2392 pater
1169 2338 1294 2393 tyrso
1316 2335 1422 2379 ferit
1441 2350 1521 2393 per
1540 2336 1888 2394 obliquationem
1907 2356 1951 2391 30

421 2442 461 2470 11
484 2438 567 2479 post
603 2432 830 2479 quandoque
864 2433 948 2469 add.
981 2443 1005 2468 a
1039 2431 1106 2477 (ε
1125 2432 1238 2480 aptis,
1270 2435 1365 2480 quod
1397 2445 1467 2470 voc.
1503 2445 1549 2470 ex
1579 2435 1762 2472 Macrobii
1789 2440 1891 2472 tantu

417 2492 488 2526 nup
516 2480 598 2525 levi)
616 2478 705 2515 GBS
911 2489 951 2516 12
978 2479 1334 2528 phylosophandum
1354 2481 1392 2517 M
1579 2490 1620 2526 17
1648 2484 1691 2519 ut
1708 2494 1775 2520 om.
1793 2482 1889 2520 CBA

418 2530 479 2564 att
511 2527 585 2563 'cas
604 2526 642 2562 M
777 2526 1010 2574 arriopagite
1027 2527 1073 2563 A¹
1234 2539 1282 2565 20
1307 2531 1413 2566 muta
1429 2540 1505 2566 non
1522 2531 1636 2566 erunt
1652 2529 1685 2566 A
1842 2540 1888 2569 22

418 2574 599 2621 hylarent
618 2573 657 2610 M
753 2573 882 2621 inquis
899 2574 971 2612 hoc
989 2573 1023 2610 A
1166 2585 1212 2622 29
1236 2575 1308 2613 hoc
1326 2576 1365 2612 M
1507 2586 1556 2622 30
1579 2576 1674 2614 tirso
1692 2576 1759 2614 SM

468 2672 489 2699 2
513 2636 690 2699 avale-am:
727 2668 852 2709 aptam
880 2661 1044 2699 Mam-ob,
1224 2673 1260 2700 11
1302 2666 1488 2701 conuiuii:
1523 2666 1694 2702 consortii
1722 2664 1889 2703 Macrob.

419 2711 653 2757 quandoque:
686 2713 831 2757 quando
856 2711 935 2746 licat
960 2709 1123 2746 Macrob.
1287 2721 1299 2747 1
1355 2713 1396 2747 Si
1413 2715 1528 2750 enim:
1555 2715 1652 2749 Nam
1668 2714 1702 2749 εἰ
1725 2712 1891 2750 Macrob.

422 2766 466 2793 22
495 2759 592 2801 Quid
608 2758 671 2793 hoc
689 2759 761 2794 etc.
782 2769 897 2804 usque
915 2757 962 2794 ad
971 2759 1092 2804 suerit
1110 2759 1196 2803 (744
1211 2757 1254 2803 D)
1270 2769 1279 2794 z
1349 2759 1475 2797 acrob.
1491 2762 1567 2796 Sat.
1586 2759 1648 2797 vii.
1672 2770 1686 2797 1
1710 2759 1751 2807 §§
1773 2769 1886 2808 20—25

419 2803 559 2841 Omisit
587 2804 746 2842 Ioannes
766 2804 807 2852 §5
838 2806 888 2848 18.
916 2815 967 2852 19,
991 2804 1081 2851 quia
1105 2804 1305 2842 versiculos
1329 2817 1375 2843 ex
1400 2807 1563 2846 Homero
1584 2806 1725 2846 Graece
1751 2806 1888 2845 citatos

419 2850 613 2889 exhibent.
756 2862 802 2900 29
826 2853 932 2890 haec:
959 2854 1025 2891 hoc
1043 2852 1206 2889 Macrob.

532 2922 596 2958 28⁶
