1988 3250
225 227 302 277 761
319 235 346 268 e
691 225 952 270 IOANNIS
991 224 1505 270 SARESBERIENSIS
1616 223 1726 286 [ΗΒ.
1741 234 1835 269 VIII

367 346 490 390 aleae
519 348 566 390 et
594 346 774 390 calculis
803 346 1025 390 interdum
1059 360 1238 390 uacasse
1267 346 1474 398 traditur,
1505 361 1606 390 cum
1639 346 1751 390 bene
1785 359 1837 390 ac

369 415 448 459 diu
490 416 591 459 iura
630 416 796 460 ciuium
835 415 1182 472 cerimoniasque
1221 415 1403 459 deorum
1442 416 1701 460 ordinasset.
1774 416 1838 459 Vt
1888 423 1890 425 ’

369 485 489 528 0111111
526 485 574 528 111
608 485 742 528 rebus
775 485 902 528 seriis
941 485 1182 536 Sceuolam,
1214 484 1280 528 ita
1318 485 1367 527 in
1405 485 1576 529 lusibus
1614 485 1838 529 hominem

370 554 544 611 agebat,
564 569 695 611 quem
715 569 864 597 rerum
887 557 1052 597 natura
1072 554 1271 597 continui
1291 554 1455 597 laboris
1474 555 1719 611 patientem
1746 568 1839 597 esse

370 637 462 666 non
496 623 615 666 sinit.
689 623 831 680 quue
868 623 986 666 uidit
1026 623 1243 676 Socrates,
1274 623 1350 680 qui
1390 623 1559 666 nullam
1595 623 1839 681 sapientiae
1858 634 1878 670 5

324 698 354 739 d
371 695 546 750 partem
588 692 754 736 dicitur
792 692 998 735 habuisse
1037 692 1260 748 ignotam3
1309 692 1494 749 ideoque
1532 707 1623 735 non
1663 692 1842 735 erubuit

371 764 480 805 tunc
511 775 624 813 cum,
640 761 904 819 interposita
935 761 1152 804 arundine
1173 760 1376 804 cruribus
1396 760 1500 811 suis,
1514 775 1615 804 cum
1641 761 1842 818 paruulis

370 830 519 874 filiolis
553 830 710 873 ludens
744 830 801 873 ab
835 830 1066 887 Alcipiade
1100 829 1216 872 risus
1247 832 1326 873 est.
1398 829 1620 872 Homerus
1655 844 1842 886 quoque,

371 899 545 944 celestis
583 902 712 943 uates
749 899 929 958 ingenii,
970 914 1060 942 non
1099 899 1222 941 aliud
1267 899 1406 942 sentit
1443 899 1844 943 uehementissimis

321 997 324 1000 -
372 969 561 1012 Achillis
587 969 793 1012 manibus
819 983 1002 1012 canoras
1026 968 1136 1011 fides
1162 968 1344 1011 oltando
1364 968 1451 1011 nisi
1471 972 1524 1012 ut
1548 983 1701 1012 earum
1727 968 1844 1011 mili·
1863 980 1904 1006 ιο

375 1041 473 1081 tare
493 1038 630 1081 robur
649 1038 738 1081 leui
768 1038 889 1095 pacis
915 1037 1064 1081 studio
1088 1037 1321 1080 relaxaret.
1380 1038 1437 1080 In
1464 1052 1638 1081 summa
1667 1037 1844 1082 histrio-

372 1107 494 1150 niam
514 1107 791 1150 saltatoriam
813 1109 858 1150 et
885 1106 1139 1149 huiusmodi
1169 1107 1387 1150 lenocinia
1417 1121 1619 1150 exercere
1647 1107 1846 1150 leuitatis

373 1179 455 1220 aut
485 1176 782 1233 turpitudinis
821 1178 900 1218 est.
972 1175 1061 1218 Sed
1091 1175 1301 1218 delectari
1330 1176 1378 1218 in
1408 1176 1471 1219 eis
1501 1191 1620 1220 nunc
1651 1177 1709 1219 ad
1742 1176 1847 1227 otia,

374 1260 493 1289 nunc
522 1246 580 1288 ad
603 1245 775 1302 flagitia
795 1244 975 1288 accedit.
1036 1244 1086 1288 Si
1113 1245 1231 1287 enim
1258 1245 1454 1289 modeste
1483 1247 1565 1289 fiat
1593 1246 1651 1289 ad
1680 1261 1846 1290 recrea·

376 1315 558 1366 tionem,
587 1315 671 1358 sub
700 1314 872 1357 otiandi
901 1314 1082 1357 licentia
1116 1318 1381 1368 excusatur;
1419 1315 1458 1358 si
1488 1315 1546 1358 ad
1576 1315 1848 1360 lasciuientis
1867 1332 1906 1368 15

378 1384 517 1428 animi
536 1384 827 1440 uoluptatem,
847 1383 968 1427 cadit
995 1383 1043 1425 in
1066 1383 1245 1427 crimen.
1306 1383 1429 1428 Haec
1459 1387 1610 1428 autem
1638 1384 1849 1429 facillime

377 1453 616 1511 distinguit
643 1453 726 1496 loci
757 1453 969 1509 temporis
998 1452 1118 1495 modi
1147 1467 1359 1510 personae
1387 1456 1434 1497 et
1458 1468 1616 1498 causae
1646 1454 1850 1511 superius

379 1525 624 1566 memorata
662 1522 880 1573 discretio,
919 1536 1053 1579 quam
1101 1521 1219 1565 forte
1264 1522 1397 1565 nimis
1436 1523 1663 1566 reuoluere
1702 1526 1850 1581 posset

231 1591 315 1640 762
334 1600 365 1630 a
380 1592 536 1650 lingua
564 1592 803 1642 uerbosior,
822 1591 899 1634 sed
929 1606 1026 1634 eam
1053 1606 1177 1635 mens
1203 1595 1335 1636 cauta
1361 1593 1590 1636 reuoluere
1617 1593 1750 1636 nimis
1769 1595 1851 1637 aut

381 1661 606 1706 continere
633 1676 723 1704 non
748 1664 904 1718 potest.
966 1661 1088 1704 Haec
1115 1663 1183 1705 est
1213 1661 1331 1704 enim
1361 1661 1462 1705 fons
1488 1664 1534 1705 et
1560 1662 1685 1720 origo
1710 1662 1850 1706 totius
1869 1679 1912 1705 ιο

381 1730 635 1781 modestiae,
664 1730 759 1773 sine
789 1744 877 1787 qua
905 1730 1042 1773 nichil
1071 1733 1189 1774 recte
1218 1730 1265 1772 in
1295 1730 1448 1774 officiis
1478 1734 1719 1775 exercetur.
1778 1731 1851 1775 Ab

383 1800 467 1844 hac
486 1799 597 1843 alios
615 1799 704 1842 alia
723 1799 876 1843 decere
897 1798 969 1842 uel
989 1798 1197 1842 dedecere
1217 1802 1386 1843 certum
1408 1803 1487 1844 est.

499 1879 618 1923 Nam
649 1879 767 1936 quod
798 1883 930 1937 turpe
959 1879 1087 1922 bonis
1116 1879 1219 1923 Seio
1248 1879 1453 1938 Titioque
1482 1881 1655 1925 decebit

501 1937 770 1995 Crispinum.

386 2018 610 2076 Perspicui
630 2033 735 2076 ergo
749 2018 910 2062 erroris
930 2020 998 2061 est
1017 2018 1073 2061 ad
1094 2018 1435 2063 fundamentum
1456 2018 1602 2063 famae
1622 2022 1668 2064 et
1686 2020 1853 2078 gloriae
1872 2032 1915 2068 ²5

385 2102 640 2133 consumere
668 2087 810 2130 uitam
838 2088 885 2130 in
913 2087 1079 2130 talibus
1110 2103 1223 2145 quae
1249 2091 1329 2131 aut
1355 2089 1522 2132 otiosae
1547 2089 1855 2147 occupationes

387 2161 494 2202 sunt
525 2161 606 2200 aut
644 2157 866 2215 flagitiosa
904 2157 1092 2215 negotia.
1165 2157 1368 2202 Profecto
1401 2158 1464 2202 sic
1502 2158 1857 2216 delinquentium

387 2227 609 2286 particeps
632 2230 700 2270 est
720 2226 795 2284 qui
817 2241 968 2270 eorum
986 2226 1211 2270 lasciuiam
1228 2227 1421 2279 exhibet,
1436 2230 1482 2271 et
1505 2230 1659 2271 auctor
1678 2228 1859 2273 uidetur

389 2310 482 2340 esse
512 2295 717 2339 luxuriae
744 2296 913 2340 alienae
944 2295 1019 2353 qui
1048 2311 1144 2339 eam
1175 2296 1349 2340 mauult
1374 2297 1626 2354 sumptibus
1652 2298 1857 2357 prosequi

389 2364 462 2410 uel
484 2363 636 2409 fauore
656 2379 788 2422 quam
809 2365 1012 2422 persequi
1045 2365 1345 2422 increpatione
1371 2366 1575 2410 adhibita
1601 2370 1646 2411 et
1671 2367 1857 2426 sumpti·
1875 2377 1919 2414 80

390 2434 474 2477 bus
505 2434 745 2490 denegatis.
805 2434 1034 2492 Siquidem
1069 2434 1329 2478 Ambrosius
1359 2439 1515 2479 auctor
1549 2439 1617 2480 est
1648 2437 1754 2495 quia
1781 2437 1859 2496 qui

393 2505 828 2582 W
843 2524 952 2560 uates
968 2522 1119 2560 celestis
1134 2522 1182 2559 A¹

445 2607 488 2635 10
512 2598 680 2634 oleandoz
705 2596 757 2634 tic
775 2609 908 2635 omnes
930 2597 1084 2634 Ioannis
1101 2597 1250 2635 codices
1266 2611 1275 2644 ;
1301 2601 1461 2646 aptando
1477 2598 1561 2636 val.
1579 2598 1679 2637 Max.
1814 2609 1858 2648 17

393 2647 579 2692 cuper-ina:
605 2657 637 2680 v.
655 2656 769 2692 supra
785 2645 809 2681 i.
823 2656 845 2690 4
860 2647 944 2692 (396
959 2647 1016 2690 n).
1068 2655 1112 2691 23
1139 2647 1235 2682 Nam
1251 2648 1345 2703 quod
1361 2649 1455 2684 etc.:
1483 2647 1560 2685 Iuv.
1573 2649 1648 2684 Sat.
1664 2647 1710 2684 iv.
1728 2657 1780 2695 13.
1796 2658 1858 2695 1⁴³

394 2693 444 2731 cs.
463 2704 577 2739 snpra
594 2691 617 2729 i.
635 2703 656 2738 4
676 2695 759 2739 (397
771 2693 827 2735 Α).
900 2695 980 2730 Seio
1001 2694 1183 2740 Titioque:
1215 2694 1309 2731 Titio
1326 2696 1472 2743 Seioque
1490 2694 1569 2731 Iuv.
1643 2705 1684 2741 31
1713 2696 1860 2734 Ambro-

394 2742 490 2778 n'ua:
525 2739 650 2787 potiu-
675 2739 908 2787 Augustinus
933 2741 1070 2777 Enarr.
1097 2743 1136 2777 in
1161 2742 1218 2777 Ρε.
1238 2741 1335 2824 (11.3
1360 2751 1400 2788 13
1428 2741 1575 2797 (11113110
1599 2743 1640 2779 Ρ.
1658 2743 1702 2779 L.
1721 2741 1858 2780 xxxvii.

396 2786 1147 2890 &32:232st'fisszussffiisshffiffieffz
1164 2788 1860 2884 Ξᾶῗὲῖἒῖἷὲἱὲι2,ξὲυὸιίίέἒυῖἮῆ

397 2882 436 2920 11.
453 2892 495 2920 21
517 2881 535 2929 ξ
560 2882 790 2930 1090113110
807 2884 848 2920 P.
866 2884 908 2919 L.
928 2894 1000 2919 xvi.
1023 2886 1118 2930 133).

507 2935 573 2980 31⁶
