1988 3250
231 216 310 269 ὁδὶ
327 226 359 260 a
681 209 944 256 IOAN'NIS
985 205 1501 254 SARESBERIENSIS
1626 204 1750 268 [1¹13.
1766 216 1840 250 vn

325 338 357 379 b
375 333 433 380 ad
458 331 651 391 gratiam
683 345 817 388 quam
847 329 1108 374 meritorum
1141 328 1306 372 iudicio
1339 327 1617 372 deferuntur.
1675 327 1842 370 Omnes

374 403 527 460 itaque
565 403 763 451 currunt,
809 399 899 451 sed,
937 413 1038 443 cum
1084 413 1136 442 eo
1181 402 1367 442 uentum
1407 401 1487 451 est,
1526 412 1643 441 unus
1681 396 1844 453 accipit

373 472 581 517 brauium
609 471 685 514 ille
713 470 791 527 qui
820 470 869 512 in
897 483 1031 513 cursu
1060 468 1316 511 ambitionis
1344 468 1444 511 aliis
1472 467 1664 511 uelocior
1689 465 1846 510 extitit

375 544 422 585 et
461 540 538 598 qui
577 538 880 598 praecucurrit
917 537 1050 581 citius
1090 537 1223 580 Petro
1257 539 1303 580 et
1336 537 1495 594 quouis
1526 536 1845 593 discipulorum

377 610 560 655 Christi.
620 608 834 653 Ascendit
861 608 978 650 enim
1008 607 1109 650 ilico
1139 609 1185 650 et
1214 621 1389 650 omnem
1419 606 1690 650 celeritatem
1720 604 1845 648 festi·
1864 620 1885 656 5

377 683 510 724 natae
530 678 776 723 necationis
795 677 1041 735 praeuenit.
1101 676 1164 718 Hi
1185 679 1291 719 sunt
1307 676 1385 732 qui
1404 675 1570 720 crebris
1589 676 1848 718 muneribus

377 749 567 796 uisitant
586 750 842 806 potestates,
862 745 1068 789 laterales
1088 748 1134 788 et
1159 744 1402 788 familiares
1423 759 1575 788 eorum
1594 745 1848 795 sollicitant,

378 818 660 864 ecclesiarum
684 816 840 873 primis
867 829 914 858 se
941 814 1264 864 commendant,
1284 813 1560 870 applaudant
1579 814 1784 857 omnibus
1803 815 1851 856 et

379 888 516 935 etiam
536 900 798 944 magnarum
814 885 1026 928 domuum
1042 898 1132 927 non
1152 883 1283 926 modo
1303 883 1508 926 officiales
1528 883 1606 926 sed
1623 883 1851 927 ciniflones

380 961 544 1015 rogant
572 959 636 1007 ut,
659 970 759 1000 cum
790 954 933 998 locum
963 953 1173 1006 uiderint,
1200 953 1486 996 meminerint
1513 952 1595 996 sui.
1655 952 1718 994 Hi
1745 953 1853 995 sunt
1872 966 1913 992 ιο

382 1026 513 1070 amici
542 1025 741 1069 omnium
772 1027 817 1067 et
844 1023 920 1080 qui
950 1037 1041 1066 non
1071 1037 1117 1066 se
1147 1022 1225 1066 sed
1255 1023 1419 1065 amicos
1448 1021 1498 1064 in
1527 1036 1574 1065 se
1598 1021 1856 1065 desiderant

381 1094 647 1154 promoueri.
707 1093 770 1136 Hi
802 1095 908 1136 sunt
933 1092 1010 1149 qui
1036 1092 1180 1136 uitam
1207 1094 1466 1135 scrutantur
1492 1090 1694 1142 alienam,
1714 1089 1855 1147 negli-

383 1173 500 1225 gunt
528 1179 667 1217 suam,
686 1162 981 1208 infulatorum
1009 1177 1149 1205 annos
1178 1161 1474 1212 dinumerant,
1501 1160 1623 1204 canis
1645 1160 1856 1211 letantur,

342 1250 368 1279 c
384 1235 576 1293 phisicos
610 1237 656 1277 et
688 1233 953 1291 genelliacos
986 1231 1041 1275 de
1073 1231 1182 1275 fatis
1220 1230 1570 1288 praesidentium
1607 1229 1858 1280 consulunt,

384 1304 553 1348 librant
582 1303 789 1346 humores
824 1305 870 1345 et
902 1301 1029 1358 quasi
1063 1301 1112 1344 in
1146 1303 1314 1344 statera
1344 1299 1605 1357 appendunt
1639 1299 1858 1342 elementa
1875 1309 1917 1346 τε

384 1373 634 1425 uiuacium;
670 1374 716 1415 et
745 1385 855 1428 quos
884 1370 1058 1414 diutius
1086 1384 1313 1427 superesse
1343 1369 1664 1426 conspexerint,
1692 1370 1859 1411 etatem

386 1442 592 1488 Nestoris
615 1441 771 1486 dicunt
795 1440 1005 1484 excedere
1032 1442 1078 1484 et
1104 1439 1225 1484 cerui
1252 1442 1332 1482 aut
1358 1439 1545 1483 cornicis
1564 1439 1654 1481 iam
1675 1437 1861 1495 implere

386 1525 654 1556 mensuram.
713 1509 893 1553 Debiles
931 1512 1052 1553 etate
1090 1508 1164 1552 uel
1203 1508 1358 1552 morbo
1402 1507 1676 1558 concutiunt,
1723 1506 1861 1550 etiam

389 1581 582 1626 sinceros
612 1579 872 1624 criminibus
907 1578 1159 1623 incrustant
1190 1577 1422 1629 simulatis,
1451 1579 1498 1621 et
1528 1576 1656 1634 quasi
1687 1574 1862 1619 heredi-

388 1653 519 1709 petae
558 1648 866 1693 uacillantium
904 1647 1127 1691 cathedris
1166 1646 1438 1690 insidiantur
1474 1645 1684 1703 turpique
1723 1645 1860 1688 inter·
1879 1656 1924 1684 ao

389 1719 599 1764 ueniente
640 1716 900 1762 commercio
939 1719 1252 1773 occupatarum
1291 1715 1464 1759 sedium
1509 1729 1639 1772 saepe
1682 1714 1864 1758 illicitas

392 1788 636 1846 im1>etrant
667 1786 896 1830 cessiones.
956 1785 1018 1829 Hi
1051 1788 1158 1828 sunt
1192 1784 1270 1842 qui
1303 1784 1359 1828 de
1388 1798 1435 1828 se
1469 1783 1788 1828 coadiuuandis
1817 1785 1867 1826 et

392 1855 706 1916 promouendis
725 1854 920 1898 nefarias
944 1854 1237 1912 obligationes
1258 1853 1573 1912 interponunt3
1605 1856 1651 1896 et
1670 1853 1865 1904 tandem,

393 1941 495 1973 cum
530 1926 588 1969 ad
622 1939 715 1969 rem
754 1927 940 1968 uentum
975 1926 1054 1975 est,
1085 1923 1363 1967 immemores
1396 1923 1500 1966 fidei
1539 1925 1694 1966 contra
1731 1922 1866 1966 fidem

395 1996 526 2041 datae
551 2009 598 2038 se
624 1995 743 2053 ipsos
769 1993 1026 2038 ambitionis
1051 1996 1097 2037 et
1120 1992 1316 2037 inuidiae
1336 1992 1530 2036 stimulis
1550 1991 1801 2049 impediunt
1820 1994 1866 2036 et
1885 2003 1928 2040 ¹3

396 2064 630 2123 repellunt.
691 2063 766 2108 Sic
800 2077 905 2121 ergo
938 2062 1210 2120 plerumque,
1242 2062 1350 2106 dum
1389 2061 1728 2119 competitorum
1768 2061 1870 2105 rixa

351 2142 383 2186 d
398 2133 628 2184 crudescit,
640 2133 860 2190 sapientia
881 2132 964 2176 Dei
984 2146 1063 2189 per
1077 2131 1295 2176 occultam
1315 2134 1362 2175 et
1381 2134 1547 2175 rectam
1567 2131 1872 2188 dispositionis

399 2218 506 2249 suae
526 2203 647 2246 uiam
667 2201 842 2245 fidelem
862 2201 1137 2259 incognitum
1151 2201 1395 2244 introducit
1415 2201 1469 2244 de
1490 2215 1577 2258 quo
1589 2214 1873 2258 nequaquam

400 2275 698 2333 praecesserat
718 2286 861 2315 sermo
880 2271 952 2315 uel
975 2270 1198 2328 cogitatio.
1258 2270 1332 2313 Illi
1354 2273 1505 2314 tamen
1529 2284 1586 2313 ex
1612 2270 1877 2327 contingen-

402 2343 524 2387 tibus
544 2341 680 2385 nichil
701 2341 942 2393 omittunt3
967 2340 1052 2384 nisi
1075 2339 1191 2383 forte
1213 2340 1259 2383 in
1280 2354 1331 2383 eo
1351 2339 1657 2397 contingentia
1677 2342 1872 2398 praeter·
1889 2352 1936 2388 30

403 2413 590 2458 mittant
619 2410 737 2469 quod
767 2409 1003 2455 ambiendo
1033 2410 1213 2454 modum
1244 2409 1476 2461 excedunt,
1499 2410 1538 2453 si
1569 2414 1720 2454 tamen
1749 2409 1797 2453 in
1823 2423 1878 2455 eo

405 2532 429 2570 9
453 2521 648 2560 oituflone·
665 2519 738 2558 A’S
907 2530 951 2565 14
975 2521 1014 2557 et
1031 2531 1098 2557 om.
1117 2518 1162 2556 1³¹
1308 2528 1349 2566 15
1376 2518 1573 2565 apendunt
1590 2517 1678 2555 GBS
1831 2526 1878 2556 22

405 2570 584 2609 sessione·
602 2568 641 2606 M

459 2677 473 2706 ι
503 2669 633 2704 Omna
647 2668 745 2704 eta:
772 2677 806 2703 v.
829 2675 842 2701 ι
863 2662 947 2701 Cor.
962 2662 1014 2701 ix.
1033 2674 1091 2708 ²4·
1256 2673 1279 2708 4
1302 2665 1554 2710 praecucurrit
1570 2664 1641 2700 etc.
1658 2675 1667 2700 ε
1693 2674 1727 2700 v.
1746 2661 1881 2700 Ioann.

407 2725 469 2752 xx.
490 2725 524 2759 4.
643 2723 666 2760 9
689 2714 900 2759 cinfflonuz
926 2723 958 2748 v.
979 2710 1070 2749 Hor.
1085 2713 1159 2747 Sat.
1176 2709 1199 2747 i.
1216 2720 1249 2747 2.
1263 2711 1320 2757 98.
1442 2721 1484 2756 ¹4
1505 2712 1688 2758 phisioos:
1714 2722 1746 2747 v.
1763 2721 1880 2757 supra

407 2761 450 2800 ii.
471 2772 483 2799 ι
509 2764 591 2807 (415
606 2762 658 2806 o).
785 2760 1015 2815 qenella'aeoae:
1041 2771 1072 2795 v.
1091 2770 1206 2805 supra
1223 2757 1248 2794 i.
1270 2768 1311 2795 12
1330 2758 1415 2803 (408
1428 2759 1486 2804 D).
1611 2759 1665 2802 16,
1687 2767 1727 2803 17
1754 2763 1882 2794 etatem

408 2811 589 2848 Nalm-ie:
627 2820 659 2844 v.
682 2806 852 2844 Martini.
873 2808 1001 2853 Ερῐρν.
1024 2805 1064 2844 ii.
1088 2807 1146 2851 64.
1169 2816 1202 2851 3,
1225 2805 1274 2842 vi.
1297 2814 1355 2852 70.
1381 2815 1437 2844 12.
1610 2814 1653 2851 17
1688 2807 1788 2843 corut·
1814 2809 1883 2843 aue

408 2859 581 2896 comicis:
606 2868 639 2894 v.
657 2855 733 2894 Cic.
754 2856 855 2892 Tuae.
872 2856 977 2902 Diep.
996 2852 1050 2891 iii.
1072 2855 1115 2892 28
1135 2852 1153 2901 ξ
1172 2855 1230 2900 69.

521 2937 582 2974 ¹7¹
