1988 3250
175 209 275 243 car.
288 194 359 256 xt]
690 197 1128 244 POLICRATIGVS
1652 219 1732 263 7⁵4
1751 220 1783 252 a.

172 317 411 375 temptauit
425 317 530 360 dare
545 317 828 361 mulierculae
847 317 994 361 cibum
1009 319 1147 363 donec
1161 321 1322 364 ancilla
1333 323 1429 366 uini
1450 324 1638 382 (certum

170 387 328 443 habeo)
359 386 493 429 odore
521 388 730 443 corrupta
759 386 953 443 primum
983 387 1082 444 ipsa
1111 389 1312 444 porrexit
1341 391 1399 433 ad
1432 393 1636 436 humani-

169 458 308 500 tatem
328 455 564 498 inuitantis
584 454 749 497 uictam
769 469 964 498 manum.
1025 455 1196 499 Deinde
1211 457 1378 501 refecta
1397 461 1575 516 potione
1591 466 1638 506 et

167 525 266 570 cibo
294 538 551 582 expugnare
575 523 778 566 dominae
803 523 1094 581 pertinaciam
1123 526 1268 582 coepit
1295 529 1362 570 et:
1393 528 1511 581 Quid
1536 545 1635 586 pro·

130 607 150 642 5
168 594 295 647 derit,
319 593 479 651 inquit,
505 593 588 636 1100
621 593 719 645 tibi,
739 592 777 635 si
807 593 954 636 soluta
982 593 1131 636 inedia
1161 594 1312 647 fueris,
1339 596 1376 638 si
1407 600 1452 639 te
1482 599 1635 642 uiuam

166 663 399 721 sepelieris,
419 662 457 706 si
481 665 718 719 antequam
745 661 842 705 fata
867 665 1050 720 poscant
1069 663 1407 722 indempnatum
1427 666 1635 712 effuderis

165 733 371 791 spiritum
386 735 402 776 2

279 819 335 862 Id
363 818 554 863 cinerem
582 820 664 862 aut
691 832 844 861 manes
872 817 1014 862 credis
1042 832 1197 862 curare
1226 820 1454 878 sepultos?

163 904 245 949 Vis
283 908 335 949 tu
374 905 638 950 reuiuiscere
680 906 1001 950 reluctantibus
1047 905 1156 949 fatis
1201 907 1480 953 extinctum?
1552 909 1631 953 Vis
1647 919 1677 958 b

106 992 148 1018 10
163 974 359 1019 discusso
388 974 593 1018 muliebri
628 987 774 1018 errore
805 974 1017 1032 quamdiu
1046 974 1222 1018 licuerit
1251 976 1362 1019 lucis
1391 978 1631 1022 commodis

163 1043 286 1088 frui?
343 1044 496 1102 Ipsum
520 1047 566 1087 te
591 1043 776 1088 iacentis
805 1058 963 1101 corpus
993 1043 1229 1088 admonere
1255 1045 1388 1089 debet
1411 1050 1464 1090 ut
1490 1048 1631 1092 uiuas.

161 1112 305 1157 Nemo
325 1113 495 1157 inuitus
515 1112 652 1164 audit,
673 1128 773 1157 cum
801 1113 954 1156 uiuere
980 1113 1156 1171 cogitur
1179 1117 1259 1158 aut
1278 1130 1451 1159 sumere
1470 1116 1632 1162 cibum.

161 1182 322 1240 Itaque
350 1182 519 1233 mulier,
547 1181 719 1239 aliquot
747 1181 920 1225 dierum
950 1182 1223 1226 abstinentia
1251 1184 1375 1235 sicca,
1403 1199 1533 1242 passa
1562 1189 1632 1230 est

162 1251 311 1310 frangi
330 1250 619 1310 pertinaciam
639 1265 776 1294 suam.
826 1251 920 1296 Nec
940 1252 1088 1295 minus
1103 1252 1235 1296 auide
1255 1254 1445 1311 repleuit
1465 1270 1511 1298 se
1530 1255 1629 1299 cibo

102 1339 143 1375 ¹⁵
162 1335 296 1378 quam
334 1320 494 1365 ancilla
524 1335 636 1378 quae
669 1321 792 1378 prior
825 1320 947 1364 uicta
979 1324 1058 1366 est.
1117 1321 1326 1366 Ceterum
1362 1324 1484 1368 scitis
1519 1325 1627 1382 quid

159 1390 417 1448 plerumque
445 1393 663 1448 temptare
692 1389 833 1434 soleat
859 1391 1101 1434 humanam
1127 1392 1394 1437 satietatem.
1454 1394 1627 1448 Quibus

157 1459 387 1504 blanditiis
425 1459 742 1518 impetrauerat
780 1460 907 1504 miles
945 1463 999 1504 ut
1039 1464 1245 1504 matrona
1283 1462 1436 1506 uiuere
1479 1464 1625 1516 uellet,

158 1529 321 1573 eisdem
345 1529 478 1573 etiam
504 1529 764 1587 pudicitiam
792 1530 886 1573 eius
906 1544 1140 1588 aggressus
1159 1534 1237 1575 est.
1297 1531 1342 1574 N
1345 1547 1393 1576 ec
1413 1532 1626 1578 deformis

157 1602 238 1643 aut
271 1598 537 1643 infacundus
567 1598 742 1643 iuuenis
780 1602 928 1643 castae
959 1599 1209 1652 uidebatur,
1239 1601 1401 1645 ancilla
1430 1603 1624 1660 gratiam

99 1691 143 1717 20
157 1667 416 1714 conciliante
435 1682 486 1712 ac
505 1667 691 1712 subinde
710 1668 905 1713 dicente:

442 1754 667 1798 Placitone
696 1755 831 1798 etiam
861 1755 1082 1813 pugnabis
1109 1757 1282 1802 amori?

269 1827 349 1857 nec
377 1813 503 1857 uenit
531 1813 579 1856 in
608 1817 802 1857 mentem
833 1828 1021 1871 quorum
1050 1815 1298 1859 consederis
1326 1815 1477 1860 aruis?

156 1897 276 1952 Quid
306 1898 474 1943 diutius
504 1900 682 1945 moror-2
742 1898 812 1942 Ne
852 1899 967 1943 hanc
1001 1900 1180 1957 quidem
1219 1904 1393 1959 partem
1427 1904 1622 1960 corporis
1641 1914 1667 1945 c

157 1967 316 2011 mulier
370 1968 600 2021 abstinuit,
648 1969 878 2026 uictorque
926 1969 1053 2012 miles
1100 1972 1341 2027 utrumque
1389 1973 1621 2029 persuasit.

98 2051 141 2087 η
158 2035 396 2081 Iacuerunt
433 2052 538 2096 ergo
574 2053 666 2082 una
703 2053 794 2082 11011
825 2042 1004 2082 tantum
1035 2039 1114 2082 illa
1144 2043 1285 2091 nocte,
1317 2055 1406 2098 qua
1439 2043 1621 2099 nuptias

157 2104 368 2158 fecerunt,
386 2107 463 2150 sed
481 2110 656 2164 postem
676 2108 810 2151 etiam
829 2122 880 2152 ac
900 2109 1035 2151 tertia
1054 2108 1139 2161 die,
1154 2109 1393 2166 praeclusis
1413 2111 1621 2156 uidelicet

154 2174 387 2218 conditorii
434 2175 616 2229 foribus,
664 2179 718 2220 ut
762 2177 948 2234 quisque
990 2192 1047 2220 ex
1092 2177 1211 2221 notis
1260 2178 1511 2236 ignotisque
1561 2180 1619 2223 ad

154 2246 487 2287 monumentum
513 2244 694 2290 ueniens
719 2249 920 2303 putasset
943 2247 1167 2304 expirasse
1196 2261 1329 2305 super
1352 2263 1510 2306 corpus
1529 2249 1618 2292 uiri

154 2311 481 2369 pudicissimam
500 2327 694 2358 uxorem.
752 2313 960 2359 Ceterum
987 2315 1232 2360 delectatus
1255 2316 1383 2359 miles
1408 2320 1453 2360 et
1473 2316 1620 2362 forma

156 2442 172 2469 1
200 2431 281 2468 umi
297 2431 405 2469 GBS:
428 2432 535 2470 humi
550 2434 590 2470 M
757 2445 778 2471 2
803 2434 852 2472 ab
870 2446 914 2472 eo
930 2434 1007 2472 c¹B
1185 2445 1203 2483 5
1229 2435 1365 2482 inquid
1384 2436 1409 2473 S
1544 2437 1617 2474 hoc

152 2478 280 2526 inquit
305 2479 379 2517 tibi
405 2479 459 2517 A:
491 2480 618 2528 inquit
645 2480 719 2518 tibi
750 2482 823 2519 hoc
855 2482 895 2518 M
1088 2493 1134 2521 10
1157 2484 1326 2520 comodis
1355 2484 1380 2520 S
1573 2494 1614 2522 11

152 2537 367 2563 ammonere
384 2526 424 2563 M
567 2529 609 2566 18
634 2528 856 2576 pudititiam
872 2529 991 2567 etiam
1007 2529 1061 2568 Αι
1179 2543 1351 2579 agressus
1369 2530 1424 2568 CS
1568 2533 1615 2569 26

153 2573 271 2612 etiam
288 2575 438 2620 postero
454 2573 501 2610 ΑΙ

201 2697 232 2730 1,
249 2698 271 2723 2
297 2692 432 2723 cereum
446 2689 579 2725 habeo:
603 2694 694 2725 certe
710 2690 755 2726 ab
771 2702 810 2727 eo
830 2690 979 2728 Petron.
1100 2693 1122 2729 8
1146 2693 1193 2727 Id
1209 2693 1364 2728 cinerem
1380 2693 1474 2729 eta:
1499 2691 1612 2746 Verg.

150 2735 244 2770 Aen.
259 2733 307 2770 iv.
325 2744 381 2779 34.
579 2745 602 2781 9
625 2738 880 2774 reluctantibus
887 2740 985 2784 fatis
1000 2742 1220 2777 extinctum:
1247 2740 1354 2776 deest
1378 2739 1420 2774 in
1444 2738 1614 2776 Petronii

149 2782 271 2864 :extu²
289 2781 440 2866 quasslem
455 2780 569 2819 hodie
587 2793 673 2820 eum
689 2784 882 2823 habemus.
1103 2796 1146 2824 21
1173 2787 1362 2823 Placitone
1378 2788 1473 2824 etc.:
1498 2786 1613 2834 Vei-g.

188 2840 243 2865 en.
260 2839 307 2866 ιν.
325 2839 345 2875 3
372 2856 380 2874 ,
402 2838 459 2876 39.

1440 2923 1505 2957 303
