1988 3250
201 187 300 222 oar.
315 169 428 236 xm]
720 173 1156 219 POLICRATICVS

199 296 271 339 cui
296 295 481 353 quisque
507 294 645 337 fuerit
664 293 944 343 inhumanus,
964 292 1019 336 de
1038 293 1134 335 iure
1161 293 1346 349 antiquo
1375 293 1555 350 iniquus
1578 295 1656 337 est.

199 364 438 408 Declarant
477 364 558 407 hoc
596 363 744 420 legum
790 362 968 405 tabulae
1014 365 1059 404 et
1099 361 1260 404 titulus
1298 362 1409 405 iuris
1448 363 1524 419 qui
1564 366 1656 406 est:

199 433 407 476 Statutus
427 432 520 476 dies
539 446 639 476 cum
669 432 807 475 hoste.
866 430 954 483 Qui
985 444 1091 472 uero
1121 430 1445 473 humanitatem
1476 431 1658 474 exhibet

1676 173 1810 224 766c

198 501 362 559 hospiti
396 504 442 545 et
472 501 702 545 caritatem
737 499 904 556 implet,
935 498 1071 542 nichil
1107 513 1258 541 eorum
1290 500 1515 542 subtrahit
1545 515 1656 557 quae
1673 502 1703 542 d

159 589 180 623 5
198 570 312 614 ratio
332 570 552 628 permittit
571 569 746 627 exponi.
806 568 1008 610 Effundit
1028 567 1204 624 quidem
1221 567 1267 609 in
1279 568 1475 625 hospites
1490 569 1658 612 uiscera

197 654 301 693 sua3
341 639 418 683 sed
452 654 619 683 memor
652 638 793 689 officii,
832 638 869 681 si
910 638 1125 680 discretus
1165 639 1243 687 est,
1282 637 1339 679 ad
1378 638 1530 695 turpia
1568 653 1657 680 non

196 709 396 767 impellit,
416 723 496 752 nec
517 711 647 766 urget
667 708 917 765 quempiam
938 707 984 749 in
1005 706 1050 749 id
1072 707 1118 748 in
1140 706 1257 763 quod
1277 721 1323 749 se
1339 707 1477 749 nollet
1498 708 1656 764 urgeri.

197 778 279 822 Est
307 779 459 836 itaque
490 779 538 821 in
570 778 788 835 hospitem
819 776 1101 835 peregrinum
1140 777 1284 819 omnis
1323 777 1579 819 humanitas
1611 780 1657 820 et

197 847 343 891 sobria
362 847 605 891 liberalitas
634 847 902 899 exercenda;
933 849 978 889 et
1007 845 1240 903 indigenae
1271 846 1435 903 hospiti
1464 846 1656 903 gratiam

138 932 182 957 ιο
197 916 436 974 pleniorem
458 916 622 960 referre
641 916 772 959 debet
802 915 945 959 tenaci
970 915 1279 958 beneficiorum
1305 916 1516 958 memoria
1535 930 1658 973 pere·

197 986 364 1044 grinus.
423 986 551 1030 Hanc
572 1000 744 1043 quoque
770 985 961 1043 gratiam
988 999 1068 1029 nec
1098 984 1310 1027 aduersae
1334 985 1558 1042 religionis
1578 1000 1658 1028 nec

196 1055 497 1112 praecedentis
529 1055 786 1098 inimicitiae
821 1054 982 1097 titulus
1012 1054 1202 1111 perimit.
1274 1053 1392 1096 Nam
1425 1057 1470 1097 et
1501 1054 1658 1097 beatus

197 1123 436 1182 Gregorius
456 1123 833 1168 Gneocesariensis
852 1123 1091 1181 episcopus,
1110 1138 1210 1166 cum
1231 1127 1417 1181 urgente
1446 1124 1658 1181 temporis

198 1196 244 1236 et
282 1193 496 1250 procellae
535 1193 742 1251 angustia
780 1193 827 1236 in
873 1193 1063 1250 Alpibus
1101 1192 1373 1250 interceptus
1412 1193 1459 1235 in
1500 1192 1656 1235 fanum

137 1281 179 1316 ¹5
198 1262 428 1320 Apollinis,
463 1262 539 1319 qui
571 1262 633 1305 ibi
664 1262 722 1305 ab
754 1262 974 1320 indigenis
1003 1261 1240 1312 colebatur,
1270 1262 1525 1306 diuertisset
1555 1266 1600 1306 et
1629 1277 1657 1306 a

195 1331 419 1376 sacerdote
453 1331 548 1383 loci,
577 1331 680 1375 licet
710 1331 910 1389 profano,
945 1331 1256 1374 officiosissime
1296 1335 1507 1389 exceptus
1542 1335 1657 1375 esset

194 1400 398 1458 hospitio,
427 1415 594 1444 memor
627 1400 756 1445 officii
791 1404 837 1444 et
870 1401 1064 1458 hospitii,
1095 1401 1358 1458 Apollinem,
1390 1416 1519 1458 quem
1560 1416 1653 1444 sus-

192 1469 406 1528 penderat
420 1485 447 1513 a
462 1470 679 1528 responsis
695 1473 740 1514 et
754 1470 1129 1513 ludificationibus
1144 1470 1405 1521 animarum,
1417 1471 1656 1514 sacerdotis

194 1539 396 1597 precibus
415 1539 646 1583 relaxauit.
706 1539 934 1597 Siquidem
954 1540 1073 1597 apud
1095 1540 1334 1583 Eusebium
1355 1539 1656 1584 Cesariensem

135 1626 179 1651 ao
195 1607 243 1651 in
273 1608 576 1653 Ecclesiastica
606 1609 807 1653 Historia
845 1612 1057 1667 poterunt
1087 1610 1194 1653 haec
1234 1609 1408 1667 plenius
1447 1610 1655 1654 inueniri.

195 1677 344 1735 quue
376 1677 594 1722 referente
627 1681 802 1722 constat
836 1678 953 1736 quod
993 1678 1194 1722 sacerdos
1233 1678 1454 1736 querulus,
1475 1679 1655 1722 beatum

196 1747 459 1806 Gregorium
493 1751 750 1805 prosecutus
784 1751 830 1791 et
864 1763 999 1806 agens
1031 1748 1244 1791 aduersus
1278 1762 1379 1791 eum
1415 1748 1655 1806 ingratitu-

193 1816 310 1860 dinis
341 1819 386 1860 et
420 1817 691 1874 exprobrans
723 1818 992 1861 humanitati
1023 1832 1128 1860 suae
1158 1817 1311 1874 iniquo
1341 1817 1533 1874 pondere
1563 1833 1656 1862 esse

194 1899 438 1943 repensum,
453 1886 566 1929 hanc
586 1901 614 1929 a
632 1890 785 1930 sancto
805 1887 903 1930 uiro
923 1886 980 1930 ad
1001 1886 1251 1944 Apollinem
1273 1901 1403 1930 suum
1424 1887 1656 1944 epistolam

134 1974 176 2009 ²5
196 1955 462 2012 reportauit:
508 1955 747 2014 Gregorius
786 1956 996 2014 Apollini.
1078 1956 1293 1999 Permitto
1331 1959 1377 2000 te
1416 1956 1559 1999 redire
1598 1957 1656 2000 ad

195 2023 338 2067 locum
368 2027 496 2067 tuum
531 2028 577 2068 et
607 2040 736 2083 agere
767 2040 880 2083 quae
909 2026 1189 2070 consueuisti.
1248 2024 1362 2069 Cum
1396 2040 1501 2083 ergo
1538 2026 1655 2069 idolo

194 2092 393 2136 sacerdos
439 2093 669 2152 epistolam
709 2095 984 2146 reddidisset,
1023 2095 1196 2138 solutus
1235 2095 1394 2138 demon
1434 2096 1655 2152 responsis

196 2176 317 2205 more
350 2162 481 2206 solito
515 2163 740 2207 ludificare
778 2164 933 2222 coepit.
1007 2164 1134 2207 Vnde
1164 2164 1377 2215 sacerdos,
1407 2165 1654 2208 admiratus

194 2230 314 2274 illius
348 2231 623 2276 maiestatem
657 2233 783 2277 cuius
825 2234 942 2277 serui
979 2234 1169 2277 humiles
1203 2237 1389 2291 possunt
1422 2234 1484 2278 sic
1517 2235 1652 2277 etiam

133 2320 177 2354 30
193 2300 278 2343 diis
309 2300 508 2358 gentium
541 2301 757 2360 imperare
791 2306 837 2347 et
875 2304 1011 2347 uerbo
1050 2304 1315 2361 suspendere
1356 2307 1402 2347 et
1435 2307 1653 2361 torquere,

193 2371 444 2426 contempto
470 2369 674 2427 Apolline
702 2384 782 2416 suo
809 2387 1080 2430 sequensque
1108 2373 1370 2431 Gregorium
1401 2373 1577 2416 adhesit
1600 2373 1653 2424 ei,

194 2438 426 2495 factusque
459 2439 699 2497 discipulus
730 2440 899 2486 Christi
927 2443 1003 2500 qui
1030 2443 1231 2487 sacerdos
1255 2443 1476 2501 Apollinis
1503 2442 1653 2487 fuerat

196 2564 212 2591 1
239 2552 409 2600 quisquis
425 2552 450 2590 S
593 2555 636 2592 16
660 2555 859 2602 prophano
879 2556 919 2592 M
1061 2559 1109 2594 26
1131 2557 1246 2604 ydolo
1263 2556 1400 2595 CBAM

238 2672 260 2699 2
285 2663 482 2698 Declaram
498 2663 562 2699 hoc
577 2664 667 2699 eta:
692 2665 737 2700 ut
758 2663 815 2700 ait
837 2663 912 2701 Cic.
937 2664 1007 2702 loc.
1032 2677 1148 2712 supra
1171 2666 1237 2703 cit.
1418 2676 1439 2711 3
1464 2667 1652 2702 statutus:

191 2711 315 2746 Status
337 2708 414 2745 Cic.
561 2719 615 2752 12,
631 2719 673 2755 13
697 2712 793 2746 Nam
817 2717 850 2747 et
873 2713 995 2748 beatus
1022 2713 1216 2758 Greyorius
1240 2715 1332 2751 eta:
1357 2726 1389 2750 v.
1415 2713 1539 2750 Rufin.
1564 2726 1652 2751 vers.

191 2758 322 2793 Euseb.
340 2757 436 2792 Hist.
452 2757 547 2793 Eccl.
563 2756 626 2793 vii.
643 2765 687 2802 25
707 2757 780 2805 (ed.
797 2758 965 2796 Caeciari
980 2759 1005 2796 i.
1018 2771 1056 2806 p.
1075 2760 1174 2807 435).
1320 2771 1362 2807 13
1382 2762 1652 2798 anem-mrim-

191 2806 261 2841 sie:
286 2803 312 2840 i.
323 2815 356 2841 e.
373 2803 710 2841 Neocaesariensis.

1476 2888 1539 2921 3²5

1672 1402 1752 1452 767
1772 1411 1802 1440 ²

1671 2311 1701 2350 b
