1988 3250
168 200 271 237 mr.
286 184 380 253 xn]
686 191 1089 237 POLIORATIOV
1091 191 1124 236 S
1652 197 1730 245 757
1748 195 1775 234 c

171 310 410 368 loquantur
436 310 717 368 permittunt.
785 310 925 367 Virga
952 324 1155 353 murmur
1184 325 1312 354 omne
1331 313 1634 369 compescitur,

171 381 218 422 et
249 393 306 422 ne
340 379 530 423 fortuita
563 379 742 436 quidem
781 378 1042 421 uerberibus
1076 382 1262 436 excepta
1292 383 1410 424 sunt.
1471 382 1634 433 Tussis,

170 450 583 500 sternutamentum,
603 447 827 505 singultus
855 461 1018 504 magno
1047 447 1164 490 malo
1184 447 1337 492 luitur.
1397 449 1471 492 Sic
1500 451 1553 493 fit
1581 454 1635 494 ut

168 515 246 558 isti
275 516 330 559 de
359 516 537 559 domino
566 516 807 573 loquantur
835 515 997 572 quibus
1016 529 1163 558 coram
1184 515 1364 559 domino
1392 517 1513 574 loqui
1544 533 1634 561 non

132 602 152 636 5
168 583 283 629 licet.
342 585 406 628 At
424 585 502 636 illi,
523 585 685 642 quibus
704 599 794 628 non
814 587 991 627 tantum
1019 585 1327 641 praesentibus
1346 585 1537 629 dominis
1557 587 1633 630 sed

166 667 267 696 cum
296 653 404 710 ipsis
432 657 529 697 erat
557 668 712 705 sermo,
742 667 929 710 quorum
958 667 1007 696 os
1036 667 1125 696 non
1151 653 1456 704 consuebatur,
1486 656 1633 711 parati

167 725 296 766 erant
334 737 416 780 pro
450 723 629 766 domino
668 722 894 780 porrigere
926 722 1143 766 ceruicem
1179 725 1224 766 et
1262 723 1507 780 periculum
1549 724 1632 766 im·
1650 726 1679 767 d

165 792 338 836 minens
367 792 416 835 in
441 796 575 851 caput
601 807 731 836 suum
760 793 946 835 uertere.
1006 791 1061 834 In
1091 793 1309 835 conuiuiis
1339 793 1636 850 loquebantur

166 861 244 904 sed
269 861 317 904 in
337 862 570 905 tormentis
596 861 813 906 tacebant.
873 860 995 904 Haec
1026 860 1361 914 Praetextatus3
1392 865 1437 905 et
1464 862 1518 905 de
1547 863 1634 906 fide

108 949 151 976 ιο
166 944 395 974 seruorum
424 931 567 974 multa
596 934 642 974 et
670 930 896 988 praeclara
925 930 1157 987 subiungit
1186 933 1233 973 et
1262 945 1375 987 quae
1405 936 1551 975 essent
1587 932 1634 974 in

167 1000 405 1057 quantauis
431 1001 664 1044 nobilitate
691 999 921 1057 sanguinis
945 999 1137 1057 gloriosa
1164 1002 1210 1043 et
1235 1000 1378 1044 cuiuis
1404 1001 1633 1046 imitanda.

167 1068 320 1112 Nichil
340 1069 458 1112 enim
478 1069 685 1113 decorum
705 1072 772 1112 est
792 1068 910 1126 quod
930 1083 1019 1113 non
1045 1083 1073 1112 a
1100 1069 1268 1112 uirtute
1295 1070 1570 1127 profluxerit,
1586 1074 1632 1115 et

167 1153 215 1182 se
244 1139 435 1182 inuicem
470 1139 703 1196 turpitudo
735 1141 781 1182 et
812 1138 975 1182 uitium
1007 1137 1206 1182 infausto
1236 1139 1410 1183 ambitu
1444 1140 1629 1183 circum-

165 1207 375 1252 scribunt.
434 1207 490 1251 In
529 1208 611 1252 hoc
649 1210 799 1252 autem
833 1207 926 1251 solo
959 1207 1172 1251 uitiorum
1212 1208 1406 1266 impulsu
1446 1210 1632 1267 quisque

106 1289 148 1334 15
167 1277 424 1334 prolabitur,
444 1280 498 1321 ut
518 1292 669 1321 eorum
688 1291 735 1321 se
755 1277 916 1321 deiciat
936 1280 982 1321 et
1001 1277 1220 1321 deuoueat
1240 1279 1449 1321 seruituti
1471 1279 1632 1336 quibus

164 1348 300 1390 natus
337 1349 406 1390 est
451 1346 680 1404 imperare.
761 1346 849 1400 Qui
897 1346 954 1390 ad
994 1347 1244 1404 spectacula
1282 1349 1512 1392 confluunt
1552 1352 1632 1393 aut

164 1417 352 1459 euocant
378 1416 435 1458 ad
464 1430 511 1459 se
540 1416 789 1473 spectacula
818 1416 1053 1460 inhonesta
1081 1420 1162 1460 aut
1190 1432 1236 1460 se
1266 1417 1384 1474 ipsos
1414 1418 1631 1462 affectatis

163 1484 296 1542 nugis
325 1484 484 1528 uolunt
525 1499 618 1528 esse
648 1486 896 1543 spectaculo
928 1486 1247 1543 insipientium,
1282 1487 1491 1544 quoniam
1523 1488 1631 1533 haec

165 1553 383 1597 lenocinia
422 1554 638 1598 uanitatis
676 1558 794 1598 recte
834 1555 1025 1612 sapienti
1074 1556 1246 1613 placere
1294 1571 1383 1599 non
1433 1562 1628 1614 possunt,
1646 1562 1722 1613 758
1742 1572 1773 1602 a

105 1641 150 1668 ιο
166 1622 391 1667 oculorum
429 1624 667 1681 capiuntur
705 1624 921 1668 illecebris
960 1627 1016 1676 et,
1060 1625 1163 1669 licet
1201 1626 1356 1668 mitius
1395 1626 1631 1679 elidantur,

162 1695 376 1736 corruunt
408 1694 559 1736 tamen
590 1708 618 1738 a
651 1693 871 1751 dignitate
902 1694 1168 1738 conditionis
1206 1710 1311 1738 suae
1351 1698 1397 1738 et
1436 1696 1493 1738 ad
1533 1711 1631 1740 eam

164 1775 298 1819 quam
337 1761 584 1806 diffitentur
622 1763 828 1806 seruilem
867 1764 1140 1808 relabuntur.
1205 1765 1324 1818 Quid
1364 1780 1468 1823 ergo
1508 1767 1631 1810 aliud

163 1829 336 1875 faciunt
374 1831 512 1883 mimi,
547 1832 796 1884 histriones,
830 1834 1027 1890 parasiti,
1058 1837 1103 1877 et
1137 1834 1391 1878 huiusmodi
1430 1838 1630 1879 monstra

164 1899 405 1952 hominum,
431 1901 518 1945 nisi
549 1902 666 1959 quod
691 1902 889 1960 ineptam
915 1903 1186 1947 conuincunt
1213 1903 1409 1948 felicium
1437 1905 1627 1948 seruitu-

103 1985 148 2022 ⁸5
163 1970 285 2015 tem?
335 1969 423 2013 Sed
442 1973 488 2014 et
507 1970 573 2013 illi
593 1971 670 2028 qui
689 1972 858 2016 uoculis
877 1973 1116 2030 capiuntur
1135 1973 1258 2032 (licet
1277 1974 1453 2017 aurium
1474 1989 1629 2019 sensus

165 2038 427 2096 purissimus
467 2041 513 2083 et
550 2039 901 2085 defecatissimus
939 2041 1018 2101 sit)
1055 2043 1259 2086 seruiunt
1301 2044 1491 2100 quidem,
1523 2044 1629 2102 iugo

165 2109 316 2150 tamen
355 2111 618 2165 premuntur
650 2110 830 2162 mitiori,
859 2111 897 2155 si
926 2111 1038 2155 alias
1067 2127 1156 2156 non
1185 2114 1474 2170 praeualeant
1502 2114 1627 2158 uitia.

165 2175 283 2219 Nam
322 2176 379 2219 ab
417 2177 586 2222 olfactu
624 2179 706 2222 uix
744 2179 905 2236 aliquis
944 2181 1124 2225 omnino
1162 2182 1349 2239 capitur,
1382 2183 1469 2225 nisi
1510 2183 1627 2226 forte

165 2244 432 2303 Lotofagum
470 2247 611 2291 uiuat.
690 2248 795 2292 Non
842 2250 1012 2306 aliquid
1051 2251 1264 2294 aduersus
1303 2255 1504 2295 cantores
1547 2256 1629 2296 aut

103 2333 147 2368 30
166 2313 360 2357 musicos
385 2317 520 2367 struo,
539 2329 640 2360 cum
662 2319 791 2375 (teste
811 2318 1101 2372 Quintiliano,
1114 2320 1303 2371 Valeri0,
1331 2321 1561 2372 Flauiano,
1581 2325 1628 2366 et

162 2446 187 2483 9
209 2436 386 2474 iacebant
402 2437 479 2475 0¹A
655 2449 698 2487 13
723 2439 893 2478 infausta
908 2442 942 2478 A
1121 2452 1162 2491 15
1189 2443 1336 2481 deiceat
1352 2443 1413 2481 CB
1580 2447 1628 2484 26

159 2483 364 2531 puriaimus
380 2484 405 2522 S

213 2600 258 2626 10
281 2590 484 2636 subiunyn't:
509 2602 542 2626 v.
559 2590 725 2628 Macrob.
742 2585 818 2629 Sal.
833 2592 858 2629 i.
880 2603 919 2630 11
942 2592 984 2641 ξς
1007 2595 1050 2630 16
1063 2605 1166 2641 seqq.
1319 2606 1376 2641 23,
1395 2606 1441 2640 24
1466 2601 1628 2632 monstra

163 2637 371 2674 hominum:
390 2648 422 2674 v,
433 2637 515 2675 Ter.
525 2639 621 2675 Eun.
634 2638 681 2676 iv.
693 2650 727 2684 4.
739 2650 804 2686 29;
822 2641 870 2677 cf.
881 2640 982 2677 infra
995 2653 1026 2678 c.
1042 2652 1084 2686 14
1096 2643 1180 2687 (768
1193 2641 1242 2688 o).
1326 2653 1372 2689 29
1388 2645 1624 2689 Lotosayum:

161 2684 335 2738 Adyenas
360 2684 408 2720 ad
434 2684 740 2733 Lotophagorum
764 2690 906 2724 terram
929 2688 977 2724 ab
1001 2688 1144 2726 olfactu
1170 2693 1302 2736 captos
1327 2701 1405 2726 esse
1431 2702 1508 2726 non
1531 2691 1627 2727 alibi

161 2730 262 2778 legi:
287 2737 396 2776 ,αα-πω
424 2733 613 2768 cuiusdam
639 2736 740 2779 apud
759 2736 924 2781 Lotopha
947 2747 986 2772 οε
1003 2739 1183 2782 yraminis
1207 2740 1378 2775 delenitos
1401 2749 1478 2774 esse
1503 2738 1627 2774 Vlixis

162 2778 320 2815 comites
337 2779 453 2815 refert
469 2777 626 2822 Quintil.
644 2782 735 2818 Inst.
754 2783 813 2818 Or.
830 2794 863 2819 v.
881 2785 902 2819 8
912 2748 951 2865 ἐ

165 2827 216 2862 Or
242 2825 267 2862 i.
287 2825 366 2873 10§
388 2836 430 2872 13
575 2828 735 2866 Valerio,
761 2840 784 2864 v
810 2829 895 2867 val·
960 2793 990 2820 Ῑ·
1133 2794 1181 2830 30
1206 2786 1457 2829 Quintiliano:
1483 2797 1514 2822 v.
1532 2788 1623 2823 Inst.

954 2842 1013 2867 ax.
1030 2830 1107 2868 viii.
1125 2841 1161 2877 7.
1178 2834 1252 2869 ext.
1271 2833 1304 2869 8.

1446 2911 1514 2947 309
