1988 3250
198 230 291 279 699
311 239 341 268 a
686 228 947 274 IOANNIS
987 229 1497 275 SARESBERIENSIS
1627 226 1735 289 [Lm.
1751 239 1822 271 vn

359 352 406 393 et
424 349 480 393 de
499 350 758 408 cupiditatis
776 351 932 409 planta
951 367 1231 410 nequaquam
1250 352 1368 395 bona
1393 351 1667 409 prouenient.
1728 349 1822 393 Nec

359 423 428 462 est
461 420 580 477 quod
610 421 841 478 displiceat
872 422 978 472 Deo,
1009 421 1087 464 ubi
1127 422 1321 465 sincerae
1360 421 1607 464 uoluntatis
1639 419 1824 463 uictima

358 489 637 542 immolatur3
685 494 765 534 aut
804 492 921 548 quod
961 506 1062 534 eum
1101 505 1191 533 non
1225 491 1431 543 offendat,
1466 490 1503 533 si
1538 490 1585 532 in
1626 489 1824 547 qualibet

357 558 514 616 pingui
538 559 761 603 oblatione
787 562 1011 618 propriam
1040 561 1079 604 ei
1107 561 1207 617 quis
1233 560 1508 603 subtraxerit
1531 559 1822 602 uoluntatem.

358 628 476 686 Ergo
495 629 572 685 qui
588 643 713 672 suam
729 629 1006 673 uoluntatem
1022 629 1166 673 facere
1179 630 1386 687 disponit,
1399 630 1549 672 irritat
1564 629 1822 679 Dominum;
1841 641 1860 674 5

357 700 404 740 et
423 698 499 754 qui
516 713 597 742 sua
616 700 863 756 postposita
890 700 1010 743 illius
1037 714 1082 743 se
1103 699 1265 742 subicit
1285 699 1521 749 uoluntati,
1542 698 1823 741 Altissimum

357 766 516 823 placat.
566 767 620 809 In
641 782 692 811 eo
707 768 923 825 siquidem
940 768 1032 811 solo
1051 782 1183 811 uerae
1204 767 1402 810 iustitiae
1422 782 1594 810 summa
1609 765 1825 810 consistit.

359 835 487 878 Vnde
506 836 617 879 illud
637 837 684 878 in
706 837 975 894 Euangelio:
1006 836 1226 879 Iudicium
1246 851 1406 887 meum,
1427 836 1574 892 inquit
1594 835 1822 885 Dominus,

359 903 526 948 iustum
542 907 621 957 est,
638 905 743 962 quia
757 920 846 948 non
867 905 983 948 facio
1002 905 1281 948 uoluntatem
1294 919 1436 947 meam
1453 905 1530 947 sed
1545 904 1823 947 uoluntatem

312 973 341 1011 b
360 973 454 1016 eius
485 974 562 1031 qui
596 975 720 1017 misit
754 989 836 1017 me.
896 975 1073 1031 Moyses
1108 989 1282 1031 quoque
1317 973 1364 1016 in
1400 974 1621 1017 Leuitico:
1667 973 1824 1016 Omnis
1843 990 1884 1014 10

357 1042 535 1095 oblatio,
560 1058 673 1100 quae
700 1045 885 1087 offertur
917 1044 1120 1095 Domino,
1151 1044 1317 1100 absque
1353 1043 1572 1086 fermento
1604 1043 1705 1095 fiet3
1743 1055 1824 1085 nec

357 1112 591 1169 quicquam
612 1112 820 1156 fermenti
841 1128 891 1157 ac
912 1113 1054 1156 mellis
1069 1113 1320 1156 adolebitur
1334 1113 1382 1155 in
1397 1113 1610 1156 sacrificio
1631 1111 1823 1155 Domini.

357 1181 599 1238 Superbiae
629 1197 819 1239 namque
845 1182 1113 1225 sementum
1141 1183 1325 1225 offertur
1350 1185 1397 1225 et
1423 1181 1577 1233 mellis,
1596 1196 1698 1225 cum
1725 1181 1825 1238 quis

358 1251 559 1308 neglecta
586 1252 840 1295 humilitate
867 1255 913 1295 et
938 1252 1236 1295 amaritudine
1260 1252 1571 1295 mandatorum
1595 1251 1824 1308 quippiam

358 1321 488 1364 offert
521 1321 578 1364 ad
610 1325 770 1364 nutum
802 1322 1006 1378 propriae
1038 1321 1295 1364 uoluntatis.
1356 1322 1443 1375 Qui
1467 1336 1574 1364 uero
1600 1320 1824 1364 mandatis
1845 1336 1885 1371 15

358 1390 590 1448 legittimis
624 1391 847 1448 propriam
883 1391 1044 1434 subicit
1083 1391 1375 1442 uoluntatem,
1410 1391 1620 1448 quicquid
1655 1391 1825 1441 offerat,

357 1463 576 1503 tumorem
598 1459 805 1503 sementi
827 1463 872 1503 et
898 1460 1041 1503 mellis
1067 1475 1095 1503 a
1119 1460 1333 1504 sacrificio
1359 1461 1630 1518 prohibitam
1657 1460 1825 1504 scilicet

357 1528 555 1571 excludit
585 1528 871 1572 dulcedinem.
932 1529 1014 1572 Isti
1047 1529 1199 1586 itaque
1230 1530 1434 1587 propriae
1465 1529 1713 1572 uoluntatis
1742 1529 1823 1572 im-

357 1612 582 1648 memores,
616 1602 877 1655 quaerentes
908 1598 1074 1656 iugiter
1104 1598 1323 1656 quomodo
1357 1599 1562 1656 placeant
1595 1599 1636 1642 ei
1671 1599 1742 1642 cui
1777 1612 1824 1642 se

357 1666 671 1723 probauerunt,
684 1667 871 1718 laudem,
887 1682 998 1724 quae
1014 1668 1072 1710 ab
1087 1668 1339 1710 hominibus
1355 1671 1434 1721 est,
1449 1670 1824 1725 contempnentes,
1843 1688 1887 1712 ιο

358 1750 438 1779 nec
469 1736 682 1780 habentes
713 1751 792 1780 nec
826 1737 1024 1780 uolentes
1064 1738 1226 1780 habere
1256 1737 1450 1788 diuitias,
1481 1752 1614 1794 quam
1649 1737 1822 1781 dicendi

359 1807 466 1848 sunt
485 1805 646 1848 habere
671 1820 770 1849 cum
795 1806 1009 1863 ypocritis
1032 1806 1311 1863 portionem?
1370 1806 1498 1859 Quod
1520 1809 1670 1849 tamen
1690 1807 1823 1850 mira-

316 1882 342 1912 c
360 1874 487 1925 beris,
523 1875 612 1917 iam
644 1875 701 1917 ad
738 1875 1072 1919 Cartuarienses
1104 1875 1337 1919 diuertisse
1373 1875 1518 1919 dictus
1550 1879 1618 1919 est
1652 1876 1825 1934 aliquis,

360 1947 412 1987 ut
443 1958 471 1986 a
504 1947 756 1987 sanctorum
792 1945 1012 1988 consortio
1047 1948 1255 1988 euocatus
1290 1945 1557 1996 ascenderet,
1592 1948 1638 1989 et
1670 1948 1825 2003 postea

358 2027 596 2057 conuersus
634 2017 875 2057 retrorsum
916 2014 1022 2071 quid
1064 2014 1303 2071 quaesierit
1342 2029 1524 2071 operum
1568 2015 1824 2059 testimonio
1843 2037 1884 2071 ²⁵

358 2081 610 2126 declarasse.
653 2083 716 2126 At
735 2083 809 2126 ille
829 2083 1016 2127 iudicem
1039 2098 1167 2126 suum
1190 2084 1335 2136 habet,
1351 2099 1430 2127 nec
1447 2087 1596 2128 tamen
1612 2100 1824 2142 umquam

357 2151 631 2195 committere
674 2152 823 2209 potuit
868 2156 921 2196 ut
963 2153 1264 2196 sanctissimae
1307 2153 1593 2211 professionis
1636 2154 1825 2213 gloriam

359 2220 624 2279 denigraret.
685 2221 752 2265 De
773 2222 937 2280 Magno
965 2222 1116 2266 Monte
1143 2223 1363 2266 neminem
1385 2223 1528 2267 adhuc
1549 2227 1826 2282 assumptum

359 2290 537 2342 audiui3
566 2290 643 2334 sed
671 2291 844 2334 utinam
871 2294 951 2334 aut
978 2306 1218 2349 numquam
1247 2295 1500 2335 assumatur
1520 2295 1600 2336 aut
1624 2293 1729 2337 talis
1750 2294 1826 2351 qui

360 2360 483 2404 nullo
509 2360 729 2404 decoloret
756 2364 858 2404 actu
887 2361 1115 2404 hominum
1143 2362 1381 2419 singularis
1402 2362 1668 2407 eminentiae
1688 2378 1825 2407 uenu-
1845 2386 1888 2421 30

360 2433 533 2473 statem.
593 2430 684 2472 Alii
726 2430 954 2483 Basilium,
993 2430 1069 2473 alii
1101 2431 1402 2482 Benedictum,
1443 2432 1489 2475 hi
1520 2433 1826 2490 Augustinum

360 2559 382 2595 8
408 2556 633 2641 euuangelico
650 2556 710 2593 CA
882 2567 925 2594 ιο
950 2556 1085 2594 Moiaes
1102 2556 1126 2592 S
1308 2559 1352 2595 16
1376 2557 1558 2605 legitimis
1576 2559 1608 2594 A
1782 2570 1827 2597 22

358 2603 624 2689 gpothitnc
638 2617 647 2640 ε
684 2603 891 2651 hypocritis
921 2604 970 2640 Β.
1002 2603 1214 2652 hypocritie
1244 2604 1269 2641 S
1507 2617 1552 2653 23
1579 2606 1828 2645 cartusienses

407 2769 428 2804 8
453 2768 635 2804 Iudicium
653 2770 750 2804 ete:
780 2766 907 2803 Ioann.
926 2779 956 2804 ν.
976 2777 1033 2813 30.
1180 2777 1232 2823 ξφ,
1254 2777 1290 2805 ιι
1323 2770 1449 2806 Omnis
1464 2771 1594 2807 oblatio
1614 2771 1713 2807 eto.:
1740 2767 1825 2806 Lev.

359 2813 397 2853 ii.
420 2824 475 2852 ιι.
658 2825 704 2851 2ο
728 2815 870 2850 laudem
887 2817 981 2852 ete:
1011 2827 1041 2852 v.
1060 2814 1164 2852 Rom.
1184 2814 1224 2854 ii.
1243 2826 1299 2862 29.
1494 2827 1536 2854 22
1563 2830 1643 2854 cum
1658 2818 1830 2864 ypocritis

354 2864 578 2910 portionum:
603 2873 635 2899 v.
656 2862 765 2899 Matt.
783 2861 879 2899 xxiv.
899 2871 955 2910 5¹.

471 2932 536 2967 20⁶
