1988 3250
235 227 313 268 ’173
331 215 362 258 d
705 217 967 263 IOANNIS
1006 217 1524 263 SARESBERIENSIS
1625 216 1738 279 [Lm.
1753 228 1846 263 v111

375 337 499 383 Haec

490 419 548 463 ad
576 419 788 478 praedam
815 420 1138 478 strepitumque
1166 419 1278 463 lucri
1307 419 1520 478 suffragia
1548 418 1699 470 uertit,

373 502 427 543 ut
444 499 506 544 sit

604 583 776 627 uenalis
806 582 1007 642 populus,
1037 582 1209 625 uenalis
1238 582 1362 626 curia
1390 585 1585 639 patrum.

372 661 495 707 Haec
523 663 642 708 uires
671 664 807 708 soluit
831 667 877 708 et
902 667 1142 720 utrumque
1168 677 1324 706 sexum
1351 662 1524 720 frangit
1542 662 1591 705 in
1609 661 1840 716 Venerem,
1859 675 1879 710 5

370 731 482 789 legis
516 737 562 776 et
594 737 782 777 naturae
821 733 1006 791 imperio
1045 732 1301 775 reluctatur.
1374 731 1504 775 Hanc
1542 731 1731 789 abrogat
1764 745 1840 774 ex-

370 801 540 860 tinguit
559 805 605 846 et
623 803 804 860 sepelit;
833 803 948 846 hanc
968 801 1167 844 infatuat
1181 803 1367 844 eneruat
1383 803 1430 844 et
1449 800 1686 844 subuertit.
1746 799 1842 844 Lex

370 885 476 929 ergo
495 871 580 929 ipsi
600 887 690 916 non
710 875 789 924 est,
809 875 856 916 et
875 872 915 915 ei
935 874 1098 914 natura
1118 869 1212 913 fere
1232 870 1375 913 otiosa
1394 872 1440 913 et
1459 869 1583 913 ebria
1603 873 1684 914 est.

226 959 304 1002 ⁷74
324 960 355 991 8
487 953 674 1006 Quaerit
702 968 749 997 se
776 956 940 996 natura
969 966 1049 995 nec
1078 950 1265 993 inuenit.
1326 950 1545 994 Omnibus
1574 965 1680 1008 ergo

485 1015 631 1055 scorta
659 1012 836 1069 placent
864 1010 1084 1067 fractique
1114 1009 1266 1052 enerui
1279 1023 1476 1076 ‘corpore
1505 1023 1683 1067 gressus
1857 1019 1901 1045 ιο

483 1073 530 1112 et
558 1069 650 1112 laxi
680 1070 823 1113 crines
852 1072 899 1112 et
928 1072 996 1111 tot
1025 1082 1143 1111 noua
1170 1067 1353 1110 nomina
1380 1066 1520 1112 uestis

482 1142 682 1185 quaeque
711 1128 860 1171 uirum
891 1126 1077 1184 quaerit.

365 1206 455 1251 Sed
482 1208 655 1251 utinam
683 1208 731 1251 in
758 1208 840 1251 hac
869 1206 1170 1250 dominatione
1199 1205 1404 1249 luxuriae
1434 1205 1723 1249 inueniantur
1747 1204 1837 1249 uiri

364 1276 437 1320 uel
457 1277 717 1322 mulieribus
737 1276 913 1328 similes,
933 1279 1122 1320 naturae
1144 1279 1295 1319 tamen
1321 1279 1402 1319 aut
1420 1275 1508 1334 legi
1528 1275 1834 1333 obtemperan-

363 1346 497 1391 tibus.
556 1346 626 1389 Ex
650 1347 720 1390 his
746 1349 872 1404 patet
898 1346 1005 1404 quia
1030 1360 1110 1389 nec
1133 1345 1397 1389 ualitudinis
1420 1359 1500 1389 nec
1522 1345 1834 1403 generositatis
1854 1358 1895 1393 15

362 1430 443 1460 nec
476 1417 627 1474 copiae
657 1420 725 1460 est
754 1417 851 1459 laus
879 1416 1025 1473 prima
1053 1415 1130 1459 sed
1159 1415 1355 1467 uirtutis,
1382 1415 1508 1459 euius
1535 1415 1643 1459 haee
1668 1415 1834 1459 instru-

362 1489 514 1529 menta
528 1490 634 1530 sunt
646 1489 692 1529 et
705 1486 803 1529 ideo
818 1485 1080 1543 appetenda.
1131 1485 1361 1542 Siquidem
1373 1499 1462 1528 non
1475 1484 1601 1529 decet
1612 1488 1834 1538 naturam,

362 1569 475 1612 quae
495 1556 711 1599 uirtutem
732 1559 813 1599 aut
832 1556 969 1599 solam
997 1559 1078 1598 aut
1098 1554 1205 1599 fecit
1224 1569 1331 1612 prae
1349 1554 1508 1598 ceteris
1527 1554 1833 1612 expetendam,

361 1625 402 1668 ei
437 1639 527 1668 non
558 1625 807 1682 expetenda
847 1624 1002 1668 fecisse
1036 1625 1346 1668 instrumenta.
1406 1623 1464 1667 In
1495 1638 1633 1681 eoque
1668 1624 1832 1668 rectius

360 1693 572 1738 uidentur
611 1694 776 1738 sentire
817 1693 1130 1751 Peripathetici
1172 1693 1302 1750 quod,
1341 1707 1443 1737 eum
1482 1693 1699 1736 uirtutem
1737 1693 1831 1738 suis
1850 1706 1895 1732 πο

360 1762 591 1807 fateantur
629 1762 686 1806 ad
726 1763 987 1806 exercitium
1026 1762 1299 1820 agendorum
1342 1776 1470 1820 egere
1510 1762 1832 1815 instrumentis,

315 1837 345 1877 b
361 1832 459 1890 ipsa
490 1847 663 1890 quoque
695 1833 1002 1883 instrumenta,
1033 1831 1116 1875 etsi
1146 1835 1329 1889 propter
1357 1830 1491 1882 aliud,
1521 1830 1725 1875 fatentur
1754 1846 1830 1876 ex·

359 1902 560 1959 petenda.
632 1902 793 1946 Stoicis
823 1905 972 1945 tamen
1005 1901 1151 1959 placet
1178 1901 1263 1944 sibi
1298 1901 1514 1944 uirtutem
1543 1900 1741 1945 sufficere
1772 1901 1831 1946 ad

358 1970 705 2023 beatitudinem3
735 1985 815 2014 nec
842 1986 923 2028 ego
950 1986 1023 2014 eos
1047 1970 1207 2013 erroris
1234 1984 1385 2028 arguo,
1405 1969 1481 2013 sed
1508 1970 1828 2027 expeditiorem

357 2039 456 2084 dico
482 2055 562 2098 per
587 2040 885 2083 instrumenta
911 2040 1139 2083 uirtutem.
1199 2038 1421 2091 Ceterum,
1445 2042 1498 2083 ut
1524 2039 1635 2082 alias
1661 2039 1827 2084 dixisse
1846 2050 1888 2087 ²5

356 2124 428 2154 me
467 2109 660 2161 memini,
699 2124 800 2154 cum
846 2109 990 2153 omnis
1032 2110 1178 2152 uirtus
1226 2109 1424 2167 gratiosa
1467 2109 1537 2160 sit,
1582 2109 1828 2154 liberalitas

355 2179 611 2236 gratissima
650 2182 729 2230 est,
760 2193 812 2222 eo
846 2179 963 2236 quod
1002 2178 1206 2236 plurimis
1244 2178 1447 2236 prodest3
1497 2181 1543 2222 et
1580 2181 1710 2230 certe,
1748 2179 1828 2223 ubi

355 2248 546 2292 facultas
575 2249 709 2298 deest,
740 2249 930 2292 effundit
961 2249 1142 2299 uiscera,
1172 2247 1218 2290 id
1258 2251 1326 2291 est
1364 2248 1594 2306 proprium
1634 2248 1826 2306 largitur

354 2318 572 2362 affectum.
632 2317 843 2375 Alioquin
865 2318 1082 2375 quomodo
1102 2318 1232 2360 iuxta
1251 2317 1514 2375 Apostolum
1534 2317 1581 2361 in
1597 2332 1650 2361 eo
1663 2318 1827 2362 caritas

353 2431 375 2466 8
401 2429 481 2467 sere
499 2430 635 2466 natura
653 2428 698 2463 A*
842 2439 888 2465 2ο
912 2428 1192 2475 perypathetici
1209 2428 1327 2464 CBA:
1353 2427 1599 2475 peripatetici
1616 2426 1642 2465 S
1778 2439 1824 2476 23

353 2476 517 2514 Sthoiein
533 2476 615 2513 CB:
642 2474 788 2523 Stoyci·
805 2475 837 2512 A
980 2486 1026 2522 29
1051 2476 1158 2513 iuxta
1175 2475 1390 2523 apostolum
1406 2476 1592 2523 quomodo
1609 2474 1656 2512 Αι

400 2593 421 2620 2
437 2584 486 2619 ad
499 2583 780 2628 praedantem:
808 2581 957 2618 Petron.
977 2580 1117 2626 1.ο.4ο.
1214 2592 1236 2626 4
1254 2583 1398 2618 uenalia
1413 2583 1513 2619 etc.:
1541 2581 1631 2619 ibid.
1646 2592 1704 2627 41.
1802 2591 1820 2629 5

341 2632 491 2677 smnqe'e
508 2632 547 2665 in
573 2631 761 2666 Venerem:
789 2641 823 2665 v.
841 2628 931 2665 ibid.
947 2638 1004 2665 22.
1101 2630 1124 2665 6
1150 2629 1491 2684 Hanc:sc.1e9m.
1587 2639 1607 2675 7
1628 2630 1743 2666 hanc·
1769 2641 1821 2667 so.

351 2684 535 2715 naturam.
619 2686 651 2722 7,
665 2678 686 2713 8
713 2678 1052 2722 Leaeeryoipuinon
1066 2682 1133 2712 est:
1151 2688 1181 2711 v.
1199 2676 1304 2713 Rom.
1320 2676 1359 2713 ii.
1380 2687 1432 2722 14.
1514 2686 1537 2723 9
1564 2678 1712 2721 Quaem
1725 2678 1821 2715 etc.-

351 2725 502 2764 Patron.
520 2724 543 2761 1.
558 2736 589 2760 e.
604 2734 669 2768 24-
676 2734 730 2768 27.
819 2734 860 2769 ¹9
885 2725 932 2759 In
949 2736 1053 2778 eoque
1070 2726 1166 2760 cte:
1196 2724 1532 2771 Peripateticorum
1551 2727 1590 2762 et
1608 2704 1821 2761 Stoicoruni

349 2773 397 2811 de
414 2773 554 2809 virtute
571 2774 609 2808 et
627 2770 866 2808 beatitudine
883 2771 1095 2807 sententiaa
1118 2783 1162 2808 ex
1189 2771 1369 2809 Cicerone
1386 2773 1424 2808 et
1442 2771 1656 2819 Augustino
1673 2771 1820 2810 discere

348 2821 501 2868 poterat
519 2819 690 2856 Ioanne·
815 2828 856 2866 ²5
874 2820 990 2854 alias:
1016 2830 1047 2855 v.
1062 2829 1176 2866 supra
1188 2818 1247 2855 vii.
1262 2830 1297 2864 4
1313 2828 1430 2865 7¹9⁸·
1550 2820 1596 2856 26
1621 2820 1820 2856 liberalitas

349 2870 450 2906 eta:
478 2879 511 2903 v
529 2865 605 2903 Cic.
625 2868 667 2903 de
686 2865 778 2912 Offi‘
769 2865 809 2903 1i.
831 2867 872 2904 18
891 2865 909 2914 ξ
928 2867 987 2912 63.
1084 2877 1130 2913 29
1153 2868 1324 2914 quomodo
1341 2869 1435 2905 eta:
1461 2877 1495 2903 v.
1518 2877 1531 2904 1
1551 2865 1681 2903 Ioann.
1695 2865 1748 2903 iii.
1765 2875 1819 2914 17.

459 2938 525 2980 ³³8
