1988 3250
156 257 257 292 car.
274 244 356 312 xx]
666 245 1103 291 POLICRATICVS
1630 249 1718 299 689
1738 259 1768 288 a

156 365 362 410 ciuilibus
380 364 702 422 praeferendas.
752 365 849 408 Has
863 366 1100 409 Anacarsis
1117 366 1291 410 Cithica
1310 367 1411 410 telis
1430 383 1617 412 araneae

157 434 442 492 comparauit,
466 449 579 491 quae
608 449 780 478 muscas
810 438 856 478 et
881 435 1040 478 culices
1070 435 1284 488 detinent,
1310 437 1387 479 sed
1417 438 1618 481 uolatilia

157 504 469 548 transmittunt
507 503 767 561 grandiora3
820 504 882 547 sic
921 507 967 547 et
1005 504 1104 546 iura
1143 504 1293 547 ciuilia
1332 506 1618 549 humiliorum

156 573 404 630 reprimunt
437 573 702 622 uoluntates,
738 573 815 616 sed
849 573 1047 630 profecto
1083 574 1406 630 potentioribus
1445 576 1619 619 cedunt.

121 658 141 692 5
160 642 276 686 Nam
306 657 362 686 ex
390 642 736 699 transgressione
763 642 835 685 uel
863 645 1118 699 contemptu
1146 642 1412 700 legittimam
1439 644 1502 687 eis
1531 659 1620 687 non

158 711 358 769 irrogant
391 725 562 768 penam,
597 711 673 754 sed
708 725 787 755 nec
822 711 1126 768 interpellatos
1157 711 1335 768 quidem
1370 715 1502 755 cauta
1533 713 1619 756 dis·

158 780 437 824 simulatione
465 782 758 838 praetereunt.
820 781 892 823 Ad
915 781 1023 824 haec
1048 780 1297 838 conquisita
1327 784 1620 838 tyrannorum
1638 792 1667 831 b

160 850 361 908 exempla
390 853 654 907 proponunt,
685 850 845 907 quibus
874 850 1170 907 persuadeant
1200 851 1494 908 potestatibus
1524 852 1621 894 uni-

159 934 287 963 uersa
317 919 459 962 licere.
519 919 714 962 Maxime
753 922 902 962 tamen
937 920 1077 963 sicubi
1113 920 1306 963 locorum
1342 920 1512 964 fuerint
1546 921 1622 963 ubi

103 1004 145 1030 ιο
159 990 408 1033 inueterata
433 988 703 1032 consuetudo
726 989 938 1046 optineat,
958 989 1093 1032 etiam
1121 989 1159 1032 si
1180 989 1343 1032 rationi
1363 989 1626 1033 aduersetur

159 1061 240 1103 aut
272 1058 370 1116 legi.
442 1058 642 1101 Narrant
677 1058 776 1114 quis
805 1058 1011 1101 tirannus
1046 1059 1335 1102 domesticum
1374 1074 1504 1102 suum
1545 1064 1625 1102 aut

161 1127 423 1172 familiarem
444 1127 491 1169 in
511 1141 643 1184 quam
664 1127 887 1171 ecclesiam
912 1128 1008 1171 sine
1032 1128 1243 1171 electione
1262 1128 1505 1178 intruserit,
1526 1130 1625 1185 quis

160 1197 324 1242 clerum
368 1198 420 1240 ut
458 1197 660 1254 ignotum
707 1201 752 1240 et
789 1197 1022 1254 indignum
1069 1198 1251 1255 eligeret
1294 1198 1537 1240 terroribus
1580 1203 1626 1241 et

161 1266 334 1310 damnis
371 1265 609 1323 impulerit,
648 1266 747 1323 quis
787 1266 1024 1310 Ecclesiam
1066 1266 1149 1310 Dei
1181 1267 1433 1310 uendiderit
1466 1267 1625 1325 palam,

106 1350 145 1384 15
164 1337 263 1395 quis
294 1335 682 1393 metropolitanum
713 1336 975 1393 compulerit
1007 1336 1327 1394 reprobabilem
1361 1351 1625 1386 consecrare,

164 1406 264 1464 quis
283 1405 504 1464 episcopos
523 1405 750 1463 religiosos
770 1406 817 1448 in
838 1406 1021 1449 exilium
1043 1406 1182 1464 egerit
1203 1409 1283 1449 aut
1303 1409 1423 1449 actos
1444 1406 1501 1448 ab
1528 1406 1627 1449 aliis

163 1475 355 1535 coegerit
388 1475 578 1528 exulare,
611 1475 709 1532 quis
743 1475 981 1520 Ecclesiam
1016 1479 1062 1520 et
1096 1491 1166 1519 res
1196 1490 1341 1519 sacras
1375 1476 1628 1519 onerauerit

163 1545 420 1589 muneribus
450 1544 650 1595 sordidis,
685 1545 784 1602 quis
819 1546 1015 1604 indignis
1048 1545 1276 1603 suppliciis
1314 1545 1495 1588 torserit
1527 1545 1627 1588 reli-

165 1615 320 1673 giosos,
349 1614 448 1672 quis
481 1613 766 1672 uilipenderit
794 1618 840 1658 et
868 1614 1218 1672 pessumdederit
1245 1614 1424 1667 clerum,
1453 1614 1553 1671 quis
1580 1614 1627 1656 in
1645 1628 1670 1658 e

108 1694 151 1720 ὀ
166 1684 414 1743 Ρτοιιῐιιοὶαε
436 1684 664 1728 induxerit
688 1683 825 1727 ferale
851 1684 1087 1735 iustitium,
1108 1684 1207 1741 quis
1231 1684 1349 1741 leges
1372 1688 1418 1727 et
1441 1699 1629 1727 canones

165 1754 528 1799 exterminauerit
573 1769 601 1797 a
644 1754 808 1797 finibus
852 1754 955 1804 suis,
998 1754 1098 1810 quis
1143 1753 1358 1797 indixerit
1403 1754 1629 1796 silentium

166 1824 378 1882 episcopis
403 1826 456 1867 ut
482 1824 665 1881 quaeuis
687 1823 859 1881 flagitia
882 1823 1062 1881 impune
1086 1827 1132 1867 et
1158 1823 1253 1866 sine
1279 1823 1373 1866 ulla
1396 1824 1629 1880 reprehen-

170 1943 186 1971 1
213 1933 374 1972 scithica
390 1933 456 1971 SM
589 1932 801 1979 legitimam
817 1931 850 1968 A
936 1933 959 1969 6
984 1930 1251 1978 interpellatas
1267 1930 1341 1966 AM
1441 1941 1479 1968 11
1508 1934 1632 1978 tyran-

167 1992 239 2018 nus
253 1981 343 2019 CSA
464 1989 506 2027 14
557 1979 705 2028 ampnis
723 1979 782 2017 As
927 1981 971 2017 16
994 1978 1088 2016 alios
1106 1979 1137 2014 B

219 2086 234 2113 1
253 2077 453 2112 Anaearet's
467 2077 537 2112 etc.
554 2087 564 2112 t
599 2087 632 2112 v.
659 2073 744 2111 val.
766 2072 866 2110 Max.
888 2072 951 2109 vii.
978 2083 1010 2109 2.
1035 2074 1109 2109 ext.
1140 2082 1193 2116 14.
1244 2072 1300 2109 cf.
1328 2072 1483 2108 Ioannis
1511 2072 1632 2109 nostri

169 2124 239 2170 Ep.
272 2125 349 2168 184,
375 2123 423 2160 ad
451 2122 760 2159 Bartholomeum
793 2119 1023 2168 Episcopum
1058 2120 1321 2165 Exoniensem,
1349 2122 1388 2156 et
1420 2121 1565 2156 Enthet.
1591 2122 1633 2156 de

171 2173 296 2217 Doym.
312 2171 446 2207 Philas,
466 2179 554 2216 1523
567 2181 669 2216 seqq.
719 2168 864 2215 (Migne
882 2170 922 2204 P.
939 2169 982 2203 L.
999 2167 1118 2204 cxcix.
1141 2178 1207 2214 190
1218 2177 1258 2210 1),
1280 2177 1348 2213 997
1363 2168 1420 2210 n).
1590 2178 1629 2205 11

170 2220 252 2265 quis
277 2220 446 2254 tirannus
472 2219 544 2254 etc.
562 2230 570 2253 :
607 2217 664 2253 Ad
693 2215 926 2262 Stephanum
954 2227 1083 2262 regem
1115 2214 1302 2261 respicere
1331 2214 1509 2251 videntur
1536 2227 1633 2261 quae

171 2266 402 2312 sequuntur3
426 2265 474 2301 cf.
497 2265 592 2302 Gen.
609 2266 668 2301 ste
694 2265 728 2299 h.
747 2264 804 2301 ed.
822 2263 991 2299 Howlett
1007 2275 1070 2309 pp.
1090 2271 1134 2307 47
1150 2274 1253 2308 seqq.
1486 2272 1525 2309 15
1552 2265 1635 2309 quis

172 2314 479 2359 metropolitanum
495 2314 567 2349 etc.
583 2324 592 2349 ε
618 2324 650 2348 v.
719 2311 774 2347 ill.
792 2311 839 2347 de
859 2310 1082 2356 Novoburgo
1099 2309 1124 2347 i.
1146 2312 1192 2347 26
1211 2310 1284 2356 (ed.
1305 2309 1473 2346 Howlett
1491 2322 1531 2356 p.
1549 2311 1610 2357 78)
1626 2323 1634 2352 ;

174 2361 351 2407 Defuncto
370 2361 531 2396 Wilelmo
547 2361 590 2396 de
601 2361 734 2396 Sancta
746 2360 914 2394 Barbara
929 2359 1166 2394 Dunelmensi
1182 2360 1343 2404 episcopo
1359 2361 1442 2394 uiro
1459 2359 1634 2404 reliquo-eo,

173 2409 280 2453 Huqo
294 2408 527 2444 Eborac-ensis
541 2408 701 2443 eeclesiae
717 2408 966 2442 thesaurarius
976 2411 1127 2451 pmpter
1145 2405 1366 2441 nobilitatem
1387 2407 1540 2451 yeneris,
1558 2411 1635 2441 erat

174 2455 898 2538 fifflfflfflmmffiss‘iffflfflfflmmi’
845 2455 895 2490 “d
901 2453 1635 2547 mmfffifflssssssffffimqfffff‘ffi‘ff

175 2550 306 2585 meis
313 2550 467 2595 episcopa·
477 2550 654 2594 spectabat
666 2550 891 2591 consecratio,
897 2550 1102 2594 plurimum
1113 2549 1301 2590 obnitente,
1315 2553 1418 2594 atque
1429 2549 1636 2583 obtendente

177 2601 210 2632 et
225 2597 346 2631 minus
360 2597 567 2632 cononicam
585 2597 682 2632 electi
697 2601 856 2638 aetatem,
874 2601 907 2631 et
922 2597 1045 2631 minus
1055 2597 1246 2641 probatam
1262 2607 1402 2631 morum
1412 2597 1634 2640 yram'tatem.

177 2643 290 2679 Hunc
305 2642 503 2688 Hugonem
519 2643 564 2679 de
582 2643 745 2680 Puteaco
760 2643 915 2679 tandem
931 2643 980 2679 ab
996 2642 1195 2679 Anastasio
1211 2642 1264 2678 IV
1275 2644 1537 2679 consecratum
1555 2653 1634 2679 esse

177 2701 267 2726 mox
282 2689 399 2726 refert
413 2689 513 2726 idem
529 2689 863 2737 historiographus.
899 2688 1067 2726 Eandem
1081 2701 1161 2727 rem
1173 2689 1294 2726 fusius
1303 2692 1434 2726 narrat
1444 2688 1636 2726 Galfridus

178 2738 226 2774 de
242 2735 493 2782 coldingham
504 2748 556 2774 cc.
571 2747 635 2782 1-3
650 2738 724 2784 (ap.
740 2737 860 2774 Raine
873 2738 969 2773 Ηὸει.
981 2738 1148 2773 Dunelm.
1161 2739 1291 2783 Script.
1308 2738 1383 2772 ΙΙΙ.
1396 2748 1461 2784 pp.
1474 2748 1494 2782 3
1505 2737 1636 2782 seqq).

180 2795 228 2821 20
242 2785 362 2829 ferale
387 2785 588 2821 iustitium:
613 2783 639 2821 i.
649 2795 680 2821 e.
708 2783 801 2820 iuris
828 2783 982 2820 dicendi
1010 2783 1239 2821 intermissio
1270 2784 1421 2820 funesta
1448 2784 1571 2829 qualis
1595 2784 1636 2819 in

179 2829 320 2878 Anglia
343 2830 544 2868 exsistebat
567 2831 656 2868 dum
679 2832 833 2868 nomine
857 2833 969 2868 tenus
993 2842 1121 2878 regem
1143 2831 1380 2885 Stephanum
1404 2831 1571 2868 habebat
1594 2834 1636 2868 at

180 2889 308 2915 revera
323 2878 468 2925 ἄναρχος
485 2880 579 2916 erat.
671 2881 751 2925 quis
769 2881 859 2926 leqes
874 2880 947 2916 etc.
963 2889 972 2915 τ
999 2878 1048 2915 ef.
1065 2877 1167 2915 infra
1181 2878 1258 2916 viii.
1276 2889 1320 2915 22
1341 2880 1424 2926 (808
1435 2880 1493 2924 D).

1464 2951 1525 2993 187
