1988 3250
298 208 386 256 663
403 205 432 246 d

777 202 1038 248 IOANNIS
1078 200 1592 247 SARESBERIENSIS
1716 198 1830 261 [ΜΒ.
1844 211 1916 244 vn

448 324 573 368 Licet
592 327 742 368 autem
762 324 882 382 apud
901 323 1101 382 priuatos
1121 325 1202 365 aut
1228 322 1343 365 serio
1372 321 1577 364 uiuentes
1605 321 1737 364 homo
1763 321 1916 364 huius-

447 394 568 438 modi
598 394 838 438 rectissime
867 394 1075 437 uideatur
1101 392 1285 442 inutilis,
1313 391 1567 435 commodus
1595 393 1746 434 tamen
1773 393 1841 434 est
1868 390 1918 433 in

447 466 549 507 cetu
583 462 885 506 multitudinis
913 477 1025 520 quae
1055 461 1299 504 hilaritatis
1326 463 1372 503 et
1399 459 1604 503 iocularis
1631 459 1801 503 letitiae
1824 474 1918 502 ma-

447 533 562 576 teria
592 532 770 590 gaudet.
830 532 1062 588 Optimum
1093 531 1211 574 enim
1241 530 1588 572 instrumentum
1618 531 1686 572 est
1715 529 1773 572 ad
1802 529 1918 572 risus

449 602 744 646 conciliandos
764 606 810 645 et
830 601 1044 645 efficacior
1064 600 1221 657 quouis
1242 599 1388 642 mimo.
1428 599 1491 642 Vt
1506 614 1728 642 uenenum
1743 599 1838 642 eius
1853 598 1917 642 ef·
1937 617 1956 652 5

298 670 385 719 664
404 680 435 710 a
452 670 611 728 fugias,
631 670 894 728 patientiam
919 670 1088 712 indicas
1108 669 1301 719 auribus,
1322 683 1488 711 morem
1513 683 1641 726 geras
1665 669 1822 712 insano
1841 667 1919 725 qui

402 1574 433 1614 b

449 740 562 782 nulli
582 740 726 796 parcit
744 742 800 791 et,
820 739 858 782 si
879 754 980 782 eum
1001 738 1117 782 forte
1139 738 1208 780 uis
1235 737 1485 794 reprimere,
1509 737 1823 794 benignissime
1843 737 1919 781 ob·

448 824 570 853 secra
588 811 642 852 ut
661 810 708 851 in
729 809 924 852 docendo
944 811 1024 851 aut
1044 807 1313 864 disputando
1333 806 1579 850 sententiae
1599 807 1700 864 plus
1724 809 1921 864 apponat

448 880 495 921 et
521 893 618 921 eam
648 878 885 921 uerborum
915 877 1178 920 deductione
1205 879 1470 933 compenset.
1531 876 1649 919 Nam
1675 876 1752 933 qui
1781 875 1920 919 uerba

448 948 580 990 rebus
600 949 645 990 et
665 962 734 990 res
761 947 973 1003 temporis
999 946 1324 1003 opportunitati
1355 948 1670 1002 contemperat,
1689 945 1918 989 modestis·
1938 961 1982 989 ιο

448 1017 606 1061 simam
636 1017 776 1060 totius
807 1016 1082 1073 eloquentiae
1113 1016 1312 1072 regulam
1340 1018 1476 1059 tenet.
1542 1015 1629 1058 Illa
1657 1030 1764 1058 uero
1793 1014 1921 1072 copia

448 1086 624 1129 laudem
654 1085 774 1142 parit
804 1085 875 1128 cui
905 1085 1072 1127 ueritas
1101 1085 1262 1127 uirtuti
1294 1087 1339 1127 et
1368 1085 1574 1128 omnibus
1603 1084 1755 1128 officiis
1779 1083 1922 1128 amica

447 1155 681 1199 consentit.
738 1154 884 1197 Multa
917 1154 1134 1211 siquidem
1168 1157 1214 1197 et
1248 1153 1468 1198 fallaciter
1506 1154 1628 1211 loqui
1667 1153 1922 1212 nugigeruli

449 1228 516 1269 est
536 1228 582 1268 et
601 1224 767 1267 famam
787 1223 966 1267 omnino
986 1223 1252 1281 negligentis
1272 1227 1318 1267 et
1338 1224 1385 1266 in
1415 1239 1461 1268 se
1485 1224 1685 1267 uirorum
1711 1223 1919 1282 grauium

448 1293 730 1351 prouocantis
781 1293 932 1335 odium
985 1295 1030 1335 et
1081 1296 1397 1350 contemptum.
1455 1293 1574 1336 Nam
1634 1296 1680 1336 et
1722 1292 1919 1350 Spiritus
1938 1307 1981 1344 ¹5

448 1361 693 1418 sapientiae
723 1364 878 1405 auctor
907 1364 974 1404 est
1003 1362 1109 1418 quia
1138 1361 1215 1418 qui
1245 1361 1481 1419 sophistice
1515 1361 1714 1419 loquitur
1743 1361 1921 1405 odibilis

449 1435 528 1475 est.
594 1431 698 1474 Non
726 1428 958 1474 mediocris
988 1435 1138 1474 tamen
1166 1431 1340 1474 utilitas
1370 1433 1437 1474 est
1463 1431 1511 1474 in
1541 1430 1922 1488 deprehendendis

450 1501 865 1558 importunitatibus
896 1500 1157 1558 sophisticis,
1186 1501 1281 1543 sine
1311 1515 1499 1558 quarum
1529 1501 1692 1544 notitia
1720 1500 1922 1559 quisquis

451 1571 509 1614 ad
529 1570 902 1614 examinationem
923 1570 1018 1614 ueri
1039 1573 1085 1613 et
1104 1585 1252 1614 rerum
1276 1571 1613 1614 uentilationem
1637 1571 1922 1628 progreditur

450 1640 578 1698 quasi
598 1640 724 1683 miles
747 1639 921 1683 inutilis
941 1643 1009 1683 est
1029 1640 1106 1697 qui
1126 1640 1338 1684 aduersus
1369 1641 1661 1684 exercitatum
1683 1644 1728 1684 et
1755 1641 1920 1685 instru-
1940 1655 1983 1680 20

450 1716 573 1755 ctum
593 1710 765 1754 hostem
785 1709 984 1768 procedit
1004 1713 1271 1755 exarmatus.
1312 1710 1437 1754 Licet
1456 1725 1560 1768 ergo
1581 1710 1638 1753 ad
1659 1711 1922 1755 exercitium

449 1780 772 1838 colloquentem
806 1779 1002 1823 uicissim
1034 1778 1188 1822 fallere
1226 1783 1271 1823 et
1305 1779 1431 1837 quasi
1463 1780 1510 1822 in
1545 1780 1922 1838 campidoctorum

450 1849 568 1893 scola
597 1849 715 1892 inter
743 1848 862 1893 ciues
891 1849 1129 1893 iocularem
1158 1848 1364 1892 militiam
1395 1863 1621 1902 exercere3
1650 1849 1738 1901 sed,
1765 1850 1843 1893 ubi
1875 1865 1923 1896 se

449 1918 794 1976 colloquentium
824 1918 1015 1962 intentio
1041 1918 1098 1961 ad
1128 1918 1430 1976 philosophiae
1460 1918 1747 1963 sobrietatem
1777 1920 1922 1978 erigit,

450 1988 813 2046 importunitates
858 1988 1123 2046 sophisticae
1166 1988 1442 2033 delitescunt.
1515 1988 1585 2040 Et,
1624 1988 1662 2032 si
1703 1989 1820 2033 forte
1863 1989 1921 2033 ab
1941 2004 1984 2041 ²5

449 2058 668 2101 alterutra
701 2060 829 2115 parte
864 2057 1134 2109 emerserint,
1169 2056 1231 2101 sic
1260 2071 1288 2101 a
1316 2057 1590 2115 sapientibus
1620 2058 1924 2116 corripiuntur

450 2128 566 2171 sicut
590 2128 638 2170 in
666 2142 712 2171 re
743 2127 920 2185 publica
950 2127 1068 2170 inter
1091 2127 1400 2171 contrahentes
1427 2127 1554 2171 dolus
1579 2127 1923 2185 malignantium

450 2197 719 2242 oohereetur.
794 2195 1003 2241 Ceterum
1043 2197 1180 2240 uerba
1219 2197 1361 2247 rebus,
1399 2211 1469 2240 res
1509 2197 1782 2255 temporibus
1820 2213 1924 2242 con·

451 2270 709 2323 temperare,
726 2269 771 2309 et
787 2266 1134 2309 interuenientes
1150 2266 1348 2310 fallacias
1368 2266 1610 2324 prudenter
1626 2282 1811 2325 arguere
1831 2282 1922 2312 non

451 2349 692 2393 paucorum
720 2335 892 2378 dierum
914 2339 982 2379 est
1001 2339 1080 2379 aut
1105 2335 1215 2379 leuis
1238 2350 1383 2393 opera.
1445 2335 1572 2379 Vnde
1597 2336 1778 2394 plurimi
1803 2352 1922 2382 acee-
1940 2354 1984 2389 30

452 2405 608 2448 dentes
635 2408 876 2449 retrorsum
903 2406 1071 2449 abeunt
1097 2409 1143 2449 et
1171 2405 1366 2462 aliquam
1396 2406 1589 2449 uestium
1618 2406 1923 2466 philosophiae

412 2487 436 2516 c
453 2474 779 2532 portiunculam
801 2474 1101 2531 praeferentes
1115 2474 1366 2532 gloriantur
1385 2475 1503 2532 apud
1525 2475 1724 2520 indoctos
1744 2492 1795 2522 ac
1815 2477 1852 2521 si
1874 2478 1922 2521 in

454 2567 600 2574 -—-..-.

453 2621 474 2648 2
501 2611 679 2648 comodu-
697 2610 751 2648 CS
919 2620 940 2657 7
966 2611 1064 2648 forto
1083 2623 1170 2648 eum
1188 2612 1219 2649 A
1387 2613 1408 2649 8
1434 2614 1577 2659 aponat
1595 2613 1619 2650 S
1800 2616 1842 2653 18
1867 2614 1924 2653 in·

453 2670 475 2696 0
505 2658 775 2695 ortunitatibua
794 2657 823 2694 B
999 2669 1044 2703 24
1069 2659 1342 2706 phylosophiae
1362 2659 1401 2695 Μ
1525 2660 1646 2709 exigit
1664 2661 1704 2698 M
1875 2674 1917 2710 31

453 2718 479 2754 p
506 2706 725 2753 ylosophiac
745 2706 783 2741 Μ

504 2838 547 2875 16
569 2839 634 2885 qui
648 2839 836 2886 cophium
852 2839 948 2877 eta:
976 2836 1081 2876 Eccli
1099 2838 1236 2877 xxxvii.
1256 2849 1313 2887 23.

569 2918 630 2952 ¹⁴⁰
