1988 3250
35 2893 57 2911 0

157 217 256 250 cAr.
272 204 344 266 1x]
664 203 1102 250 POLICRATICVS
1640 206 1719 256 657
1741 206 1772 245 b

157 325 318 383 arguit,
348 339 478 382 quem
508 327 659 368 tamen
692 326 746 367 ut
783 323 1157 367 litteratissimum
1186 321 1324 366 fuisse
1358 322 1524 374 doceat,
1556 323 1623 367 ait

153 396 255 452 post
301 397 447 438 cetera
494 393 654 450 quibus
711 393 927 450 singulari
977 392 1210 450 praeconio
1263 392 1621 436 commendatur:

153 461 356 519 Denique
379 465 425 506 et
444 462 538 520 ipse
558 461 729 504 Tullius
749 461 852 504 huic
880 461 971 504 tale
998 460 1303 504 testimonium
1333 461 1538 517 perhibet
1567 465 1620 504 ut

153 531 202 574 in
220 531 346 574 libris
364 531 669 574 Achademicis
688 530 808 573 dicat
828 545 924 573 eam
955 544 1068 586 quae
1098 529 1161 572 ibi
1188 532 1394 572 uersatur
1421 529 1620 586 disputa-

94 637 99 640 .
115 617 136 652 5
153 601 319 645 tionem
336 615 382 643 se
398 600 603 643 habuisse
622 613 722 643 cum
739 599 796 642 M.
813 598 1022 649 Varrone,
1035 598 1211 642 homine
1225 597 1406 655 (inquit)
1419 598 1620 641 omnium

154 669 284 714 facile
307 669 561 713 acutissimo
591 671 636 712 ct
665 668 760 712 sine
789 667 1070 711 dubitatione
1098 667 1363 711 doctissimo.
1423 667 1526 710 Non
1556 667 1623 710 ait

153 746 165 764 ‘
177 738 533 796 eloquentissimo
549 738 558 754 ’
578 738 650 781 uel
671 743 681 762 ‘
697 737 1038 788 facundissimo‚'
1058 736 1267 794 quoniam
1295 751 1451 779 reuera
1472 736 1519 779 in
1540 736 1622 780 hac
1641 747 1666 776 e

152 807 366 852 facultate
386 808 576 852 multum
596 808 741 865 impar
760 810 839 858 est,
858 806 935 850 sed
958 806 1179 850 ‘omnium
1211 805 1341 849 facile
1367 806 1623 849 acutissimo

157 881 203 922 ct
237 877 543 921 indubitanter
574 877 850 921 doctissimo.¹
908 876 965 919 In
1000 876 1145 933 primo
1176 878 1327 918 autem
1362 875 1487 925 libro,
1521 890 1623 918 cum

95 961 137 986 xo
154 947 348 991 eiusdem
355 946 569 990 Varronis
584 946 853 990 litteratoria
867 960 1001 1003 opera
1017 945 1316 1003 praedicaret:
1345 944 1450 994 Nos,
1463 945 1622 1002 inquit,

151 1016 200 1060 in
245 1019 398 1060 nostra
436 1016 544 1059 urbe
578 1015 910 1073 peregrinantes
950 1017 1234 1071 errantesque
1277 1017 1506 1071 tamquam
1543 1015 1619 1058 ho-

152 1085 288 1143 spites
328 1085 396 1129 tui
434 1085 538 1128 libri
582 1085 708 1142 quasi
748 1085 928 1128 domum
977 1084 1252 1127 reduxerunt
1298 1087 1350 1126 ut
1396 1098 1623 1141 possemus

152 1154 388 1212 aliquando
404 1154 480 1212 qui
496 1158 541 1198 et
556 1154 634 1198 ubi
650 1168 843 1197 essemus
859 1169 1104 1211 agnoscere.
1165 1154 1233 1196 Tu
1253 1157 1417 1196 etatem
1438 1153 1623 1210 patriae,

153 1227 206 1268 tu
233 1224 546 1282 descriptiones
576 1227 839 1281 temporum,
867 1227 918 1266 tu
949 1238 1174 1267 sacrorum
1207 1223 1317 1273 iura,
1342 1226 1393 1266 tu
1424 1222 1623 1265 sacerdo-

94 1309 134 1344 ¹5
154 1296 261 1344 tum,
289 1297 341 1337 tu
377 1293 672 1344 domesticam,
703 1296 755 1336 tu
790 1293 1013 1350 publicam
1045 1292 1337 1351 disciplinam,
1371 1295 1422 1335 tu
1450 1292 1622 1335 sedium

152 1362 381 1420 regionum
407 1362 612 1412 locorum,
641 1365 692 1405 tu
722 1362 919 1404 omnium
950 1362 1206 1404 diuinarum
1237 1362 1622 1418 humanarumque

153 1446 299 1476 rerum
320 1432 499 1476 nomina
518 1446 681 1490 genera
696 1431 838 1475 officia
854 1436 899 1475 et
914 1446 1068 1475 causas
1083 1431 1308 1489 aperuisti.
1368 1431 1461 1474 Iste
1482 1431 1623 1488 igitur
1639 1429 1668 1471 d

152 1501 225 1545 uir
243 1504 335 1545 tam
356 1501 543 1558 insignis
563 1501 905 1558 excellentisque
927 1501 1124 1558 peritiae,
1139 1501 1215 1558 qui
1236 1507 1328 1544 tam
1350 1500 1493 1543 multa
1512 1499 1623 1557 legit

153 1573 206 1614 ut
225 1570 266 1614 ei
292 1571 460 1628 aliquid
487 1571 676 1614 scribere
706 1585 885 1614 uacasse
912 1570 1136 1622 miremur,
1158 1573 1251 1613 tam
1276 1570 1419 1612 multa
1445 1569 1623 1626 scripsit

95 1659 138 1683 πο
158 1654 290 1698 quam
315 1640 456 1683 multa
474 1640 554 1683 uix
575 1654 842 1697 quemquam
864 1639 1007 1697 legere
1027 1639 1223 1697 potuisse
1243 1639 1495 1690 credamus;
1525 1638 1623 1689 iste,

153 1709 345 1767 inquam,
375 1710 447 1753 uir
479 1712 633 1753 tantus
668 1709 847 1767 ingenio
880 1711 1122 1766 tantusque
1156 1709 1369 1759 doctrina,
1399 1708 1436 1751 si
1472 1723 1621 1752 rerum

152 1779 278 1823 uelut
297 1779 562 1830 diuinarum,
582 1779 636 1822 de
657 1779 818 1836 quibus
847 1779 1013 1830 scribit,
1034 1782 1316 1836 oppugnator
1345 1781 1460 1821 esset
1485 1781 1620 1835 atque

151 1848 399 1892 destructor
419 1863 578 1906 easque
598 1863 686 1891 non
706 1848 764 1891 ad
785 1848 1043 1906 religionem
1073 1848 1149 1891 sed
1177 1848 1234 1890 ad
1259 1847 1621 1904 superstitionem

151 1917 315 1961 diceret
344 1917 575 1975 pertinere,
605 1917 751 1961 nescio
780 1920 932 1960 utrum
967 1921 1061 1960 tam
1091 1917 1235 1960 multa
1265 1917 1312 1959 in
1342 1916 1405 1959 eis
1435 1916 1621 1959 ridenda

94 2006 136 2044 ³⁵
151 1987 499 2045 contempnenda
528 1989 574 2030 et
602 1987 864 2030 detestanda
892 1987 1199 2031 conscriberet.
1257 1986 1371 2030 Cum
1397 2001 1502 2043 ergo
1531 1986 1620 2028 uiri

152 2056 394 2100 acutissimi
410 2059 456 2100 et
474 2057 568 2100 sine
589 2056 681 2099 ulla
700 2056 990 2107 dubitatione,
1004 2056 1214 2100 Cicerone
1235 2059 1361 2106 teste,
1376 2055 1620 2099 doctissimi

151 2126 407 2183 superstitio
435 2125 611 2183 scriptis
648 2126 840 2183 propriis
870 2141 966 2169 eam
998 2126 1362 2170 conuincentibus
1402 2129 1620 2183 arguatur

152 2198 408 2252 constetque
439 2195 797 2252 superstitionem
834 2195 1046 2238 falsitatis
1081 2195 1195 2238 uitio
1221 2195 1396 2246 uirtuti,
1426 2209 1538 2252 quae
1571 2195 1619 2237 in

153 2263 247 2308 sola
281 2264 469 2307 ueritate
500 2264 713 2315 consistit,
743 2279 835 2308 esse
871 2265 1119 2322 oppositam
1150 2268 1196 2308 et
1225 2264 1490 2322 sapientiam
1522 2264 1618 2307 sine

93 2350 138 2384 30
154 2333 322 2376 uirtute
337 2348 430 2376 esse
448 2347 538 2376 non
557 2348 694 2390 posse,
707 2334 807 2391 quis
827 2349 882 2377 ex
902 2334 996 2377 sola
1015 2334 1214 2387 lectione,
1227 2334 1313 2377 nisi
1334 2334 1451 2377 adsit
1471 2333 1618 2391 gratia

153 2401 420 2444 illustratrix
448 2403 641 2446 creatrix
670 2403 1028 2460 uiuificatrixque
1057 2404 1293 2454 uirtutum,
1311 2403 1464 2447 credat
1490 2417 1618 2460 posse

151 2470 250 2518 fieri
278 2470 498 2514 hominem
528 2472 806 2529 sapientem?

154 2619 187 2659 5,
204 2612 227 2648 6
251 2610 363 2648 facile
381 2611 548 2649 omnium
564 2611 612 2649 A¹
753 2625 800 2662 30
823 2614 915 2651 assit
930 2614 1004 2652 AM

204 2753 225 2788 3
249 2744 411 2789 Denique
435 2744 505 2780 etc.
530 2755 648 2790 usque
673 2744 722 2780 ad
746 2746 976 2782 conscriberet
1002 2746 1086 2793 (657
1098 2746 1169 2792 D):
1193 2745 1290 2793 Aug.
1315 2747 1358 2783 de
1385 2747 1425 2784 C.
1451 2748 1498 2783 D.
1516 2746 1564 2783 vi.
1582 2756 1616 2784 2.

153 2800 179 2836 9
201 2791 468 2826 indubitanter:
492 2793 570 2827 sine
585 2793 663 2827 ulla
678 2793 896 2830 dubitatione
911 2792 1007 2841 Aug.
1145 2802 1189 2841 25
1219 2794 1311 2831 Cum
1326 2805 1407 2840 erqo
1422 2796 1502 2830 uim·
1517 2796 1590 2831 etc.
1606 2807 1615 2829 :

154 2837 204 2875 cf.
222 2836 316 2884 Aug.
332 2837 374 2872 de
394 2837 434 2874 G.
449 2838 498 2875 D.
515 2837 563 2875 vi.
578 2840 612 2876 6.
628 2837 716 2876 init.

209 2908 291 2931 wau
305 2908 326 2929 u
866 2906 890 2936 8
1443 2911 1459 2935 1
1465 2911 1507 2946 ²9
