1988 3250
173 222 273 262 οΑΡ.
289 215 395 278 xm]
683 217 1120 264 POLICRATICVS
1656 232 1744 273 799
1764 223 1793 263 b

172 340 359 390 conium,
391 339 684 397 gramaticum
720 338 951 381 Niclodem
990 337 1296 382 Laconensem.
1357 340 1639 384 Rethorieam

172 423 279 452 uero
317 408 493 465 legebat
531 408 650 465 apud
701 406 938 450 Eubolium
978 407 1223 463 sophistam
1273 408 1362 450 iam
1412 424 1545 466 opera
1594 414 1642 453 et

171 477 405 535 diligentia
442 476 593 534 magni
634 475 789 519 Basilii
829 475 1158 528 Christianum;
1207 470 1471 532 prouidebat
1521 479 1639 521 enim

170 547 412 604 imperator
430 561 486 588 ne
506 545 625 603 apud
646 559 868 604 paganum
881 545 1126 602 sophistam
1147 545 1296 601 legens
1317 546 1374 587 ad
1395 546 1639 602 impietatis

131 628 150 662 5
170 614 381 672 dogmata
419 615 671 658 declinaret.
734 613 929 658 Profecit
967 628 1072 671 ergo
1111 616 1164 656 ut
1203 614 1243 656 ei
1285 614 1407 656 fama
1446 614 1639 658 deferret

170 684 288 727 uires
322 684 496 741 imperii
535 683 824 741 gubernandi.
899 683 1027 726 Vnde
1062 683 1109 725 in
1149 682 1442 739 suspicionem
1479 683 1639 726 ductus

170 753 438 811 imperatori,
470 753 528 796 ab
558 753 668 796 urbe
699 753 823 810 regia
854 753 999 796 iussus
1031 755 1100 795 est
1134 752 1356 795 abstinere
1391 752 1638 809 missusque

170 821 475 867 Nicomediam
530 823 781 880 prohibitus
829 825 898 866 est
946 822 1180 866 conuenire
1230 822 1349 878 apud
1401 821 1637 864 Libanium

168 893 414 951 sophistam
447 893 597 937 Sirum
632 907 954 950 paganumque,
985 892 1061 950 qui
1096 892 1158 935 ibi
1195 907 1222 935 a
1251 892 1491 949 pedagogis
1522 891 1636 935 Con·
1656 908 1681 937 c

111 976 154 1003 ιο
170 963 579 1020 stantinopolitanis
625 962 836 1019 expulsus
882 962 1149 1005 morabatur.
1227 961 1449 1004 Vtebatur
1487 964 1638 1004 tamen

169 1032 357 1076 lectione
386 1032 599 1075 librorum
629 1032 735 1083 eius,
762 1035 818 1082 et,
847 1031 894 1074 in
923 1031 1143 1075 rethorica
1173 1031 1416 1088 proficiens,
1441 1030 1638 1074 Maximo

168 1102 431 1163 philosopho
459 1101 660 1159 Ephesio,
680 1116 810 1158 quem
837 1104 990 1158 postea
1010 1101 1135 1158 quasi
1161 1104 1280 1144 artes
1299 1101 1493 1158 magicas
1514 1116 1638 1144 exer-

169 1174 342 1216 centem
386 1171 726 1214 Valentinianus
775 1171 1016 1228 imperator
1060 1169 1167 1213 fecit
1210 1170 1360 1222 occidi,
1404 1170 1639 1214 familiaris

171 1241 351 1284 effectus
371 1243 450 1284 est.
511 1239 711 1297 Cumque
731 1240 789 1282 ab
809 1254 860 1282 eo
880 1240 1017 1282 uerba
1036 1240 1338 1297 philosophica
1358 1243 1638 1298 praegustas-

111 1322 151 1357 15
170 1313 250 1363 set,
268 1310 413 1368 coepit
431 1309 526 1353 eius
551 1309 718 1352 imitari
746 1308 1015 1366 religionem,
1035 1308 1177 1366 magis
1198 1313 1243 1352 et
1263 1309 1406 1367 magis
1432 1309 1639 1367 cupidine

170 1393 403 1424 succensus
442 1378 628 1436 imperii.
710 1377 1029 1435 Imperatorem
1069 1393 1175 1421 uero
1218 1379 1379 1422 timens
1429 1379 1639 1436 suspicio-

170 1463 358 1506 nemque
379 1462 552 1500 cauens,
572 1451 726 1491 tonsus
746 1447 1047 1491 monachicam
1067 1448 1307 1491 simulabat
1327 1448 1481 1499 uitam,
1501 1463 1638 1506 agens

169 1518 439 1576 proditorem
472 1517 518 1560 in
545 1517 702 1560 habitu
723 1516 991 1569 Christiano,
1011 1519 1056 1560 et
1083 1517 1130 1560 in
1151 1516 1331 1561 ecclesia
1351 1517 1638 1560 Nicomediae

169 1587 306 1631 lector
344 1587 575 1630 ordinatus
607 1587 668 1630 sic
709 1586 903 1630 furorem
939 1587 1180 1631 declinauit
1219 1587 1512 1644 imperatoris.
1583 1587 1638 1630 In

110 1673 152 1699 ιο
169 1656 407 1700 manifesto
441 1658 591 1700 autem
626 1671 772 1699 sacros
807 1655 1163 1700 Christianorum
1203 1656 1379 1713 legebat
1419 1657 1554 1700 libros
1593 1660 1640 1699 et

169 1726 361 1770 latenter
394 1726 683 1770 exercebatur
721 1726 768 1768 in
808 1726 1098 1784 philosophia,
1130 1726 1427 1769 inualescente
1467 1741 1640 1783 semper

168 1796 410 1840 ambitione
454 1795 652 1853 imperii3
701 1795 819 1839 unde
859 1798 905 1838 et
948 1795 1102 1839 amicis
1141 1795 1316 1839 dicebat
1355 1795 1503 1838 felicia
1543 1795 1638 1839 fore

168 1869 368 1923 tempora
387 1865 548 1922 quibus
578 1865 670 1922 ipse
692 1880 839 1908 rerum
870 1865 1091 1922 potiretur
1119 1865 1318 1922 imperio.
1380 1864 1439 1908 Et
1459 1865 1637 1921 quidem
1656 1873 1685 1913 d

167 1949 326 1978 manus
355 1949 444 1978 non
474 1934 687 1977 euasisset
716 1934 1007 1992 imperatoris,
1036 1934 1122 1977 nisi
1153 1934 1417 1992 imperatrix
1448 1933 1640 1976 Eusebia

108 2019 151 2053 25
169 2004 399 2048 inueniens
418 2004 671 2047 latitantem
692 2007 738 2047 et
757 2018 837 2061 pro
858 2019 909 2048 eo
929 2004 1204 2048 intercedens
1223 2004 1490 2061 optinuisset
1510 2007 1562 2047 ut
1582 2004 1638 2046 ad

168 2073 567 2131 philosophandum
598 2073 854 2116 mitteretur
882 2073 1096 2118 Athenas.
1158 2073 1315 2116 Refert
1345 2073 1639 2116 Theodoritus

169 2141 286 2199 quod
310 2141 469 2186 exinde
498 2142 748 2186 discurrens
773 2157 947 2186 omnem
975 2142 1212 2186 Helladam
1234 2146 1361 2185 uates
1382 2142 1636 2199 quaerebat,

167 2211 398 2255 consulens
417 2226 475 2254 an
495 2212 552 2254 ad
573 2212 806 2270 imperium
827 2213 1093 2270 perueniret.
1143 2212 1422 2268 Inuentoque
1443 2212 1540 2254 uiro
1560 2212 1637 2268 qui

169 2294 216 2323 se
235 2281 589 2337 potentissimum
610 2281 657 2324 in
677 2282 850 2339 magica
870 2282 1100 2334 fateretur,
1120 2282 1402 2324 introductus
1422 2285 1489 2324 est
1509 2282 1566 2324 ab
1586 2296 1637 2324 eo

111 2363 152 2397 30
169 2349 218 2392 in
248 2349 390 2393 locum
422 2350 651 2402 idolorum,
670 2355 723 2394 ut
754 2352 802 2399 in
828 2351 951 2394 adito
977 2354 1182 2394 euocatos
1210 2365 1238 2393 a
1270 2365 1401 2407 mago
1430 2350 1638 2394 demones

169 2432 375 2476 praesens
393 2419 652 2463 consuleret.
700 2419 873 2473 Quibus
892 2419 1164 2463 sollemniter
1183 2419 1501 2477 apparentibus
1520 2434 1635 2463 com-

169 2487 324 2545 pulsus
343 2489 410 2530 est
430 2487 630 2532 Iulianus
650 2487 844 2532 frontem
869 2504 997 2533 suam
1024 2489 1166 2532 crucis
1190 2489 1363 2532 munire
1384 2489 1634 2546 signaculo;
1654 2490 1740 2530 800
1759 2501 1789 2530 a

174 2580 188 2606 1
217 2569 431 2606 Retorioam
449 2569 474 2605 S
588 2580 610 2607 2
635 2570 800 2608 ebolium
818 2569 855 2608 8ι
974 2581 998 2618 9
1022 2583 1150 2618 syrum
1165 2571 1205 2607 M
1327 2582 1369 2618 13
1395 2571 1637 2609 ualentianun

170 2616 278 2671 CBA.
383 2627 424 2653 21
453 2617 698 2654 exercebatur
720 2618 884 2656 latenter
903 2618 938 2655 A
1047 2617 1290 2665 philosophia
1309 2621 1492 2656 Cassiod:
1516 2619 1637 2666 philo-

169 2665 328 2748 ὃοὲἒίῗ
344 2662 489 2746 muso:
514 2664 858 2749 pfflffihgssaffl
1020 2666 1398 2750 3⁶..3'1‘3333213‘ssfff
1426 2667 1638 2751 &25³1ssss

169 2758 226 2796 A:
254 2721 530 2804 sollempnitery
532 2758 577 2794 S:
601 2759 839 2796 sollemniter
855 2759 883 2796 C
994 2724 1069 2807 332
1095 2760 1293 2808 signacula
1308 2760 1337 2797 G
1379 2742 1388 2750 ⁸
1414 2727 1432 2751 Β
1535 2727 1561 2751 n

221 2842 236 2868 1
264 2833 469 2868 Niclodem:
494 2833 672 2868 Nicoclem
689 2831 850 2869 Cassiod.
1049 2843 1070 2869 2
1095 2835 1317 2871 Eubolium:
1340 2835 1532 2872 Eoebolum
1550 2834 1598 2881 (v.
1611 2834 1636 2872 1.

169 2879 366 2927 Eubolum)
384 2878 569 2924 Cassiod-5
592 2878 796 2926 Ἐκηβόλιον
813 2880 871 2928 (ε
883 2878 1106 2928 Ἐκηβόλιον)
1124 2880 1228 2918 Socr-

1459 2937 1526 2981 ³83
