1988 3250
146 224 244 258 cAr.
262 212 374 269 xxv]
663 209 1102 257 POLICRATICVS
1627 210 1714 260 706
1731 220 1763 250 a

146 331 313 389 laqueis
339 331 424 374 sibi
451 330 658 388 spiritum
685 329 946 386 eripuerunt
971 328 1079 372 eliso
1105 331 1289 386 gutture
1313 343 1368 371 ne
1389 329 1610 372 seruirent

145 404 225 444 aut
254 400 492 458 pudicitiae
524 399 804 456 dispendium
834 401 1105 454 paterentur.
1167 397 1215 439 Si
1251 398 1427 454 singula
1456 398 1607 440 huius-

143 470 262 514 modi
289 469 453 512 referre
479 468 671 518 noluero,
693 470 867 524 tempus
893 469 1133 523 antequam
1160 466 1363 523 exempla
1389 467 1604 509 deficient.

143 538 383 582 Libertatis
412 538 563 594 itaque
586 551 692 579 usus
716 535 906 579 eximius
931 538 1009 585 est,
1033 536 1160 591 eique
1186 535 1269 578 soli
1299 535 1502 592 displicet
1526 536 1602 592 qui
1621 539 1650 577 b

105 627 125 662 5
142 609 336 652 moribus
365 607 599 651 seruilibus
627 605 756 648 uiuit.
816 605 940 657 Quae
970 604 1106 647 libere
1130 604 1341 647 dicuntur
1369 608 1449 647 aut
1478 605 1604 655 fiunt,

142 678 257 722 sicut
277 677 460 729 timoris,
481 677 546 719 ita
573 678 618 718 et
640 674 907 718 temeritatis
931 674 1133 730 expertia
1156 677 1262 716 sunt
1283 677 1338 723 et,
1359 674 1465 716 dum
1486 678 1606 716 recta

141 747 218 791 uia
248 747 478 799 inceditur,
507 745 682 788 laudem
712 746 940 786 merentur
969 746 1014 786 et
1042 742 1245 800 gratiam.
1305 743 1369 785 At
1392 757 1493 785 cum
1524 743 1607 785 sub

141 817 332 874 imagine
352 816 572 859 libertatis
593 814 820 858 temeritas
847 812 1031 870 spiritus
1056 812 1125 855 sui
1150 812 1352 869 profudit
1372 813 1607 855 uehemen-

141 886 262 937 tiam,
284 885 664 943 reprehensionem
680 883 878 932 incurrit,
895 881 1019 939 uulgi
1041 882 1218 938 quidem
1235 882 1418 924 auribus
1436 882 1608 939 gratior

44 990 51 997 .
83 975 126 1001 10
142 970 274 1013 quam
312 953 625 1012 sapientissimi
671 953 882 1009 cuiusque
927 951 1077 997 animo
1124 951 1406 1008 probabilior,
1449 955 1605 1008 utpote

140 1024 416 1082 frequentius
442 1027 543 1067 tuta
569 1023 701 1066 uenia
723 1022 869 1064 aliena
895 1035 1029 1078 quam
1054 1020 1337 1077 prouidentia
1356 1035 1447 1063 sua.
1508 1021 1605 1063 Viri

141 1097 291 1138 tamen
318 1093 475 1151 optimi
503 1096 548 1137 et
572 1091 887 1149 sapientissimi
914 1093 984 1134 est
1011 1090 1206 1132 habenas
1231 1089 1382 1132 laxare
1407 1090 1605 1132 libertati

140 1166 186 1207 et
204 1163 426 1220 quaelibet
441 1163 561 1205 dicta
576 1162 670 1205 eius
686 1161 908 1218 patienter
927 1159 1140 1216 excipere.
1191 1159 1278 1202 Sed
1299 1174 1378 1202 nec
1399 1159 1606 1216 operibus

140 1247 186 1276 se
205 1233 398 1290 opponit,
414 1232 519 1275 dum
540 1231 723 1274 uirtutis
743 1230 959 1274 iacturam
980 1244 1069 1272 non
1090 1229 1299 1272 incurrat.
1352 1227 1466 1272 Cum
1486 1229 1606 1272 enim

82 1321 122 1355 ¹5
140 1316 219 1359 per
243 1317 289 1345 se
313 1302 453 1359 ipsam
479 1302 626 1344 uirtus
653 1314 851 1357 quaeque
871 1298 1160 1356 resplendeat,
1181 1298 1424 1355 patientiae
1445 1298 1605 1341 titulus

138 1371 383 1429 gloriosiori
419 1370 592 1428 fulgore
631 1369 843 1414 clarescit.
903 1368 1233 1412 Priuernatium
1275 1368 1469 1424 quidam,
1502 1383 1602 1410 cum
1622 1382 1647 1411 e

137 1441 484 1499 interrogaretur
537 1439 711 1496 qualem
767 1453 919 1496 pacem
974 1437 1172 1480 habituri
1231 1440 1378 1480 essent
1435 1438 1603 1494 captiui

139 1510 428 1561 Priuernates,
477 1509 562 1553 sibi
611 1508 879 1566 impunitate
930 1507 1105 1557 donata,
1157 1507 1386 1564 respondit
1434 1507 1603 1550 consuli

138 1579 460 1623 Romanorum:
497 1579 547 1623 Si
580 1579 742 1622 bonam
777 1578 1001 1629 dederitis,
1031 1580 1290 1634 perpetuam
1304 1590 1313 1628 ;
1354 1577 1392 1619 si
1428 1576 1603 1626 malam,

79 1665 123 1691 ιο
139 1664 227 1693 non
258 1650 526 1693 diuturnam.
585 1648 684 1701 Qua
723 1662 830 1690 uoce
868 1646 1090 1691 libertatis
1130 1661 1218 1688 non
1258 1646 1389 1689 modo
1423 1647 1602 1689 ueniam

137 1718 386 1763 rebellionis
417 1717 706 1762 obtinuerunt
741 1716 1023 1759 Priuernates
1057 1715 1133 1759 sed
1169 1716 1304 1759 etiam
1339 1716 1602 1759 beneficium

134 1788 330 1834 ciuitatis
350 1788 585 1838 Romanae,
605 1786 710 1843 quia
729 1786 791 1830 sic
818 1786 866 1829 in
889 1789 1047 1830 senatu
1068 1785 1189 1842 loqui
1211 1785 1447 1828 Priuernas
1468 1799 1603 1828 ausus

135 1860 212 1902 est.
271 1857 501 1914 Philippus
527 1855 706 1913 quidam
733 1855 946 1899 aduersus
972 1854 1173 1898 ordinem
1195 1858 1450 1897 senatorum
1471 1854 1601 1896 liber-

135 1927 274 1969 tatem
305 1925 514 1976 exercuit,
548 1924 869 1982 segnitiemque
907 1938 988 1982 pro
1022 1924 1177 1967 rostris
1208 1923 1481 1980 exprobrans
1513 1923 1601 1966 alio

78 2011 118 2046 ²5
135 1994 220 2038 sibi
242 1997 399 2038 senatu
425 2009 534 2052 opus
560 2009 652 2038 esse
679 1994 820 2046 dixit3
860 2008 939 2037 nec
969 1997 1119 2037 tamen
1147 1994 1371 2036 senatoria
1399 1993 1601 2050 grauitas

135 2063 303 2106 moueri
333 2063 492 2120 potuit,
521 2062 636 2107 sicut
664 2078 743 2107 nec
772 2063 1011 2121 prudentia
1042 2062 1237 2120 Philippi
1266 2062 1470 2112 consulis,
1499 2077 1599 2105 cum

135 2131 176 2175 ei
211 2147 238 2175 a
271 2146 346 2176 reo
378 2132 607 2183 diceretur,
634 2132 705 2176 cui
737 2132 905 2177 lictoris
939 2135 1223 2189 praeceperat
1258 2131 1363 2174 inici
1395 2146 1600 2175 manum:

135 2199 239 2244 Non
259 2215 316 2252 es,
335 2201 493 2258 inquit,
511 2202 574 2244 mi
595 2202 809 2260 Philippe,
829 2202 963 2245 michi
989 2202 1154 2252 consul,
1175 2201 1281 2258 quia
1308 2216 1388 2244 nec
1413 2216 1494 2258 ego
1515 2201 1599 2244 tibi

136 2273 312 2314 senator
339 2285 447 2314 sum.
505 2271 659 2330 Magni
690 2272 886 2329 Pompeii
918 2272 1036 2315 inter
1073 2274 1240 2315 ceteros
1275 2271 1323 2313 in
1358 2271 1440 2314 hac
1470 2275 1598 2328 parte

75 2360 122 2395 30
137 2339 281 2383 uirtus
310 2338 481 2383 enituit.
539 2339 652 2384 Cum
681 2341 799 2395 enim
829 2340 996 2384 Gneius
1027 2340 1128 2383 Piso
1158 2340 1360 2383 Mallium
1388 2339 1595 2397 Crispum
1612 2348 1642 2388 d

135 2423 260 2452 reum
290 2411 440 2466 ageret
469 2423 655 2466 eumque
688 2410 918 2453 euidenter
951 2412 1182 2453 nocentem
1218 2409 1414 2466 Pompeii
1449 2410 1597 2467 gratia

136 2477 247 2535 eripi
280 2477 462 2529 uideret,
492 2478 678 2521 iuuenili
710 2479 879 2536 impetu
914 2493 964 2523 ac
996 2479 1144 2523 studio
1179 2479 1236 2522 ad
1272 2479 1595 2522 accusationem

135 2549 370 2604 prouectus
401 2547 543 2590 multa
576 2551 622 2591 et
651 2548 809 2606 grauia
842 2548 1028 2592 crimina
1059 2549 1338 2606 praepotenti
1373 2548 1596 2592 defensori

133 2669 158 2705 4
182 2658 384 2695 Libertatis
397 2657 543 2706 itaque]
561 2658 836 2706 Libertatisque
853 2660 894 2696 M

186 2767 204 2804 5
232 2760 329 2803 Quae
339 2759 444 2794 libere
456 2759 548 2795 etc.:
572 2757 653 2794 Val.
663 2757 767 2794 Max.
778 2758 845 2795 lib.
855 2757 902 2795 vi.
917 2770 961 2795 ea
990 2787 998 2795 .
1015 2769 1036 2795 2
1049 2757 1274 2795 inscribitur
1285 2759 1412 2795 Libere
1422 2760 1518 2795 dicta
1532 2764 1597 2794 aut

133 2807 242 2848 facta.
343 2807 386 2842 16
408 2806 682 2842 Priuernatium
694 2808 766 2842 etc.
781 2819 790 2843 ε
815 2818 850 2843 v.
862 2806 945 2842 Val.
1003 2818 1061 2842 ax.
1076 2806 1124 2842 vi.
1138 2805 1190 2852 2§
1210 2817 1240 2842 1.
1339 2816 1383 2851 23
1400 2808 1598 2852 Philippus

135 2856 228 2890 eta:
246 2864 277 2889 v.
294 2851 378 2888 Val.
392 2851 492 2890 Max.
503 2851 550 2889 vi.
562 2862 583 2888 2
598 2852 616 2899 ξ
633 2862 665 2889 2.
762 2863 808 2898 30
834 2855 924 2890 Cum
934 2856 1031 2890 enim
1041 2856 1112 2891 etc.
1129 2866 1139 2890 z
1162 2865 1197 2890 v·
1209 2853 1292 2890 Val.
1305 2852 1406 2889 Max.
1421 2853 1469 2888 vi.
1484 2863 1504 2888 2
1518 2854 1535 2900 ᾗ
1552 2864 1591 2898 4.

1421 2934 1486 2968 219
