1988 3250
239 209 321 250 ⁷30
339 199 370 240 d
695 197 959 243 IOANNIS
1000 196 1514 242 SARESBERIENSIS
1631 195 1741 257 [ΗΒ.
1755 206 1848 240 VIII

385 319 526 363 fames
546 322 592 363 et
611 319 769 363 edendi
798 319 941 377 epulis
970 318 1220 377 frugalibus
1246 317 1554 375 comprimitur
1577 316 1719 360 ardor.
1777 315 1851 358 Ibi

382 389 572 433 crinitus
591 389 722 446 Iopas
740 389 1067 432 luxuriantium
1091 389 1275 432 letificat
1294 391 1439 436 cetum
1455 400 1464 439 ;
1494 386 1566 430 hic
1585 400 1688 429 arae
1708 399 1851 429 sacer-

385 458 465 501 dos
504 458 789 502 refectionem
828 458 1020 501 sobriam
1061 460 1286 501 consecrat
1326 456 1543 513 religioni.
1619 455 1706 498 Hic
1749 457 1852 511 post

385 542 582 571 mensam
611 528 727 571 seria
760 530 1014 571 tractantur
1044 530 1090 569 et
1120 526 1179 569 ad
1213 525 1468 583 erigendam
1500 539 1593 567 rem
1628 523 1852 581 publicam

385 597 575 655 erigitur
602 597 732 640 uirile
757 597 919 648 robur;
949 596 1012 638 ibi
1045 599 1098 638 ut
1124 595 1329 638 luxuriae
1360 595 1547 637 faueant
1577 593 1691 636 fusis
1713 591 1852 650 preci·
1870 612 1891 653 5

385 666 469 710 bus
487 666 742 710 innitantur
761 669 808 710 et
828 665 1026 708 numina.
1086 665 1224 707 Latae
1244 666 1350 707 sunt
1369 678 1486 721 ergo,
1501 663 1617 706 sicut
1635 663 1684 705 in
1696 662 1853 706 Satur-

384 735 603 778 naliorum
644 735 758 778 libro
797 734 974 792 legitur,
1009 733 1067 777 ad
1106 734 1332 776 luxuriam
1371 731 1696 790 reprimendam
1735 730 1854 788 leges

386 805 615 861 plurimae,
636 819 824 861 quarum
845 803 1194 861 perfunctoriam
1214 802 1484 845 mentionem
1504 801 1552 844 in
1572 801 1690 844 calce
1709 799 1855 844 ciuilis

385 874 581 917 conuiuii
601 888 763 931 ponere
783 888 862 917 nec
882 873 1100 916 tediosum
1122 872 1208 915 erit
1228 886 1308 915 nec
1328 871 1508 914 omnino
1527 870 1696 914 inutile.

250 984 321 1026 731
340 986 371 1015 a
387 970 493 1029 Cap.
517 984 553 1027 7.
612 970 676 1014 De
705 970 893 1014 cibariis
929 974 967 1014 et
1002 968 1310 1026 sumptuariis
1348 967 1519 1024 leyibus
1556 971 1764 1011 ‘aeteram
1792 965 1855 1010 ad
1874 982 1919 1010 ιο

501 1040 910 1097 intemperantiam
943 1039 1257 1083 cohow-cendam
1270 1057 1288 1089 ;
1328 1042 1367 1082 et
1398 1037 1659 1094 differentia
1693 1050 1857 1080 earum

503 1110 753 1154 secundum
763 1109 1142 1159 Portunianuwm
1158 1112 1197 1151 et
1212 1108 1265 1151 de
1282 1106 1645 1164 intemperantia
1654 1105 1858 1150 Antonii

504 1183 543 1223 et
564 1178 842 1236 fruyalitate
868 1178 993 1221 Iulii
1020 1178 1204 1229 cesaris,
1226 1178 1279 1221 de
1306 1178 1516 1234 Auyusto
1551 1181 1591 1220 et
1613 1176 1787 1220 Nerone
1818 1177 1859 1219 et

508 1249 555 1293 G.
578 1248 792 1304 Galiyula
811 1252 851 1291 et
878 1247 1056 1291 Vitellio
1077 1251 1116 1291 et
1136 1247 1318 1291 Metello.

447 1326 596 1369 Prima
627 1341 733 1384 ergo
768 1326 966 1369 omnium
1001 1325 1058 1369 ad
1091 1326 1304 1383 populum
1335 1325 1410 1368 lex
1441 1324 1606 1368 Orchia
1638 1323 1856 1382 peruenit,
1877 1337 1919 1372 15

387 1395 689 1453 praescribens
725 1409 942 1438 summam
977 1398 1023 1438 et
1057 1409 1291 1438 numerum
1323 1394 1636 1446 conuiuarum;
1681 1406 1858 1436 uerum·

388 1468 539 1507 tamen
579 1463 989 1507 immoderationem
1033 1466 1293 1521 sumptuum
1332 1477 1614 1520 nequaquam
1660 1462 1860 1506 cohibuit

390 1533 499 1590 quin
529 1533 767 1590 unicuique
791 1533 944 1576 liceret
970 1548 1051 1590 pro
1081 1533 1267 1576 arbitrio
1294 1533 1410 1576 bona
1440 1547 1522 1575 sua
1551 1532 1669 1575 inter
1698 1545 1860 1589 paucos

389 1617 655 1646 consumere.
729 1602 893 1645 Secuta
935 1606 1004 1646 est
1051 1618 1157 1661 ergo
1208 1602 1283 1646 lex
1330 1603 1513 1654 Fannia,
1561 1616 1674 1659 quae
1718 1601 1855 1646 etiam

389 1672 642 1730 sumptibus
690 1671 869 1715 modum
931 1672 1048 1716 fecit.
1129 1672 1392 1729 Scriptaque
1458 1675 1526 1715 est
1589 1672 1691 1729 (lex
1746 1685 1859 1730 quae
1879 1693 1924 1720 ,ο

391 1742 608 1784 Fanniam
638 1745 789 1784 secuta
823 1742 918 1798 est>
956 1741 1003 1784 in
1038 1756 1200 1792 omnes,
1235 1745 1288 1785 ut
1321 1756 1412 1785 non
1451 1741 1594 1784 solum
1633 1741 1752 1784 ciues
1786 1755 1861 1784 ur-

391 1810 496 1853 bani
536 1810 613 1853 sed
653 1824 805 1853 omnes
845 1810 1008 1868 ubique
1051 1810 1242 1854 Ithaliae
1283 1811 1380 1870 lege
1421 1810 1700 1868 sumptuaria
1739 1813 1860 1854 tene-

343 1887 373 1926 b
393 1882 574 1932 rentur;
616 1894 719 1922 nam
763 1879 811 1922 in
853 1894 904 1923 eo
934 1880 1093 1923 Didiae
1123 1880 1234 1938 legis
1268 1881 1338 1924 uis
1372 1880 1587 1925 consistit.
1661 1879 1724 1922 At
1763 1878 1862 1922 istis

392 1949 566 1992 adiecta
592 1951 660 1991 est
689 1950 735 1991 et
756 1948 937 2001 Licinia,
957 1964 1069 2006 quae
1098 1964 1282 1994 numero
1308 1949 1598 1994 conuiuarum
1618 1951 1664 1992 et
1684 1947 1860 2006 quanti·

393 2019 478 2062 tati
508 2021 767 2075 sumptuum
802 2022 848 2061 et
877 2019 1072 2062 cautioni
1105 2019 1298 2063 locorum
1334 2019 1505 2062 dierum
1536 2022 1582 2063 et
1611 2022 1860 2076 temporum
1880 2035 1922 2071 η

392 2087 676 2147 praescripsit
714 2086 936 2144 regulam;
966 2103 1021 2131 ne
1056 2088 1290 2132 cotidianis
1331 2088 1484 2132 liceret
1523 2088 1726 2132 exultare
1760 2102 1861 2132 con·

394 2158 541 2209 uiuiis,
576 2157 670 2201 dies
701 2161 843 2201 certos
877 2158 1142 2215 praefiniens
1173 2158 1334 2215 quibus
1364 2158 1628 2216 permissum
1663 2160 1731 2202 est
1761 2172 1864 2202 con·

395 2227 555 2271 uiuari.
617 2227 736 2284 Ergo
766 2227 901 2271 etiam
931 2227 1067 2271 sobrii
1098 2230 1216 2272 etate
1248 2228 1383 2272 seculi
1413 2228 1685 2286 praescripto
1714 2228 1863 2286 legum

394 2297 652 2341 cohercetur
684 2311 878 2354 expensa
910 2311 1131 2342 cenarum.
1202 2298 1430 2355 Siquidem
1466 2298 1524 2341 ab
1555 2297 1686 2341 initio
1719 2297 1865 2355 coepit

395 2366 525 2409 radix
547 2365 751 2409 luxuriae
770 2366 1012 2423 pullulare;
1042 2367 1160 2411 unde
1181 2370 1227 2411 et
1241 2371 1372 2412 uetus
1392 2368 1579 2412 uerbum
1599 2371 1692 2412 est:
1723 2367 1862 2427 Leges
1881 2387 1925 2423 3⁰

396 2480 417 2507 2
442 2481 560 2517 yopan
577 2469 706 2506 CBSM
886 2481 909 2515 ⁴
935 2470 1127 2517 publicam
1145 2483 1213 2507 om.
1229 2471 1269 2507 M
1451 2482 1475 2519 9
1499 2483 1570 2510 nec
1587 2471 1774 2509 tediosam
1790 2471 1865 2510 erit

424 2529 540 2554 onere
560 2517 598 2552 M
763 2526 799 2554 11
830 2528 958 2555 eorum
977 2518 1047 2555 0²8
1067 2520 1105 2554 in
1124 2521 1221 2555 mbr.
1240 2532 1318 2566 cap.
1330 2522 1454 2566 praef.
1619 2530 1660 2557 12
1686 2519 1865 2558 anthonii

440 2566 479 2600 in
497 2566 596 2600 rubr.
615 2577 692 2611 cap.
708 2566 825 2611 praes.
1015 2576 1027 2602 ι
1083 2565 1182 2602 iullii
1202 2565 1226 2602 S
1245 2569 1284 2602 in
1302 2568 1401 2604 rubr.
1419 2580 1497 2613 cap.
1517 2569 1633 2614 praes.
1820 2578 1863 2615 14

398 2611 556 2649 Nitellio
574 2611 598 2647 S
620 2613 657 2647 in
677 2613 773 2648 rubr.
791 2625 868 2659 cap.
881 2614 1017 2659 praef..
1036 2576 1073 2648 {a
1209 2616 1262 2659 16,
1284 2623 1324 2659 17
1352 2617 1642 2662 ucrumptamen
1659 2614 1691 2651 A
1821 2625 1864 2661 17

394 2663 576 2706 nuptuum
596 2659 627 2694 A
743 2669 784 2705 ¹9
807 2662 967 2706 sequuta
984 2660 1058 2697 AM
1154 2661 1288 2698 saunis.
1304 2661 1374 2698 C’S
1545 2673 1598 2709 19,
1618 2673 1664 2699 20
1689 2662 1750 2700 lex
1766 2674 1864 2710 quae

397 2707 585 2744 Fanniam
603 2708 734 2743 secuta
751 2709 809 2744 eut
826 2709 1008 2755 suppleat.
1150 2711 1196 2745 26
1223 2708 1444 2746 cottidianis
1461 2709 1507 2746 Αι

421 2775 517 2846 617
542 2802 634 2836 sicut
667 2802 707 2837 in
741 2802 1036 2837 saturnaliorum
1064 2802 1156 2838 libro
1185 2803 1335 2848 legitur:
1361 2814 1391 2839 v.
1425 2802 1589 2841 Maerob.
1618 2804 1693 2840 Sat.
1722 2801 1776 2839 iii.
1810 2811 1863 2847 ¹7-

401 2857 441 2895 15
469 2849 594 2885 Prima
613 2859 692 2894 erpo
709 2851 805 2886 etc&
833 2861 865 2885 v.
884 2848 1049 2886 Maerob.
1068 2851 1143 2886 Sat.
1164 2849 1217 2886 iii.
1240 2859 1279 2895 17
1301 2849 1342 2898 §§
1364 2860 1468 2897 2-13.

508 2922 569 2955 262
