1988 3250
0 138 15 259 ἑ
145 222 243 256 οΑΡ.
262 211 347 272 xx]
650 212 1085 258 POLICRATICVS
1624 224 1708 267 795
1725 214 1755 255 d

144 331 372 382 Dominus,
399 331 607 388 quoniam
637 331 780 374 omnis
809 331 897 374 ista
925 333 1182 390 compositio
1213 348 1302 377 non
1334 349 1391 377 ex
1421 334 1606 378 libidine

143 399 220 443 sed
254 414 322 442 ex·
341 400 510 444 uirtute
540 400 772 458 pendebat.
831 400 889 443 Et
919 400 1017 444 ideo
1052 401 1270 444 Dominus
1301 403 1414 446 hanc
1446 403 1495 445 in
1529 403 1607 446 illa

143 469 517 526 pulchritudinem
550 469 785 526 ampliauit
818 473 872 513 ut
904 469 1237 527 incomparabili
1276 471 1429 514 decore
1469 474 1607 516 oculis

143 537 340 580 omnium
379 540 621 595 appareret.
700 538 813 582 Illuc
851 553 956 596 ergo
995 540 1257 596 perueniens
1296 544 1342 583 et
1380 541 1607 597 publicum

105 621 124 656 5
142 610 326 664 captans
345 606 515 650 hostem
531 606 648 650 dixit
662 607 818 651 Iudith
835 607 1091 652 Holoferni:
1121 609 1255 652 Sume
1271 610 1408 652 uerba
1423 610 1607 653 ancillae

143 679 248 719 tuae
277 676 496 733 quoniam,
526 676 564 719 si
604 691 656 720 ea
689 680 865 720 secutus
896 676 1046 729 fueris,
1077 678 1318 735 perfectam
1348 694 1440 722 rem
1473 679 1608 723 faciet

0 738 9 801 {J
142 745 264 788 Deus
297 747 455 789 tecum.
526 746 654 790 Viuit
688 746 806 789 enim
841 746 886 789 N
887 747 1222 804 abugodonosor
1260 763 1340 791 rex
1374 751 1530 799 terrae,
1562 752 1608 792 et

0 807 9 854 ¹².
142 814 260 857 uiuit
293 814 439 858 uirtus
468 818 548 858 tua
575 830 688 872 quae
720 819 788 860 est
817 816 865 859 in
892 819 937 860 te
967 817 1025 860 ad
1056 818 1377 875 correptionem
1409 818 1607 861 omnium

0 862 14 967 3
143 884 392 927 animarum
423 885 680 936 errantium,
706 886 914 942 quoniam
941 901 1030 930 non
1061 887 1205 930 solum
1231 888 1431 931 homines
1458 888 1535 931 sed
1562 891 1608 931 et

0 970 16 1035 Ξ
86 968 127 992 10
144 953 310 996 bestiae
330 953 426 1010 agri
447 954 650 997 seruiunt
668 954 735 997 illi
755 969 834 1012 per
853 958 898 998 te
918 958 963 998 et
982 956 1290 1013 obtemperant
1310 956 1363 1000 ei.
1414 956 1607 1000 Nuntia·

0 1065 9 1075 „
143 1025 220 1065 tur
239 1022 357 1065 enim
377 1023 523 1066 uirtus
543 1026 588 1066 et
603 1023 824 1067 industria
843 1024 979 1067 animi
1000 1025 1068 1068 tui
1086 1022 1308 1068 uniuersis
1328 1026 1547 1083 gentibus,
1563 1028 1609 1069 et
1625 1022 1711 1072 796
1734 1032 1763 1060 a

0 1079 14 1131 lt:
142 1091 387 1135 indicatum
407 1096 474 1136 est
493 1093 614 1136 omni
634 1093 779 1136 seculo
799 1094 904 1151 quia
923 1097 974 1136 tu
994 1095 1113 1138 solus
1139 1098 1295 1152 potens
1323 1110 1368 1138 es
1395 1099 1440 1138 et
1467 1095 1608 1138 bonus

0 1135 9 1224 ῗ
142 1161 190 1204 in
227 1161 348 1204 omni
388 1177 524 1220 regno
556 1162 662 1214 eius,
697 1166 743 1206 et
776 1163 1010 1221 disciplina
1043 1167 1123 1207 tua
1156 1164 1362 1208 omnibus
1400 1165 1609 1222 gentibus

141 1231 434 1287 praedicatur.
493 1232 552 1275 Et
571 1232 764 1276 adiciens
779 1232 866 1276 ait:
895 1233 1088 1276 Veniens
1108 1234 1324 1277 nuntiabo
1345 1234 1427 1277 tibi
1447 1235 1608 1285 omnia,

86 1317 123 1351 ¹5
142 1299 208 1343 ita
246 1303 299 1343 ut
337 1300 551 1344 adducam
591 1304 636 1344 te
674 1316 753 1358 per
791 1302 980 1345 mediam
1001 1303 1300 1346 'Hierusalem
1341 1306 1386 1347 et
1426 1304 1608 1348 habebis

0 1321 14 1433 ἰ
143 1383 317 1412 omnem
348 1369 560 1427 populum
593 1370 731 1414 Israel
763 1371 879 1415 sicut
908 1386 1013 1415 oues
1039 1372 1201 1429 quibus
1224 1387 1314 1415 non
1341 1376 1409 1416 est
1435 1377 1609 1430 pastor;

0 1435 14 1499 ὲ
145 1441 192 1482 et
210 1453 299 1481 non
319 1438 503 1482 latrabit
522 1439 594 1482 uel
614 1453 730 1483 unus
750 1441 872 1483 canis
891 1444 1046 1484 contra
1066 1444 1122 1492 te,
1143 1442 1352 1499 quoniam
1373 1443 1480 1486 haec
1500 1443 1610 1485 mihi

7 1502 9 1506 ⁴
142 1506 263 1551 dicta
283 1510 389 1551 sunt
414 1523 493 1566 per
518 1508 845 1566 prouidentiam
874 1510 972 1555 Dei.
1030 1510 1148 1564 Quid
1168 1526 1331 1568 quaeso
1357 1512 1610 1555 insidiosius

4 1631 9 1635 ἱ
144 1576 398 1635 excogitari,
419 1577 527 1634 quid
547 1578 786 1635 captiosius
806 1578 892 1622 dici
913 1583 1060 1637 potest
1086 1580 1168 1624 hac
1195 1580 1357 1624 mistici
1385 1581 1609 1639 dispensa·

0 1641 10 1691 5
83 1665 127 1689 ιο
144 1645 264 1689 tione
298 1646 499 1691 consilii'l
573 1646 702 1690 Dixit
733 1647 885 1705 itaque
923 1648 1213 1693 Holofernes:
1256 1650 1360 1693 Non
1399 1654 1467 1694 est
1504 1650 1609 1694 talis

0 1703 13 1728 '³
142 1714 303 1758 mulier
325 1730 458 1772 super
487 1718 652 1759 terram
681 1717 729 1759 in
759 1720 939 1775 aspectu
969 1720 1014 1761 et
1043 1718 1373 1775 pulchritudine
1403 1722 1449 1762 et
1477 1734 1609 1763 sensu

141 1783 391 1828 uerborum.
452 1783 541 1828 Cor
566 1785 684 1828 enim
712 1786 806 1829 eius
833 1801 1090 1830 concussum
1110 1787 1295 1830 ardebat
1315 1788 1362 1831 in
1382 1789 1608 1846 concupis·

140 1853 286 1896 centia
313 1852 418 1896 eius.
477 1853 717 1911 Dixitque:
748 1855 857 1898 Bibe
884 1871 1013 1907 nunc,
1033 1860 1079 1900 et
1108 1858 1314 1900 accumbe
1341 1858 1388 1900 in
1409 1857 1604 1902 iocundi-

3 1975 6 1981 ·
141 1924 247 1973 tate,
279 1923 487 1980 quoniam
527 1924 739 1968 inuenisti
778 1925 970 1982 gratiam
1003 1940 1149 1970 coram
1189 1941 1271 1971 me.
1342 1927 1447 1984 Ipsa
1485 1942 1603 1978 uero,
1620 1926 1650 1966 b

3 1989 15 2046 3
83 2015 100 2038 2
106 2016 123 2049 5
142 2005 254 2048 quae
303 1991 521 2035 luxuriari
567 2008 657 2036 non
703 1998 898 2045 uenerat,
942 1995 1045 2038 fidei
1094 1999 1140 2038 et
1178 1995 1458 2040 fortitudinis
1500 2012 1605 2041 suae

4 2050 15 2079 ‘¹‘
143 2059 438 2105 instrumento
458 2077 539 2105 usa
559 2066 627 2106 est
648 2063 827 2106 luxuria
846 2064 1003 2109 aliena.
1054 2064 1201 2108 Etiam
1222 2068 1268 2108 et
1287 2066 1609 2117 crudelitatem,

142 2144 275 2186 quam
295 2131 428 2174 semel
448 2132 613 2190 sopiuit
633 2133 874 2184 blanditiis,
889 2133 936 2176 in
957 2134 1109 2191 populi
1129 2134 1389 2178 liberatione
1409 2136 1610 2180 caritatis

142 2199 277 2243 armis
306 2201 475 2245 occidit.
535 2202 756 2246 Percussit
784 2218 889 2261 ergo
923 2203 1210 2247 Holofernem
1240 2204 1288 2247 in
1318 2206 1532 2249 ceruicem
1563 2209 1610 2249 et

141 2268 331 2312 abscidit
368 2274 502 2327 caput
541 2271 635 2315 eius
678 2275 723 2315 et
771 2272 960 2316 tradidit
1008 2273 1120 2316 illud
1167 2274 1353 2317 ancillae
1401 2290 1507 2318 suae
1556 2278 1610 2319 ut

10 2332 22 2389 33,
83 2364 125 2396 30
143 2342 382 2394 poneretur
410 2340 458 2382 in
487 2355 638 2398 peram
669 2342 986 2399 reportandum
1015 2342 1063 2385 in
1090 2343 1257 2395 urbem,
1277 2358 1390 2400 quae
1420 2345 1608 2388 salutem

16 2401 23 2415 ⁹
144 2406 292 2450 fuerat
311 2412 581 2466 consequuta
594 2410 645 2478 in
655 2425 790 2454 manu
810 2411 1013 2455 feminae.
1074 2412 1171 2456 Hoc
1191 2416 1342 2455 tamen
1362 2414 1608 2457 cauendum

144 2550 164 2585 3
191 2539 490 2586 pulcritudinem
507 2541 585 2579 AS:
610 2543 901 2590 pulchredinem
918 2544 959 2581 M
1124 2547 1147 2583 6
1172 2547 1352 2592 sequutus
1370 2546 1394 2583 S
1565 2558 1610 2585 10

140 2590 412 2672 &ptemperagt
427 2588 487 2625 AS
609 2601 650 2628 12
667 2594 707 2628 et
723 2592 845 2629 bonus
863 2604 902 2629 es
920 2592 945 2629 S
1073 2604 1114 2630 21
1143 2594 1400 2640 pulcritudine
1417 2594 1442 2630 S
1562 2596 1609 2633 26

191 2647 268 2671 iam
285 2647 353 2672 om.

0 2572 30 2615 sl:⁸

172 2763 211 2809 05
238 2756 345 2790 Sume
362 2757 458 2792 etc.:
482 2767 515 2791 v.
536 2755 665 2793 Iudith
682 2756 732 2794 xi.
749 2767 885 2804 4seqq.
920 2805 928 2813 .
1068 2770 1111 2804 14
1141 2761 1293 2797 Veniens
1309 2762 1403 2797 etc.:
1428 2773 1459 2799 v.
1479 2761 1608 2797 Iudith

144 2813 194 2838 xi.
217 2812 277 2856 ¹5⁰.
372 2814 433 2857 “20
455 2805 538 2839 Non
556 2810 605 2840 est
622 2806 707 2841 talis
723 2807 795 2841 etc.
812 2818 820 2840 :
848 2806 977 2842 Iudith
995 2806 1044 2842 xi.
1067 2817 1119 2852 19.
1218 2854 1226 2861 .
1239 2818 1283 2844 22
1313 2810 1384 2862 (gor
1398 2811 1494 2844 enim
1511 2811 1583 2845 etc.
1598 2822 1608 2845 ε

145 2861 176 2886 v.
196 2849 326 2885 Iudith
343 2862 408 2887 xn.
429 2852 472 2887 16
485 2863 562 2897 seq.
706 2854 750 2889 28
776 2854 956 2889 Percussit
972 2855 1044 2890 etc.
1060 2867 1069 2890 :
1093 2866 1126 2890 v.
1144 2854 1274 2891 Iudith
1291 2866 1371 2891 1111.
1394 2866 1436 2891 10
1446 2867 1522 2902 seq.

210 2921 291 2940 wis-‚ss
315 2921 334 2940 n
828 2914 850 2950 3
881 2913 905 2941 0
1434 2919 1496 2953 377

0 3224 53 3250 s,
