1988 3250
181 222 282 256 oar.
295 209 472 270 xxvm]
696 209 1134 254 POLICRATICVS
1668 210 1745 259 631
1761 208 1792 251 d

181 346 390 376 sensuum
420 335 466 374 et
499 329 713 374 orationis
741 329 934 387 lepidam
962 332 1245 372 uenustatem
1273 330 1428 373 curaui
1449 330 1652 380 inserere,

182 396 236 444 ut
258 400 329 444 his
355 415 467 458 quae
494 399 750 444 scribuntur
775 398 1025 456 promptius
1051 398 1318 441 adhibeatur
1337 399 1458 449 fides,
1477 413 1578 442 cum
1598 398 1653 442 de
1669 404 1753 452 632
1772 412 1803 442 a

181 470 418 528 purissimo
459 469 584 514 fonte
622 468 840 512 maiorum
880 467 1034 511 eadem
1080 467 1343 524 profluxisse
1389 468 1655 512 constiterit.

182 539 264 583 Ait
283 539 435 596 itaque
454 538 670 596 Apuleius
687 553 696 580 z
727 537 879 580 Nichil
900 551 1039 594 aeque
1059 536 1198 579 miror
1217 551 1364 593 quam,
1383 551 1484 579 cum
1505 551 1656 580 omnes

145 622 166 659 6
183 611 230 653 et
258 609 442 666 cupiant
469 608 636 665 optime
665 607 818 650 uiuere
845 610 891 650 et
917 606 1061 650 sciant
1086 620 1175 649 non
1202 606 1292 649 alia
1321 620 1369 649 re
1396 605 1492 648 uiui
1523 620 1658 662 quam

183 678 332 722 animo
351 692 431 722 nec
446 677 543 720 fieri
559 691 685 735 posse
701 676 821 734 quin,
837 678 890 719 ut
904 675 1072 733 optime
1092 675 1234 727 uiuas,
1254 675 1431 718 animus
1450 674 1658 718 colendus

182 747 254 798 sit,
274 750 425 790 tamen
449 747 650 791 homines
677 746 876 790 animum
903 759 1033 789 suum
1062 759 1151 788 non
1178 744 1340 788 colant.
1400 743 1475 795 At,
1495 743 1532 786 si
1559 743 1660 800 quis

182 816 295 860 uelit
329 816 492 860 acriter
524 830 714 868 cernere,
733 814 849 858 oculi
883 813 1069 859 curandi
1104 817 1212 857 sunt
1241 813 1403 871 quibus
1437 812 1661 865 cernitur;

184 885 223 930 si
249 886 362 929 uelis
391 885 630 943 perniciter
655 898 843 935 currere,
862 883 996 942 pedes
1021 882 1207 927 curandi
1235 886 1342 926 sunt
1372 882 1534 940 quibus
1560 896 1660 925 cur·

127 971 171 997 10
186 955 326 1008 ritur3
365 954 522 999 itidem
556 955 595 998 si
634 954 854 1012 pugillare
884 953 1016 997 ualde
1045 953 1170 1005 uelis,
1201 952 1382 996 brachia
1411 951 1662 1010 uegetanda

185 1027 293 1070 sunt
340 1023 501 1082 quibus
551 1023 799 1082 pugillatur
825 1036 835 1076 ;
893 1022 1101 1066 similiter
1149 1022 1197 1065 in
1246 1021 1453 1066 omnibus
1501 1021 1662 1065 ceteris

184 1093 396 1139 membris
422 1107 503 1137 sua
525 1093 684 1150 cuique
703 1107 811 1137 cura
836 1106 918 1150 pro
944 1092 1095 1136 studio
1121 1095 1201 1136 est.
1260 1091 1389 1145 Quod
1409 1105 1510 1135 cum
1532 1090 1663 1135 facile

185 1178 338 1208 omnes
357 1162 641 1221 perspiciant,
661 1177 831 1219 nequeo
851 1162 960 1206 satis
984 1176 1156 1205 mecum
1173 1164 1380 1218 reputare
1400 1164 1458 1211 et,
1477 1160 1663 1218 proinde

187 1236 242 1277 ut
267 1247 338 1276 res
364 1234 444 1286 est,
471 1232 683 1277 admirari
721 1246 801 1275 cur
827 1246 916 1274 non
944 1231 1079 1275 etiam
1106 1231 1305 1274 animum
1332 1245 1463 1274 suum
1490 1230 1662 1273 ratione

130 1317 172 1353 ιε
189 1302 406 1346 excolant.
485 1301 610 1355 Quae
654 1301 832 1358 quidem
876 1301 992 1344 ratio
1035 1300 1219 1344 uiuendi
1269 1299 1475 1343 omnibus
1523 1313 1662 1356 aeque
1679 1300 1709 1340 b

188 1372 435 1416 necessaria
457 1374 537 1424 est,
558 1386 647 1414 non
676 1371 791 1414 ratio
818 1370 1030 1428 pingendi
1059 1384 1139 1414 nec
1166 1369 1282 1413 ratio
1308 1368 1536 1426 psallendi,
1552 1383 1664 1426 quas

160 1436 167 1442 ’
188 1441 337 1499 quiuis
356 1441 499 1484 bonus
518 1441 613 1484 sine
634 1440 726 1484 ulla
745 1440 883 1484 animi
899 1440 1241 1497 uituperatione,
1257 1439 1351 1482 sine
1373 1438 1664 1496 turpitudine,

188 1511 284 1555 sine
322 1510 472 1555 labore
515 1510 841 1567 contempserit.
921 1509 1083 1553 Nescio
1128 1512 1181 1553 ut
1227 1508 1494 1552 Sibimenias
1540 1507 1663 1550 tibiis

189 1594 357 1631 canere,
384 1580 460 1623 sed
490 1594 580 1623 non
609 1579 749 1637 pudet
778 1593 848 1622 me
878 1579 1106 1623 tibicinem
1135 1593 1226 1622 non
1255 1592 1361 1623 esse.
1421 1576 1583 1620 Nescio
1612 1579 1666 1619 ut

126 1665 176 1703 ρο
190 1649 400 1708 Appelles
438 1648 656 1693 coloribus
686 1648 881 1706 pingere,
915 1648 992 1692 sed
1031 1663 1120 1691 non
1160 1647 1299 1705 pudet
1336 1661 1408 1690 me
1442 1660 1532 1689 non
1571 1659 1664 1689 esse

190 1719 453 1777 significum.
512 1718 571 1762 Et
590 1718 708 1763 idem
733 1718 780 1760 in
800 1718 957 1762 ceteris
976 1718 1162 1770 artibus,
1183 1717 1220 1761 si
1241 1732 1393 1761 omnes
1414 1730 1665 1774 persequar,

188 1788 294 1834 licet
322 1788 406 1832 tibi
435 1788 603 1832 nescire
634 1802 714 1831 nec
743 1787 893 1845 pudet.
954 1786 1194 1830 Enimuero
1222 1787 1294 1830 dic
1323 1786 1475 1831 sodes:
1505 1786 1666 1830 Nescio

190 1858 302 1903 bene
321 1858 474 1902 uiuere
494 1861 547 1901 ut
563 1857 778 1908 Socrates,
794 1860 846 1900 ut
867 1856 1006 1907 Plato,
1026 1859 1079 1900 ut
1100 1856 1331 1914 Pitagoras
1346 1856 1571 1906 uixerunt,
1583 1869 1665 1899 nec

192 1927 332 1986 pudet
345 1942 416 1971 me
430 1927 597 1972 nescire
612 1927 723 1971 bene
739 1926 891 1970 uiuere
905 1940 915 1979 ;
944 1940 1189 1983 numquam
1204 1926 1286 1970 hoc
1306 1926 1450 1970 dicere
1470 1925 1667 1969 audebis.

128 2011 177 2047 ³⁵
195 1996 284 2041 Sed
312 1996 530 2055 imprimis
555 1996 808 2040 mirandum
834 1998 901 2039 est
926 1995 1044 2053 quod
1073 2010 1126 2038 ea
1161 2010 1274 2053 quae
1297 1995 1480 2038 minime
1506 1995 1667 2038 uolunt

194 2066 373 2119 nescire,
399 2066 566 2109 discere
598 2069 749 2109 tamen
781 2065 1029 2123 negligunt,
1059 2068 1106 2108 et
1145 2064 1342 2108 eiusdem
1381 2065 1493 2108 artis
1532 2064 1665 2107 simul

193 2135 471 2193 disciplinam
510 2138 556 2179 et
594 2135 893 2193 ignorantiam
933 2134 1195 2178 detrectant.
1254 2134 1404 2191 Igitur
1441 2134 1666 2178 cotidiana
1682 2149 1709 2180 c

194 2219 345 2250 eorum
375 2220 450 2248 era
473 2204 728 2263 dispungas,
754 2208 801 2248 et
830 2204 1031 2248 inuenies
1054 2203 1102 2247 in
1126 2203 1375 2247 rationibus
1399 2203 1543 2247 multa
1566 2216 1666 2260 pro-

195 2274 296 2332 dige
318 2274 503 2332 profusa
526 2277 572 2318 et
592 2274 639 2317 in
662 2277 802 2318 semet
826 2273 976 2324 nichil,
988 2273 1036 2316 in
1056 2273 1126 2317 sui
1146 2273 1244 2317 dico
1264 2273 1464 2317 demonis
1483 2272 1665 2322 cultum,

137 2357 180 2392 ao
197 2344 272 2401 qui
296 2344 441 2388 cultus
467 2358 556 2387 non
586 2343 709 2387 aliud
735 2358 870 2401 quam
899 2342 1204 2401 philosophiae
1234 2346 1559 2386 sacramentum
1586 2345 1667 2385 est.

197 2412 332 2457 Plane
365 2413 542 2470 quidem
571 2413 703 2457 uillas
731 2412 913 2471 opipare
943 2415 1161 2456 extruunt
1190 2415 1237 2457 et
1265 2412 1419 2457 domos
1448 2412 1666 2455 ditissime

201 2545 244 2598 ιᾷ
270 2542 342 2579 sibi
357 2542 503 2579 Menias
519 2543 600 2580 S¹M
746 2553 788 2628 1?
812 2543 1019 2581 tibicenem
1032 2542 1060 2580 C
1203 2553 1248 2590 23
1273 2542 1496 2590 phitagoras
1509 2541 1666 2580 CBA¹S:

198 2590 420 2638 pithagoras
435 2590 475 2627 M
617 2601 664 2637 30
687 2590 765 2638 phy
782 2590 938 2638 osophie
956 2591 1017 2628 CB
1160 2601 1203 2637 31
1232 2590 1415 2639 oppipare
1432 2591 1467 2626 A

246 2719 270 2754 4
294 2710 417 2745 Nichil
441 2722 548 2756 aeque
575 2711 646 2747 etc.
674 2721 792 2756 usque
821 2710 869 2747 ad
894 2710 1010 2747 finem
1046 2709 1229 2756 capituli:
1258 2708 1372 2757 Apul.
1398 2711 1442 2746 de
1467 2711 1542 2763 Dpo
1567 2711 1663 2746 Socr.

202 2756 820 2842 ⁰⁰··13;13‡:;2d{2“2”33²213¹255¹¹12¹1¹¹
831 2769 894 2841 21³²}
901 2758 984 2841 ἕξ.
998 2757 1105 2804 L¹¹⁸d
1109 2784 1118 2793 ·
1143 2757 1668 2842 iss‘ezaffifflfflaffi

201 2803 316 2898 ἕξοι.
333 2850 390 2886 ed.
407 2815 668 2894 Goldbapchen
694 2852 744 2888 of.
763 2816 1001 2889 fifidebr‘ind
1019 2852 1067 2889 ad
1084 2851 1157 2889 100.
1453 2831 1463 2840 '

1515 2924 1558 2963 83
