1988 3250
252 212 325 254 731
343 201 373 244 d
703 203 965 250 IOANNIS
1005 203 1522 250 SARESBERIENSIS
1642 203 1861 264 [11111111-

386 322 694 377 existimatum
723 339 880 368 uerum
900 328 1057 383 sponte
1077 325 1246 368 irruere
1265 325 1313 368 in
1333 325 1590 369 conuiuium
1613 325 1714 369 aliis
1732 340 1861 383 prae-

385 396 593 450 paratum
606 409 687 437 nec
699 394 894 438 Homero
909 395 1004 438 sine
1019 398 1127 438 nota
1142 395 1215 438 uel
1235 395 1283 437 in
1304 395 1445 437 fratre
1466 398 1759 438 memoratum
1779 398 1858 439 est.

387 461 596 505 Ceterum
617 463 736 520 leges
755 464 858 507 illae
877 464 1134 521 ualuipatae
1157 478 1236 507 seu
1262 464 1554 521 ualuifragae,
1573 463 1678 507 licet
1702 463 1857 507 Portu-

386 531 511 574 niani
530 531 694 575 iudicio
707 533 901 589 optimae
917 533 1098 583 fuerint,
1113 532 1412 576 obstinatione
1427 535 1578 575 tamen
1593 532 1798 576 luxuriae
1813 534 1859 576 et

239 616 319 657 732
338 616 370 646 a
385 601 599 644 uitiorum
612 601 782 644 inuicta
791 602 1024 645 concordia
1029 602 1152 644 nullo
1164 602 1407 659 abrogante
1420 602 1573 644 irritae
1584 601 1728 645 factae
1741 604 1859 647 sunt.
1875 617 1896 651 5

385 670 621 721 Antonius,
628 671 712 714 etsi
725 671 837 714 nulli
851 671 1153 728 sumptuariae
1167 671 1253 729 legi
1267 670 1478 728 paruerit,
1484 671 1627 728 legem
1639 673 1791 714 tamen
1803 671 1859 715 de

384 740 642 783 cohibendis
671 741 924 797 sumptibus
956 741 1075 793 tulit,
1108 741 1240 783 homo
1275 740 1455 797 quidem
1487 740 1749 784 temerarius
1781 740 1859 784 sed

385 823 523 851 manu
551 809 778 852 inualidus
812 813 859 852 et
887 810 1092 853 luxuriae
1123 810 1302 852 deditus
1332 824 1662 867 usquequaque.
1727 810 1860 854 Sum·

386 882 634 935 ptuumque
654 878 814 922 merito
835 879 1000 936 Magno
1021 879 1228 935 Pompeio
1249 879 1459 922 successit
1479 894 1536 922 ex
1555 879 1732 922 decreto
1756 879 1858 922 Gaii

386 946 573 998 Cesaris,
597 947 652 990 de
682 962 770 1004 quo
798 947 1123 1005 triumphatore
1150 948 1269 991 orbis
1295 948 1398 991 uilis
1425 948 1632 992 adulator
1655 951 1701 992 et
1727 949 1858 992 homo
1878 963 1924 988 10

385 1018 512 1060 uitiis
527 1017 731 1060 sordidus
746 1017 1046 1074 triumphauit
1061 1031 1071 1070 ;
1100 1020 1256 1074 captus
1274 1021 1342 1060 est
1356 1020 1508 1061 tamen
1524 1016 1660 1062 Cesar
1674 1017 1860 1062 uirtutis

386 1086 592 1144 imagine,
613 1101 664 1129 eo
684 1086 802 1143 quod
823 1086 1076 1143 profusione
1097 1087 1308 1144 pecuniae
1335 1090 1381 1130 et
1407 1086 1860 1131 conuiscerationibus

386 1159 434 1199 et
466 1155 690 1198 latronum
725 1159 771 1198 et
803 1155 1070 1198 histrionum
1103 1156 1274 1212 stipatu
1308 1156 1572 1214 magnificus
1611 1156 1861 1214 uulgariter

386 1225 635 1267 uidebatur.
696 1224 814 1281 Ergo
834 1224 946 1266 bene
965 1224 1117 1281 agitur
1139 1239 1240 1267 cum
1267 1225 1542 1282 principibus
1571 1225 1860 1282 popularibus

386 1294 463 1351 qui
489 1309 545 1337 ex
569 1294 831 1337 necessitate
850 1297 1072 1351 coguntur
1098 1294 1155 1336 ad
1182 1294 1430 1338 custodiam
1458 1293 1605 1337 famae
1631 1294 1860 1338 uilissimis
1879 1308 1919 1343 15

386 1363 681 1407 nebulonibus
707 1363 906 1415 adulari3
935 1378 1039 1405 nam
1071 1363 1118 1405 in
1148 1378 1197 1406 re
1220 1363 1398 1421 publica
1423 1378 1553 1407 nemo
1579 1364 1860 1407 tirannorum

388 1429 549 1475 Cesare
572 1430 715 1487 magis
741 1429 924 1473 accessit
944 1429 1001 1472 ad
1022 1429 1291 1487 principem;
1321 1430 1424 1474 licet
1451 1430 1570 1474 enim
1597 1445 1691 1474 rem
1714 1431 1863 1488 publi«

340 1508 370 1548 b
388 1514 485 1543 cam
505 1499 806 1557 oppressisset,
826 1499 1017 1556 populus
1037 1502 1188 1542 tamen
1210 1499 1437 1543 Romanus
1456 1499 1606 1543 omnia
1633 1514 1745 1557 quae
1765 1500 1864 1558 ipse

388 1569 646 1613 decreuerat
685 1569 964 1626 approbauit,
994 1568 1111 1612 forte
1139 1569 1311 1612 ueritus
1338 1568 1600 1612 seditionem
1635 1572 1683 1612 et
1714 1569 1860 1614 ciuilis

387 1639 492 1682 belli
532 1639 756 1682 reciduam
795 1638 1056 1696 passionem.
1116 1638 1280 1695 Opinio
1319 1641 1470 1681 tamen
1509 1639 1762 1696 praeualuit
1794 1642 1859 1690 ut,
1877 1657 1920 1682 ιο

386 1709 493 1765 quia
531 1723 705 1752 summa
743 1709 925 1759 uirtute,
960 1707 1006 1751 id
1047 1709 1114 1751 est
1153 1707 1398 1758 clementia,
1429 1707 1658 1765 praeditus
1698 1707 1863 1760 fuerat,

385 1781 558 1822 statuta
598 1779 693 1821 eius
727 1778 853 1835 quasi
889 1793 946 1820 ex
981 1777 1177 1820 maxima
1212 1780 1339 1834 parte
1374 1777 1636 1835 benigniora
1669 1777 1861 1835 populus

385 1848 666 1904 approbaret.
726 1847 854 1890 Vnde
875 1847 922 1889 in
942 1846 1073 1889 laude
1103 1846 1199 1889 eius
1221 1845 1373 1890 Cicero
1397 1846 1488 1890 ait:
1519 1846 1659 1890 Nulla
1687 1847 1743 1890 de
1767 1847 1860 1890 uir-

385 1917 561 1960 tutibus
591 1917 682 1960 tuis
709 1930 789 1959 nec
815 1915 1119 1959 admirabilior
1146 1930 1226 1959 nec
1253 1915 1424 1973 gratior
1453 1915 1753 1959 misericordia
1777 1919 1857 1960 est.

387 1982 828 2045 W
837 1998 858 2033 8
884 1999 1075 2033 sumtuum
1094 1995 1155 2031 CB
1261 2007 1285 2044 9
1310 2008 1449 2043 magno
1469 1996 1603 2033 merito
1620 1996 1713 2034 (ΡΒι
1814 2007 1856 2035 12

385 2045 570 2137 ἷῃῗξιςιίιιιέεε]
585 2045 786 2138 {maist
806 2044 1047 2091 hystrionum
1069 2043 1108 2079 M
1296 2045 1337 2081 18
1363 2043 1584 2091 opressisset
1602 2044 1626 2080 S
1811 2055 1857 2083 22

435 2174 456 2200 2
481 2165 636 2199 Homero
654 2176 662 2199 ε
689 2175 721 2200 v.
740 2164 786 2199 Il.
806 2162 847 2199 ii.
867 2162 946 2207 408,
966 2161 1061 2197 Plat,
1080 2163 1201 2208 Symp.
1223 2170 1290 2206 174
1301 2170 1335 2198 c.
1511 2172 1532 2208 3
1558 2163 1772 2208 ualuipotae
1795 2173 1858 2198 seu

387 2213 642 2265 ualunssfmqae:
681 2209 778 2254 Quid
803 2209 1019 2256 significent
1045 2209 1227 2246 vocabula
1253 2208 1337 2253 ista,
1364 2221 1461 2255 quae
1495 2221 1564 2246 nec
1590 2212 1729 2246 norunt
1754 2208 1859 2246 Lexi-

386 2258 569 2305 cographi
595 2270 664 2295 nee
690 2257 846 2295 exhibet
870 2256 974 2294 loeus
1000 2256 1182 2293 Macrobii
1208 2267 1319 2303 quem
1338 2257 1434 2293 citat
1463 2256 1623 2294 Ioannes
1648 2259 1785 2300 noster,
1811 2267 1857 2294 ex

386 2306 701 2353 praecedentibus
726 2305 882 2352 planum
913 2306 994 2341 est:
1032 2306 1122 2350 leqes
1155 2306 1250 2340 enim
1284 2306 1496 2350 ualm'patae
1527 2317 1590 2340 seu
1622 2306 1859 2359 ualufflapae

386 2356 476 2390 sunt
501 2365 597 2400 quae
622 2354 763 2393 ualuas.
795 2352 834 2388 id
862 2355 917 2389 est
941 2352 1081 2394 ianuas,
1111 2350 1352 2398 patefaciunt
1385 2354 1423 2388 et
1456 2352 1650 2399 frangunt,
1667 2355 1711 2388 ut
1739 2362 1859 2398 priva·

386 2404 514 2438 torum
533 2400 733 2437 hominum
751 2399 938 2436 luxuriam
955 2399 1169 2436 cohibeant.
1295 2410 1317 2444 4
1342 2401 1498 2444 optimae
1515 2402 1588 2436 etc.
1604 2412 1613 2436 z
1639 2412 1669 2437 v.
1688 2398 1855 2436 Macrob-

386 2451 462 2485 Sat.
480 2448 535 2486 iii.
559 2458 597 2493 17
619 2448 636 2495 ξ
662 2459 716 2494 13.
922 2447 945 2482 6
971 2448 1154 2483 Antonius
1171 2448 1267 2483 etc.:
1294 2459 1325 2482 ν.
1347 2447 1510 2483 Macrob.
1530 2449 1604 2483 Sat.
1622 2446 1676 2483 iii.
1699 2455 1740 2492 17
1760 2445 1778 2493 ξ
1802 2456 1854 2491 14.

388 2505 409 2542 7
436 2497 537 2532 homo
554 2498 697 2543 quidem
711 2498 804 2533 etc.:
831 2494 934 2532 Haec
947 2494 994 2531 de
1009 2494 1175 2531 Antonio
1193 2497 1233 2530 et
1253 2493 1350 2530 Iulio
1368 2494 1537 2540 Caesare,
1549 2506 1645 2540 quae
1663 2505 1733 2531 nec
1751 2492 1856 2540 apud

390 2543 623 2580 Mam-obium
659 2542 842 2589 leguntur
872 2553 939 2579 nec
963 2541 1052 2579 stilo
1087 2540 1330 2578 Macrobiano
1363 2542 1508 2589 scripta
1540 2541 1634 2578 mihi
1667 2541 1857 2584 videntur,

386 2591 486 2628 unde
520 2591 769 2636 desumpserit
804 2590 975 2632 Ioannes,
1004 2589 1127 2625 adhuc
1158 2589 1297 2625 nescio.
1399 2598 1439 2624 12
1470 2590 1855 2626 conuiscmtionibm:

387 2637 619 2674 Vocabulum
637 2637 747 2681 istud,
761 2638 860 2684 quod
878 2649 954 2673 non
971 2637 1085 2673 refert
1099 2636 1184 2673 Lex.
1198 2635 1365 2673 Forc.-de
1377 2636 1465 2679 vit„
1478 2649 1545 2683 pro
1559 2637 1858 2673 viscerationibus

387 2686 546 2733 ponitur
563 2700 571 2729 ;
598 2685 645 2721 cf.
665 2686 741 2722 Cic.
760 2688 804 2721 de
823 2687 888 2731 Off.
909 2683 946 2721 ii.
971 2686 1012 2721 16
1031 2683 1048 2731 ξ
1071 2693 1111 2731 55
1128 2685 1272 2731 prodiyo·
1289 2686 1352 2730 qua·
1374 2686 1491 2731 epulis
1507 2690 1539 2720 et
1556 2684 1858 2720 macerationibus

387 2739 420 2770 et
443 2735 686 2779 alado'atomm
712 2734 931 2774 muneribus,
956 2733 1123 2768 ludorum
1149 2733 1450 2786 uenationumque
1474 2736 1659 2787 apparatu
1683 2733 1858 2777 pecunias

386 2782 631 2828 profundunt.
757 2790 798 2826 17
825 2782 873 2816 ad
887 2781 1090 2826 principem
1110 2791 1116 2815 :
1144 2778 1199 2814 De
1217 2778 1432 2815 differentia
1448 2778 1633 2826 principis
1645 2781 1684 2816 et
1701 2775 1855 2825 tyranni

389 2841 423 2864 v.
442 2839 555 2874 supra
573 2827 620 2863 iv.
643 2838 671 2865 1.
816 2838 860 2875 23
887 2828 984 2864 Vnde
996 2829 1034 2863 in
1045 2828 1154 2863 laude
1165 2829 1258 2864 eta:
1279 2838 1310 2863 v.
1322 2827 1416 2874 Aug.
1430 2828 1473 2863 de
1488 2828 1525 2864 0.
1539 2828 1585 2863 D.
1598 2826 1648 2863 ix.
1665 2834 1683 2875 5
1704 2828 1765 2874 (ex
1775 2823 1854 2862 Cio.

384 2874 716 2963 proma-1253„-

502 2940 517 2964 ²
545 2943 565 2975 4
