1988 3250
199 212 300 246 oar.
314 198 406 261 x11]
725 197 1164 243 POLICRATICVS
1312 197 1314 199 ’
1678 197 1760 248 ⁷56
1777 197 1808 238 b

198 319 278 364 sed
329 321 540 376 panterae
597 319 679 360 aut
724 316 875 368 satiro,
918 316 997 359 sed
1044 316 1210 373 pauoni
1262 316 1540 373 philomenae
1584 319 1665 360 aut

197 388 378 446 psitan,
398 387 476 430 sed
495 386 754 442 cuicumque
773 385 1007 428 brutorum
1031 387 1112 428 aut
1137 385 1461 428 insensibilium
1486 386 1665 429 studeat

196 456 441 514 coaequari.
508 454 738 512 Siquidem
768 454 826 496 ad
856 453 1101 510 angelicam
1130 454 1373 510 puritatem
1401 454 1564 497 rectius
1594 469 1663 498 as-

196 525 364 583 pirabit
383 525 460 582 qui
479 524 527 567 in
548 539 600 568 ea
618 526 793 568 creatus
808 525 876 566 est
896 522 1117 580 dignitate
1132 522 1328 579 originis,
1348 525 1401 565 ut
1421 523 1469 564 in
1488 524 1664 567 cumulo

159 615 179 649 5
196 610 328 639 uerae
357 598 403 638 et
432 597 611 638 eternae
639 592 931 636 beatitudinis
960 591 1222 649 perfectioni
1262 592 1486 649 angelicae
1525 593 1665 648 possit

195 679 288 709 esse
319 663 569 708 conformis.
650 662 769 706 Nam
806 665 852 706 et
887 665 1068 719 patrum
1103 661 1360 704 inconeussa
1395 661 1547 704 sanxit
1586 676 1662 704 au·
1681 677 1707 706 c

194 734 378 778 etoritas
393 733 498 791 quia
517 736 680 777 natura
699 733 920 776 humanae
939 730 1103 774 mentis
1117 730 1237 773 solus
1253 730 1373 773 Deus
1393 730 1570 787 dignior
1584 733 1662 780 est,

194 806 242 848 et
280 804 398 861 quod
438 803 587 847 omnia
635 803 754 853 haee,
794 816 907 859 quae
946 802 1169 844 humanus
1207 800 1398 842 miratur
1437 814 1570 851 error,
1611 802 1664 843 ut

195 873 365 917 homini
398 873 598 916 seruiant
639 872 696 915 ab
731 886 783 915 eo
815 871 935 914 faeta
969 873 1076 914 sunt
1108 869 1185 926 qui
1219 869 1443 912 hominem
1475 868 1582 912 feeit
1611 872 1664 912 ut

137 961 178 986 ιο
195 942 446 987 eternitatis
481 946 527 986 et
560 941 850 985 beatitudinis
881 954 987 983 suae
1017 939 1279 996 participem
1312 937 1489 982 faceret.
1551 938 1662 991 Quis

194 1027 300 1070 ergo
318 1011 610 1070 praesidentis
636 1010 815 1054 Domini
835 1024 925 1053 non
943 1009 1194 1066 uilipendat
1213 1008 1450 1051 arbitrium
1478 1008 1515 1050 si
1543 1008 1661 1050 serui

194 1082 329 1125 uilem
349 1084 394 1125 et
414 1081 630 1125 abiectam
650 1082 828 1124 affectat
853 1078 1182 1124 conditionem?
1240 1077 1343 1120 Non
1364 1081 1515 1120 tamen
1543 1078 1661 1134 quod

194 1165 345 1195 seruos
385 1151 528 1195 dicam
577 1150 801 1194 habendos
839 1164 934 1193 esse
971 1148 1259 1206 contemptui,
1298 1147 1384 1190 nisi
1424 1147 1660 1191 seruilibus

195 1220 321 1264 uitiis
340 1220 511 1264 uiuant.
572 1220 699 1264 Sicut
719 1219 836 1263 enim
856 1233 965 1262 uera
985 1221 1030 1261 et
1050 1218 1182 1261 unica
1201 1218 1383 1261 libertas
1403 1220 1472 1260 est
1491 1217 1659 1261 seruire

136 1306 177 1341 ¹5
194 1289 356 1333 uirtuti
390 1292 437 1333 et
469 1289 609 1347 ipsius
643 1303 844 1332 exercere
875 1287 1030 1340 officia,
1061 1288 1128 1330 ita
1165 1287 1298 1330 unica
1335 1289 1382 1329 et
1419 1286 1659 1343 singularis

193 1358 386 1402 seruitus
405 1361 474 1402 est
492 1358 616 1402 uitiis
642 1357 883 1416 subiugari.
944 1357 1078 1400 Errat
1103 1356 1234 1415 plane
1258 1356 1459 1413 quisquis
1479 1355 1659 1398 aliunde

192 1427 488 1471 conditionem
508 1427 770 1471 alterutram
790 1427 1001 1485 opinatur
1032 1426 1254 1477 accidere3
1283 1425 1501 1482 siquidem
1528 1439 1659 1467 omne

192 1496 421 1540 hominum
460 1511 600 1555 genus
638 1497 686 1539 in
729 1496 860 1540 terris
899 1495 1033 1539 simili
1072 1495 1130 1538 ab
1169 1497 1271 1538 ortu
1303 1494 1459 1551 surgit,
1490 1493 1656 1536 eisdem

191 1569 365 1610 constat
391 1569 437 1610 et
459 1566 597 1609 alitur
622 1565 861 1616 elementis,
883 1565 1158 1622 eundemque
1184 1564 1391 1621 spiritum
1419 1563 1476 1606 ab
1502 1562 1655 1605 eodem
1673 1565 1702 1606 d

132 1654 177 1680 οο
192 1635 409 1694 principio
447 1635 600 1693 carpit,
640 1635 879 1692 eodemque
923 1634 1093 1678 fruitur
1139 1634 1244 1684 celo,
1273 1647 1412 1689 aeque
1454 1633 1657 1684 moritur,

191 1719 328 1762 aeque
347 1705 477 1748 uiuit.
536 1705 664 1748 Vnde
685 1707 731 1748 et
750 1705 1063 1748 Praetextatus
1078 1704 1125 1746 in
1145 1703 1459 1746 Saturnalibus
1475 1702 1656 1745 Euuan-

190 1774 338 1832 gelum
391 1774 635 1832 reprimens
673 1774 744 1819 his
783 1774 929 1817 utitur
966 1773 1267 1831 argumentis:
1317 1772 1458 1823 Serui,
1496 1772 1655 1829 inquit,

190 1846 307 1894 sunt,
327 1843 463 1887 immo
483 1843 695 1887 homines.
754 1843 883 1887 Serui
904 1846 1022 1896 sunt,
1043 1843 1179 1886 immo
1198 1842 1410 1892 conserui,
1430 1842 1468 1885 si
1489 1842 1654 1898 eogita-

190 1912 308 1956 ueris
326 1913 590 1956 tantundem
610 1913 658 1955 in
678 1916 890 1970 utrosque
910 1913 1039 1956 licere
1065 1912 1312 1964 Fortunam
1341 1915 1435 1955 tam
1455 1915 1507 1954 tu
1527 1911 1655 1955 illum

133 1994 176 2030 ³5
191 1981 342 2025 uidere
375 1981 563 2025 liberum
594 1986 720 2040 potes
750 1997 884 2041 quam
919 1982 994 2026 ille
1034 1985 1079 2025 te
1111 1996 1303 2025 seruum.
1379 1980 1535 2024 Nescis
1566 1995 1656 2037 qua

192 2052 310 2094 etate
337 2050 487 2094 Eeuba
512 2051 678 2094 seruire
704 2052 907 2109 eoeperit,
928 2066 1017 2109 qua
1043 2051 1216 2102 Cresus,
1235 2065 1326 2108 qua
1352 2050 1479 2094 Darii
1499 2054 1655 2103 mater,

196 2133 285 2176 qua
304 2119 535 2178 Diogenes,
556 2135 644 2178 qua
671 2121 798 2164 Plato
828 2122 951 2179 ipse?
1011 2121 1238 2164 Postremo
1262 2120 1372 2177 quid
1399 2121 1464 2163 ita
1493 2135 1654 2163 nomen

194 2188 426 2232 seruitutis
453 2188 712 2235 horremus?
771 2190 939 2234 Seruus
965 2193 1034 2234 est
1061 2190 1251 2248 quidem,
1263 2190 1340 2233 sed
1367 2189 1654 2240 necessitate3

191 2257 268 2300 sed
297 2256 484 2301 fortasse
512 2258 650 2302 libero
678 2259 827 2303 animo
856 2274 1011 2303 seruus
1040 2264 1120 2304 est.
1179 2260 1276 2303 Hoc
1305 2259 1372 2301 illi
1402 2259 1588 2308 nocebit,
1614 2258 1654 2302 si

132 2342 177 2376 30
192 2325 435 2369 ostenderis
449 2327 548 2383 quis
562 2342 651 2371 non
671 2328 742 2372 sit.
790 2329 919 2373 Alius
939 2329 1114 2372 libidini
1134 2329 1286 2380 seruit,
1297 2328 1412 2371 alius
1426 2328 1654 2378 auaritiae,

193 2395 308 2438 alius
337 2394 581 2449 ambitioni,
601 2412 752 2443 omnes
774 2389 884 2456 spei,
904 2413 1055 2442 omnes
1081 2398 1246 2442 timori.
1308 2398 1367 2442 Et
1393 2400 1511 2442 certe
1530 2397 1654 2440 nulla
1673 2415 1751 2456 7⁵⁷
1769 2416 1801 2445 a

195 2539 213 2567 1
239 2529 446 2576 philomelo
464 2529 488 2566 S
669 2541 690 2568 2
714 2530 887 2578 psithaco
911 2530 966 2570 A:
998 2531 1148 2570 sithaeo
1164 2531 1296 2569 cBSM
1486 2540 1508 2575 7
1534 2530 1653 2577 Deus]

193 2577 368 2631 dominus
385 2577 413 2613 Ο
572 2590 574 2592 ’
635 2589 675 2616 11
695 2578 840 2615 domini
855 2579 1084 2627 presidentis
1102 2579 1128 2616 S
1359 2588 1400 2623 17
1426 2578 1654 2616 alterutram

193 2624 451 2661 cond1tionem
467 2623 545 2661 c¹A
688 2636 732 2672 19
756 2637 829 2673 que
843 2638 911 2664 om.
929 2626 960 2662 B
1105 2636 1151 2664 20
1174 2638 1248 2674 que
1264 2638 1334 2664 om.
1352 2626 1407 2663 CS
1531 2637 1588 2670 21,
1607 2637 1652 2663 22

192 2671 421 2717 euangelum
438 2671 478 2707 M

239 2801 263 2838 9
286 2792 332 2827 ab
356 2801 415 2827 eo:
441 2802 490 2828 se.
506 2789 598 2828 Deo.
777 2801 823 2828 22
847 2781 953 2828 Serui
976 2793 1048 2829 ete.
1074 2803 1193 2839 usque
1215 2792 1266 2829 ad
1291 2794 1454 2830 tacebant
1481 2792 1565 2840 (757
1580 2793 1651 2838 n):

191 2837 359 2877 Macrob.
376 2840 452 2876 Sat.
470 2837 496 2875 i.
516 2848 555 2876 11
575 2836 617 2886 §§
636 2847 726 2887 7-15
746 2838 809 2885 (ex
825 2838 910 2876 Sen.
928 2841 1000 2886 Ep.
1016 2839 1091 2886 47).

1478 2916 1542 2953 307
