1988 3250
187 216 288 252 οΔΡ.
301 204 448 266 xxm]
711 205 1149 255 POLICRATICVS

185 325 431 383 exprimere
469 328 633 369 sectam
667 326 878 383 temporis
911 327 1065 378 nostri,
1100 327 1330 371 hominum
1369 329 1536 373 scilicet
1570 331 1647 387 qui

185 395 471 452 irregularem
511 395 732 452 quandam
779 395 978 453 regulam
1024 397 1302 453 profitentur,
1341 413 1451 454 quos
1494 414 1552 441 an
1592 414 1649 444 ex

184 464 332 507 uerbis
344 464 438 507 eius
449 464 588 521 possis
601 479 835 520 agnoscere
847 464 952 506 audi
962 465 1068 521 quid
1082 465 1128 506 in
1136 465 1381 508 continenti
1394 467 1647 524 subiungat.

183 533 407 591 Alioquin,
429 533 586 590 inquit,
607 533 842 576 ridiculum
864 536 910 576 et
937 533 1117 590 plenum
1145 534 1370 577 dedecoris
1394 539 1462 578 est
1483 537 1648 581 referto

144 618 164 653 5
181 603 404 660 marsupio
439 603 556 660 quod
585 602 811 645 sudarium
843 605 888 646 et
917 603 1111 645 orarium
1141 618 1229 646 non
1261 604 1424 648 habeas
1453 606 1646 662 gloriari.

181 671 298 730 Sunt
321 672 398 728 qui
424 671 693 728 pauperibus
718 685 876 728 parum
904 671 1112 714 tribuunt
1138 676 1190 716 ut
1216 673 1407 730 amplius
1427 675 1647 731 accipiant

179 744 226 785 et
245 741 327 784 sub
346 743 582 799 praetextu
607 741 868 784 elemosinae
893 744 1114 798 quaerunt
1133 742 1339 794 diuitias;
1370 758 1482 800 quae
1503 745 1645 801 magis

1664 219 1759 263 700
1771 210 1801 252 d

179 811 358 854 uenatio
388 810 652 868 appellanda
684 814 752 854 est
791 826 924 868 quam
961 811 1209 854 elemosina.
1269 812 1343 855 Sic
1376 812 1555 864 bestiae,
1582 814 1644 858 sic
1659 824 1736 866 701
1756 827 1785 857 a

179 891 296 930 aues,
317 877 379 921 sic
399 878 636 935 capiuntur
655 880 701 920 et
720 877 871 935 pisces.
931 877 1105 921 Modica
1125 893 1222 921 esca
1242 879 1289 921 in
1309 879 1442 922 hamo
1462 880 1645 937 ponitur

121 959 163 985 ιο
178 949 232 990 ut
264 947 312 990 in
344 961 395 990 eo
428 949 731 990 matronarum
765 946 926 990 sacculi
965 947 1297 1004 protrahantur.
1368 948 1448 992 Est
1488 949 1643 1006 utique

177 1017 335 1060 melius
368 1032 457 1060 non
489 1017 650 1060 habere
685 1016 801 1073 quod
834 1016 1006 1059 tribuas
1038 1031 1171 1073 quam
1204 1020 1257 1060 ut
1290 1018 1463 1061 tribuas
1492 1023 1642 1076 petere

175 1086 465 1144 impudenter.
524 1085 627 1130 Non
657 1086 823 1129 habent
853 1085 1016 1129 fratres
1047 1086 1294 1143 Hospitalis
1323 1088 1395 1130 uel
1425 1088 1501 1131 alii
1532 1090 1640 1146 quid

175 1156 246 1199 hic
285 1156 339 1200 de
378 1171 448 1199 me
487 1159 742 1213 querantur.
804 1155 893 1208 Qui
932 1156 1050 1198 enim
1091 1156 1198 1199 haec
1238 1156 1447 1214 loquitur,
1487 1158 1642 1202 doctor

176 1225 393 1269 Ecclesiae
432 1229 522 1278 est;
571 1229 616 1268 et
656 1225 771 1268 forte
811 1225 868 1268 ad
908 1240 981 1268 eos
1023 1225 1270 1269 Ieronimus
1309 1242 1398 1270 non
1434 1230 1640 1286 respexit.

117 1304 155 1339 15
175 1293 280 1352 Ipsi,
299 1294 402 1338 licet
422 1309 502 1352 ego
522 1310 611 1338 non
631 1295 843 1346 nouerim,
859 1298 1082 1338 nonerunt
1102 1295 1300 1352 regulam
1321 1311 1459 1340 suam.
1519 1297 1639 1342 Noui

173 1365 323 1406 tamen
362 1364 560 1421 regulam
595 1365 800 1408 ueritatis
840 1379 928 1422 qua
968 1363 1102 1408 michi
1142 1368 1317 1408 constat
1348 1366 1453 1423 quia
1483 1368 1639 1424 religio

171 1431 339 1475 munda
377 1435 422 1476 et
461 1433 744 1476 immaculata
782 1433 901 1490 apud
941 1433 1086 1475 Deum
1122 1436 1168 1476 et
1205 1433 1380 1476 Patrem
1416 1435 1523 1479 haec
1558 1442 1638 1489 est,

170 1500 352 1545 uisitare
372 1500 562 1559 pupillos
578 1505 623 1545 et
642 1502 801 1545 uiduas
817 1502 863 1544 in
880 1502 1167 1546 tribulatione
1188 1518 1339 1546 eorum
1361 1508 1406 1547 et
1425 1506 1636 1550 immacu-

170 1570 311 1614 latum
331 1586 377 1615 se
396 1571 616 1616 custodire
636 1572 694 1615 ab
714 1573 796 1616 hoc
823 1572 981 1616 seculo.
1040 1573 1163 1616 Haec
1183 1577 1332 1616 autem
1354 1575 1636 1631 politicorum

113 1652 155 1678 πο
171 1641 367 1684 omnium
402 1644 492 1694 est;
541 1644 586 1685 et
620 1642 730 1685 bene
761 1656 861 1686 cum
898 1642 996 1685 istis
1035 1642 1197 1699 agitur,
1229 1643 1267 1686 si
1307 1659 1404 1687 eam
1445 1645 1636 1690 fideliter

168 1713 359 1754 seruant.
419 1711 553 1754 Porro
587 1711 634 1753 in
669 1726 792 1754 sacro
826 1711 918 1754 otio
950 1710 1034 1754 Dei
1070 1711 1326 1770 degentium
1355 1714 1555 1770 regulam
1586 1716 1634 1758 in

167 1794 214 1823 se
251 1781 467 1838 propheta
506 1780 718 1838 exprimit
751 1780 922 1824 dicens:
969 1781 1261 1824 Prouidebam
1302 1783 1544 1827 Dominum
1585 1785 1631 1828 in
1650 1792 1680 1832 b

166 1854 400 1908 conspectu
430 1865 527 1894 meo
557 1865 739 1908 semper,
775 1851 983 1907 quoniam
1025 1866 1052 1894 a
1092 1851 1263 1895 dextris
1303 1856 1371 1896 est
1405 1854 1541 1897 michi
1576 1870 1633 1899 ne

166 1932 456 1973 commoneam
476 1923 658 1978 propter
672 1920 754 1963 hoc
770 1919 1036 1963 delectatum
1049 1924 1117 1964 est
1129 1935 1203 1964 cor
1218 1936 1388 1974 meum;
1419 1926 1464 1966 et
1477 1923 1632 1977 Maria,

108 1995 150 2032 ²5
167 1992 372 2046 exempta
386 2004 414 2032 a
433 1989 576 2033 turbis
596 1992 642 2032 et
662 1989 709 2032 in
726 1989 969 2047 Euangelio
981 1989 1137 2033 sedens
1156 2005 1280 2034 secus
1300 1991 1433 2048 pedes
1449 1992 1630 2036 Domini

164 2060 217 2101 ut
228 2058 403 2102 audiret
414 2059 600 2102 uerbum
613 2059 719 2102 eius.
771 2059 845 2112 At,
860 2063 912 2102 ut
928 2060 981 2102 de
997 2060 1212 2117 ypocritis
1227 2075 1370 2104 sermo
1382 2062 1629 2115 claudatur,

165 2127 271 2184 quid
300 2127 456 2172 beatus
485 2128 566 2172 Iob
596 2128 650 2171 de
675 2129 745 2171 his
771 2129 1031 2186 pronuntiet
1059 2129 1315 2187 proferatur
1342 2131 1390 2173 in
1419 2132 1628 2177 medium.

165 2195 273 2248 Hoc,
292 2197 448 2255 inquit,
469 2198 558 2241 scio
577 2213 605 2241 a
623 2198 853 2256 principio,
873 2213 929 2242 ex
950 2214 1037 2256 quo
1057 2200 1228 2257 positus
1249 2204 1316 2243 est
1336 2201 1468 2244 homo
1496 2217 1630 2260 super

163 2267 339 2317 terram,
354 2267 470 2324 quod
485 2267 580 2311 laus
595 2267 831 2325 impiorum
852 2268 1000 2311 breuis
1020 2269 1079 2312 sit
1100 2273 1145 2313 et
1165 2270 1379 2327 gaudium
1398 2273 1627 2328 ypocritae

103 2345 149 2380 30
165 2334 222 2377 ad
253 2335 394 2379 instar
421 2337 585 2393 puncti.
647 2337 697 2380 Si
728 2338 975 2391 ascenderit
1003 2353 1142 2396 usque
1172 2339 1220 2382 in
1249 2340 1392 2383 celum
1419 2342 1627 2399 superbia

163 2473 184 2509 8
210 2473 412 2518 apellando.
426 2473 514 2510 GBS
643 2486 686 2521 23
714 2475 859 2512 dextris
876 2487 943 2512 om.
962 2475 986 2512 S
1115 2487 1162 2523 24
1189 2488 1431 2515 commoueat
1447 2491 1516 2515 om.
1534 2480 1623 2518 CBS

162 2518 408 2567 delectatum]
426 2520 452 2557 l.
471 2523 510 2567 (i.
523 2534 551 2558 e.
567 2521 742 2570 letatum)
760 2523 794 2559 A
888 2526 946 2560 est
959 2536 1026 2560 om.
1045 2523 1134 2561 GBS
1244 2535 1286 2572 25
1316 2527 1542 2574 euuangelio
1560 2528 1623 2565 CA

210 2655 233 2689 4
256 2647 431 2692 Alioquin
447 2648 519 2684 etc.
535 2647 666 2694 (usque
682 2649 731 2685 ad
742 2650 1002 2695 impudenter):
1029 2650 1184 2688 Hieron.
1204 2652 1274 2689 loc.
1289 2664 1403 2707 supra.
1413 2653 1478 2690 cit.
1578 2656 1621 2692 16

160 2693 287 2745 reliyiq
304 2695 398 2729 etc.:
423 2693 497 2730 Iac.
513 2694 538 2730 i.
555 2705 612 2740 27.
780 2707 824 2743 19
843 2699 1088 2743 politicorum:
1115 2699 1156 2734 id
1170 2702 1236 2742 est,
1255 2702 1297 2735 ut
1314 2701 1472 2742 videtur,
1491 2712 1620 2738 eorum

189 2738 228 2774 ui
244 2741 362 2776 vitam
379 2739 527 2778 civilem
544 2742 618 2778 sive
635 2743 863 2780 saecularem
880 2745 1036 2791 degunt.
1194 2757 1238 2782 22
1266 2749 1504 2785 Prouidebam
1521 2752 1593 2786 etc.
1609 2761 1618 2787 :

193 2797 219 2822 s,
237 2797 293 2822 xv.
313 2787 345 2825 8.
359 2797 391 2833 9.
510 2799 555 2834 24
577 2791 722 2827 Maria:
748 2803 796 2827 sc.
815 2792 983 2838 regulam
1001 2792 1042 2828 in
1059 2804 1098 2829 se
1115 2793 1307 2839 exprimit.
1427 2805 1470 2842 25
1496 2799 1621 2834 sedem

160 2835 256 2870 etc.:
282 2845 313 2869 v.
331 2833 418 2871 Luc.
435 2845 470 2871 x.
490 2845 545 2882 39.
687 2838 732 2875 28
755 2839 833 2875 Hoc
849 2841 920 2875 scio
936 2842 1028 2876 eta:
1055 2839 1122 2877 Iob
1138 2851 1199 2877 xx.
1212 2851 1294 2887 4-7.

214 2904 295 2924 wm
310 2904 332 2924 n
851 2900 877 2927 B
903 2901 926 2926 Θ
1445 2907 1509 2942 209
