1988 3250
211 222 301 271 604
321 231 348 262 c

695 219 957 264 IOANNIS
999 218 1517 264 SARESBERIENSIS
1663 217 1775 280 [Lm.
1789 229 1841 262 VI

362 355 503 384 annos
522 340 706 384 ordeum
727 356 784 384 ex
805 341 998 384 Senatus
1018 340 1220 384 consulto
1240 340 1397 382 datum
1418 341 1496 382 est.
1537 338 1644 396 Apii
1665 338 1842 384 Claudii

362 410 587 453 sententia
619 414 889 467 senatusque
921 410 1173 454 consultum
1208 424 1361 452 omnes
1394 408 1471 465 qui
1507 423 1535 452 a
1575 409 1700 452 Pirro
1739 423 1843 466 rege

364 479 650 537 Epirotarum
666 480 786 537 capti
807 483 852 523 et
872 483 1026 537 postea
1047 479 1219 522 remissi
1236 482 1366 522 erant
1381 478 1554 535 equites
1574 478 1632 521 ad
1648 478 1844 536 peditem

363 549 548 607 redegit,
563 549 736 606 pedites
751 549 808 592 ad
829 549 973 592 leuem
994 552 1280 600 armaturam,
1298 548 1504 591 omnibus
1525 550 1655 591 extra
1674 548 1844 591 uallum

364 619 497 662 iussis
515 618 698 662 tendere
723 618 860 662 donec
887 618 994 661 bina
1023 618 1219 661 hostium
1244 618 1386 675 spolia
1418 617 1582 674 singuli
1610 617 1843 662 referrent.
1864 628 1884 664 ⁵

321 692 351 732 d
369 688 492 731 Haec
513 688 765 731 Frontinus.
825 688 889 731 At
910 688 1081 730 Plinius
1109 687 1268 730 asserit
1295 687 1402 744 quia
1425 686 1516 729 fuit
1539 687 1647 730 haec
1672 701 1847 744 quoque

366 757 618 814 antiquitus
646 757 974 800 animaduersio
994 757 1214 810 militaris,
1234 757 1387 800 iubere
1415 756 1685 814 ignominiae
1714 770 1848 799 causa

364 827 500 870 militi
525 841 687 870 uenam
710 826 824 869 solui
853 829 898 869 et
929 827 1192 883 sanguinem
1223 826 1420 878 dimitti3
1461 826 1587 868 cuius
1617 825 1681 868 rei
1711 825 1850 868 ratio-

364 911 466 939 nem
507 896 592 939 etsi
627 895 676 938 in
710 895 938 938 ueteribus
978 895 1121 939 literis
1157 911 1248 939 non
1283 895 1482 953 potuerit
1517 895 1732 946 inuenire,
1765 895 1849 939 hoe

365 970 518 1009 tamen
538 965 683 1022 primo
703 964 874 1008 factum
898 965 1110 1022 opinatur
1136 965 1184 1007 in
1211 965 1432 1008 militibus
1459 964 1682 1021 stupentis
1710 963 1848 1006 animi

366 1038 413 1079 et
444 1050 472 1078 a
502 1035 700 1078 naturali
739 1035 900 1077 habitu
931 1035 1196 1078 declinantis
1231 1038 1284 1078 ut
1316 1050 1407 1078 non
1439 1037 1533 1077 tam
1568 1048 1685 1091 pena
1715 1047 1850 1090 quam

366 1104 586 1148 medicina
616 1104 857 1154 uideretur,
877 1107 1031 1161 postea
1058 1107 1210 1147 tamen
1239 1104 1297 1148 ob
1326 1104 1539 1161 pleraque
1569 1103 1659 1146 alia
1688 1102 1851 1146 delicta

365 1174 414 1217 id
446 1173 704 1217 factitatum
736 1188 829 1216 esse
859 1173 1001 1216 credit
1029 1188 1109 1230 per
1137 1174 1515 1225 consuetudinem,
1546 1172 1673 1230 quasi
1702 1171 1851 1215 minus

367 1243 465 1287 sani
500 1243 762 1286 uiderentur
796 1257 949 1286 omnes
988 1243 1064 1300 qui
1100 1246 1256 1287 contra
1295 1244 1486 1287 officium
1527 1243 1850 1300 delinquerent.

369 1313 488 1356 Nam
525 1312 705 1355 leuioris
739 1312 894 1369 culpae
927 1327 1016 1355 non
1053 1316 1149 1356 erat
1184 1313 1480 1371 ignominiosa
1514 1312 1841 1355 animaduersio

369 1382 454 1426 etsi
486 1397 566 1425 nec
596 1381 674 1423 illa
704 1396 760 1424 ex
790 1381 945 1439 uigore
974 1381 1234 1439 disciplinae
1263 1382 1472 1425 militaris
1507 1381 1852 1425 dissimulationi

369 1451 515 1495 locum
537 1451 819 1508 relinqueret.
872 1451 1055 1494 Veteres
1071 1466 1245 1508 quoque
1262 1451 1425 1495 Grecos
1439 1451 1624 1494 anulum
1645 1450 1853 1494 habuisse

371 1521 419 1563 in
456 1520 663 1564 sinistrae
695 1534 854 1563 manus
883 1520 1026 1578 digito
1058 1520 1135 1578 qui
1170 1521 1355 1564 minimo
1385 1521 1616 1578 proximus
1646 1524 1714 1564 est
1742 1520 1853 1564 cele-

371 1590 562 1634 berrime
591 1589 800 1632 traditur.

218 1668 306 1715 605
325 1676 355 1705 a
432 1660 656 1703 Romanos
686 1673 860 1716 quoque
890 1659 1090 1702 homines
1120 1659 1249 1702 aiunt
1279 1659 1341 1703 sic
1370 1660 1631 1718 plerumque
1660 1659 1852 1703 usitatos

373 1730 544 1782 anulis3
588 1743 855 1786 causamque
887 1729 1022 1772 huius
1057 1729 1120 1771 rei
1160 1729 1308 1786 Apion
1341 1730 1387 1772 in
1428 1729 1554 1773 libris
1594 1728 1854 1788 Egyptiacis

374 1799 495 1850 dicit,
527 1799 645 1856 quod
686 1799 734 1841 in
775 1798 906 1841 sectis
940 1798 1194 1856 apertisque
1228 1799 1496 1856 corporibus,
1531 1801 1584 1842 ut
1617 1813 1713 1842 mos
1753 1797 1855 1849 fuit,

375 1883 488 1926 quas
542 1868 671 1911 Greci
728 1872 960 1911 anatomas
1013 1871 1189 1919 uocant,
1239 1871 1466 1926 repertum
1515 1872 1584 1911 est
1633 1867 1856 1925 quendam

373 1938 686 1982 tenuissimum
715 1953 903 1981 neruum
925 1938 983 1980 ab
1003 1953 1054 1981 eo
1075 1953 1165 1981 uno
1191 1938 1346 1996 digito,
1366 1939 1421 1982 de
1449 1953 1537 1996 quo
1564 1938 1773 1989 diximus,
1796 1937 1855 1980 ad

373 2023 449 2052 cor
480 2007 672 2050 hominis
702 2007 954 2065 pertingere
985 2022 1035 2051 ac
1065 2008 1322 2065 peruenire3
1360 2008 1594 2066 uisumque
1627 2022 1720 2051 esse
1752 2022 1854 2050 eum

373 2077 654 2135 potissimum
676 2077 869 2134 digitum
895 2076 975 2119 tali
1004 2077 1170 2120 honore
1197 2077 1505 2128 decorandum,
1526 2077 1602 2135 qui
1623 2077 1855 2120 continens

374 2150 420 2190 et
448 2148 575 2205 quasi
602 2161 828 2190 connexus
855 2161 954 2189 cum
978 2146 1233 2204 principatu
1256 2147 1400 2190 cordis
1427 2147 1665 2190 uideretur.
1725 2146 1854 2190 Vnde

374 2219 421 2260 et
453 2217 579 2273 quasi
615 2216 824 2259 excordes
860 2215 1068 2258 arbitrati
1104 2219 1210 2259 sunt
1244 2216 1462 2260 curandos
1491 2219 1571 2259 aut
1605 2215 1852 2273 puniendos

375 2286 452 2343 qui
503 2286 549 2328 in
599 2286 793 2328 militare
849 2284 1040 2328 officium
1090 2285 1391 2343 deliquissent.
1448 2285 1511 2329 Vt
1565 2285 1741 2329 redeam
1791 2284 1850 2328 ad

1869 979 1910 1004 10

1843 1325 1912 1362 215

1872 1674 1916 1699 20

1875 2027 1918 2062 ²5

376 2355 655 2405 Frontinum,
686 2353 872 2398 Crassus
903 2369 931 2396 a
961 2354 1222 2412 Sempronio
1246 2354 1395 2398 Asello
1425 2358 1470 2397 et
1498 2354 1719 2412 plerisque
1750 2354 1851 2398 aliis
1868 2368 1911 2402 3ο

375 2459 399 2492 4
424 2447 571 2495 pedites
589 2460 634 2483 ex
653 2447 830 2483 Frontmo
845 2459 914 2492 sup
942 2448 1016 2481 leui
1125 2457 1166 2483 21
1196 2445 1398 2494 egiptiacis
1416 2446 1440 2483 S
1550 2457 1594 2483 22
1620 2448 1798 2493 apertum
1814 2446 1854 2484 M

377 2506 435 2541 23,
450 2506 495 2540 24
520 2494 787 2532 tenuissimum
747 2506 904 2560 *quen
932 2505 994 2530 am
1012 2493 1058 2530 A*
1204 2504 1248 2539 27
1276 2506 1439 2531 conexus
1457 2493 1523 2531 SM

431 2592 444 2619 1
475 2583 567 2628 Apin·
584 2585 679 2619 ete.:
709 2580 879 2618 Frontin.
898 2583 1049 2627 Strateq.
1068 2580 1116 2618 iv.
1140 2591 1153 2617 1
1178 2579 1195 2627 §
1220 2582 1566 2623 18.1‚2
1594 2581 1656 2626 Ap
1658 2582 1697 2616 εἰ·
1707 2582 1859 2617 Claudi·

377 2633 553 2667 sententia
585 2635 796 2676 senatusque
829 2631 1047 2665 consultum:
1091 2630 1137 2665 A.
1170 2630 1210 2665 C.
1243 2630 1420 2664 sententia
1451 2628 1540 2673 (abl.
1574 2631 1676 2670 casu)
1711 2634 1860 2665 senatus

380 2676 596 2714 Frontinus.
754 2678 777 2713 6
804 2678 974 2712 Plinius:
1002 2675 1128 2722 potius
1147 2677 1323 2721 Ayella'us.
1434 2677 1516 2721 suit
1534 2677 1621 2712 haec
1638 2675 1859 2714 etc..Ge11.

380 2737 414 2761 x.
435 2727 686 2767 8.17
718 2725 857 2760 Vetom
881 2736 1016 2771 quoque
1042 2735 1158 2769 usque
1182 2723 1229 2759 ad
1248 2725 1436 2759 αίάινείιιν
1453 2725 1535 2770 (605
1549 2730 1616 2769 NJ:
1643 2722 1739 2760 Gell.
1759 2735 1792 2760 x.
1818 2734 1860 2760 10

381 2772 622 2819 (quibusdam
641 2771 815 2814 omissis).
925 2781 967 2817 25
994 2774 1116 2818 pertin
1142 2783 1220 2806 ezra
1236 2783 1390 2826 ⁴pergere
1407 2770 1564 2807 Gellius.
1664 2781 1719 2816 29,
1740 2782 1785 2817 30
1817 2772 1861 2807 Vt

379 2822 523 2856 redeam
556 2822 605 2855 ad
639 2820 884 2854 Frontinum.
919 2818 1004 2855 Non
1039 2819 1085 2855 ad
1146 2818 1446 2861 ront1num‚sed
1480 2818 1528 2856 ad
1557 2818 1725 2855 Gellium
1759 2818 1860 2856 redit

381 2868 553 2904 loannes.
651 2878 699 2914 30
719 2870 872 2903 craesus
888 2869 981 2904 etc.:
1010 2865 1154 2903 Ge11.i.
1178 2876 1218 2913 13
1239 2866 1280 2914 ἐξ
1306 2876 1434 2909 10,11.

488 2943 533 2977 30
