1988 3250
249 198 332 248 658
351 210 383 240 a
720 197 984 244 IOANNIS
1024 199 1540 245 SARESBERIENSIS
1670 199 1785 262 [ΜΒ.
1800 213 1872 246 vu

350 412 381 441 a
397 398 505 457 Cap.
524 412 590 444 10.
621 399 784 444 Omnes
802 402 1055 458 ecvdpturas
1073 417 1156 446 esse
1174 401 1379 459 leyendas
1386 420 1405 452 ‚·
1434 405 1474 447 et
1493 403 1548 447 de
1568 403 1874 448 benedictione

512 484 628 526 quae
639 470 921 527 mmiyenis
939 472 1050 515 data
1069 476 1131 515 est
1149 476 1189 516 et
1196 472 1318 529 filiis
1337 471 1429 516 Noe
1444 490 1463 522 ,·
1493 477 1531 516 et
1551 474 1673 530 quod
1693 473 1873 518 rationi

512 540 760 584 auctoritas
779 541 963 584 nullius
980 541 1228 598 yentilium
1244 541 1542 598 praeiudicet.

455 642 619 686 Omnes
639 645 789 686 tamen
810 643 1052 700 scripturas
1072 642 1281 700 legendas
1311 659 1403 687 esse
1431 643 1658 701 probabile
1686 648 1764 696 est,
1785 645 1872 690 nisi

395 711 489 754 sint
508 712 768 769 reprobatae
789 712 1002 763 lectionis,
1022 727 1123 755 cum
1143 713 1292 755 omnia
1311 728 1402 756 non
1422 713 1553 757 modo
1573 729 1687 771 quae
1707 715 1874 772 scripta
1892 731 1912 766 5

396 780 474 823 sed
504 780 639 824 etiam
669 795 782 838 quae
812 780 934 825 facta
963 785 1069 824 sunt
1098 781 1156 824 ad
1185 782 1429 825 utilitatem
1460 783 1664 834 hominis,
1684 784 1788 828 licet
1809 785 1873 827 eis

395 850 611 893 abutatur
642 850 880 903 interdum,
912 850 1123 893 instituta
1162 850 1412 894 credantur.
1483 851 1602 894 Nam
1641 855 1687 896 et
1725 850 1873 911 angeli

398 917 720 975 quodammodo
739 922 922 976 propter
942 919 1148 970 animam,
1162 919 1355 962 mundus
1375 934 1610 977 corporeus
1630 921 1873 965 secundum

395 988 683 1031 assertionem
713 992 892 1045 patrum
923 988 980 1031 ad
1010 988 1205 1045 corporis
1234 1003 1365 1031 usum
1395 989 1632 1033 institutus
1662 993 1741 1034 est.
1800 991 1874 1035 Ab

396 1057 527 1100 initio
566 1057 797 1100 benedixit
835 1058 957 1101 Deus
991 1057 1160 1100 homini
1193 1057 1366 1101 dicens:
1410 1057 1605 1102 Crescite
1641 1062 1687 1103 et
1721 1060 1872 1104 multi·
1893 1074 1934 1099 10

396 1126 623 1184 plicamini
651 1130 697 1170 et
723 1127 888 1184 replete
914 1130 1080 1170 terram
1105 1130 1150 1170 et
1175 1127 1364 1170 subicite
1389 1142 1486 1171 eam
1514 1131 1560 1171 et
1582 1128 1873 1173 dominamini

397 1195 591 1254 piscibus
615 1196 750 1239 maris
778 1199 823 1240 et
856 1196 1115 1239 uolatilibus
1142 1196 1224 1240 celi
1250 1200 1295 1240 et
1321 1197 1543 1240 uniuersis
1570 1198 1874 1243 animantibus

351 1277 381 1316 b
399 1280 512 1323 quae
531 1269 769 1309 mouentur
788 1281 921 1324 super
940 1269 1118 1309 terram.
1179 1265 1237 1309 Et
1265 1266 1458 1309 adiciens
1485 1281 1661 1310 omnem
1688 1268 1872 1312 herbam

397 1335 654 1379 afferentem
684 1350 832 1378 semen
869 1340 914 1378 et
946 1335 1156 1378 uniuersa
1190 1335 1314 1393 ligna
1345 1335 1392 1378 in
1437 1350 1521 1378 usu
1563 1351 1643 1380 suo
1686 1340 1804 1392 (nam
1844 1353 1872 1381 a

396 1405 542 1448 carnis
563 1404 709 1448 edulio
728 1408 833 1448 ante
853 1405 1074 1448 diluuium
1094 1404 1338 1448 creduntur
1357 1405 1638 1463 abstinuisse)
1657 1407 1872 1451 concessit
1891 1422 1932 1457 15

397 1474 461 1517 eis
481 1474 528 1516 in
549 1474 707 1517 cibum.
768 1475 865 1518 Illis
885 1489 1070 1531 quoque,
1091 1489 1201 1531 quos
1220 1490 1247 1517 a
1267 1477 1389 1532 peste
1410 1474 1570 1517 diluuii
1591 1474 1725 1519 archa
1745 1490 1870 1533 prae-

396 1542 636 1601 figuratrix
671 1543 889 1586 Ecclesiae
924 1543 1203 1594 liberauerat,
1233 1543 1464 1587 benedixit
1495 1546 1540 1587 et
1575 1543 1717 1601 legem
1748 1544 1873 1588 dedit
1951 1544 1954 1547 ’

396 1611 568 1656 dicens:
600 1611 794 1656 Crescite
834 1615 880 1655 et
917 1612 1277 1670 multiplicamini
1317 1615 1364 1655 et
1403 1607 1569 1670 replete
1604 1615 1794 1667 terram;
1825 1617 1872 1658 et
1929 1666 1937 1675 ⁸

395 1684 541 1724 terror
569 1683 718 1723 uester
752 1695 802 1724 ac
838 1684 1004 1724 tremor
1032 1681 1092 1724 sit
1127 1696 1260 1738 super
1293 1684 1453 1724 cuncta
1483 1681 1695 1724 animalia
1724 1684 1870 1725 terrae

397 1753 443 1794 et
462 1765 595 1807 super
613 1765 764 1793 omnes
784 1750 985 1794 uolucres
1014 1750 1096 1794 celi
1122 1765 1223 1794 cum
1249 1751 1470 1794 uniuersis
1497 1766 1610 1808 quae
1634 1755 1872 1795 mouentur
1891 1769 1934 1794 πο

396 1820 444 1862 in
466 1823 587 1863 terra
599 1834 608 1872 ;
639 1835 790 1863 omnes
810 1820 950 1877 pisces
970 1820 1106 1863 maris
1129 1820 1280 1863 manui
1302 1824 1478 1864 uestrae
1503 1821 1659 1864 traditi
1686 1825 1804 1873 sunt,
1825 1825 1871 1865 et

397 1903 527 1933 omne
562 1889 679 1946 quod
716 1893 921 1933 mouetur
956 1892 1002 1932 et
1037 1889 1155 1933 uiuit
1185 1890 1272 1933 erit
1301 1890 1429 1933 uobis
1459 1890 1506 1932 in
1536 1890 1707 1943 cibum;
1744 1891 1871 1949 quasi

398 1958 519 2002 olera
544 1958 739 2002 uirentia
770 1959 934 2002 tradidi
968 1959 1095 2002 uobis
1127 1959 1287 2010 omnia,
1323 1962 1507 2017 excepto
1543 1959 1661 2017 quod
1693 1975 1871 2004 carnem

398 2042 500 2072 cum
539 2028 754 2086 sanguine
795 2043 883 2072 non
923 2028 1172 2073 comedetis.
1233 2028 1342 2072 Ecce
1382 2029 1487 2086 quia
1526 2030 1785 2088 primigenis
1825 2033 1872 2074 et

358 2111 383 2142 c
400 2098 504 2141 filiis
544 2098 641 2141 Noe
681 2098 833 2140 eadem
873 2098 1189 2142 benedictionis
1227 2098 1387 2141 collata
1422 2101 1490 2141 est
1527 2099 1686 2156 gratia,
1716 2099 1869 2145 eadem
1889 2119 1932 2154 ²⁵

399 2166 642 2210 auctoritas
677 2167 922 2224 dignitatis,
952 2166 1103 2210 eadem
1137 2171 1182 2210 et
1211 2167 1408 2210 ciborum
1440 2166 1533 2210 fere
1565 2183 1768 2212 concessa
1803 2172 1871 2214 est

400 2236 690 2294 indulgentia.
749 2237 1051 2294 Augmentum
1074 2251 1263 2293 namque
1291 2239 1336 2279 et
1362 2236 1673 2294 multiplicatio
1700 2238 1872 2295 gratiae

400 2306 708 2349 dilatationem
759 2305 993 2363 exprimit3
1046 2306 1290 2349 dominium
1340 2309 1484 2349 terrae
1534 2310 1579 2350 et
1629 2306 1872 2352 bestiarum

400 2429 445 2466 23
469 2419 604 2457 holera
619 2419 659 2455 M

450 2521 467 2560 5
495 2514 619 2548 omm‘a
645 2514 739 2549 eta:
776 2512 825 2549 cf.
853 2511 957 2548 Rom.
984 2523 1041 2548 xv.
1070 2522 1104 2557 4.
1297 2513 1331 2556 8,
1361 2521 1383 2558 9
1416 2514 1611 2549 secundum
1641 2517 1872 2553 assertionem

394 2565 567 2607 patrum:
595 2560 674 2604 Quo
693 2559 868 2606 respiciat
887 2559 1044 2596 Ioannes
1062 2561 1199 2603 noster,
1218 2559 1340 2595 adhuc
1359 2560 1494 2596 nescio.
1622 2572 1665 2598 10
1690 2564 1874 2600 benedixit

400 2611 496 2645 etc.:
525 2619 554 2643 v.
574 2607 668 2644 Gen.
687 2606 709 2643 i.
728 2611 783 2648 28.
803 2618 858 2652 ²9·
1054 2617 1107 2651 14,
1131 2616 1170 2653 15
1189 2619 1211 2642 a
1237 2609 1360 2643 carnis
1386 2609 1505 2644 edulio
1533 2610 1627 2645 eta:
1654 2622 1686 2645 v.
1715 2610 1871 2648 Hieron.

400 2657 482 2692 adv.
508 2656 619 2691 Iom'n.
646 2654 670 2690 i.
695 2658 735 2691 18
755 2654 902 2701 (Migne
927 2655 966 2690 Ρ.
985 2655 1026 2690 L.
1053 2653 1155 2689 xxiii.
1183 2656 1278 2699 237).
1430 2657 1480 2697 16,
1518 2665 1556 2700 17
1578 2659 1872 2703 ptuefiyuratm'x

399 2703 599 2739 Ecclesiae:
626 2700 686 2737 Sic
721 2711 731 2738 ι
764 2701 843 2738 Pet.
862 2701 916 2737 iii.
933 2711 980 2738 20
1000 2701 1120 2738 secuti
1147 2701 1284 2747 passim
1311 2713 1438 2739 aream
1465 2703 1543 2739 Noe
1569 2702 1874 2751 interpretantur

399 2753 549 2797 patre-3
579 2761 611 2785 e.
625 2761 661 2794 g.
688 2748 840 2785 Hieron.
868 2751 947 2785 adv.
975 2750 1088 2785 Iovi».
1106 2748 1129 2785 i.
1153 2758 1191 2792 17
1217 2749 1360 2796 ‹Migne
1392 2751 1431 2785 P.
1452 2752 1493 2786 L.
1514 2749 1619 2788 xxiii.
1640 2753 1746 2799 236);
1770 2752 1869 2799 Aug.

400 2802 524 2834 contra
558 2797 684 2833 Fauni.
719 2795 782 2832 xii.
823 2806 863 2843 ¹4
892 2807 995 2843 seqq.
1025 2796 1171 2843 (migne
1204 2798 1244 2833 P.
1261 2798 1304 2834 L.
1337 2796 1417 2833 xlii.
1453 2800 1522 2843 264
1549 2803 1680 2846 seqq).
1826 2801 1873 2839 18

403 2846 554 2882 enecate
569 2846 664 2881 eta:
691 2842 784 2880 Gen.
802 2842 852 2880 ix.
872 2854 949 2889 1—4.

513 2925 578 2958 ⁸30
