1988 3250
217 169 318 204 oar.
338 157 472 220 xxxv]
729 158 1170 205 POLICRATICVS
1701 159 1773 211 815
1793 161 1821 201 b

215 278 430 323 curiosius
449 280 707 322 scrutantur
725 277 964 322 uerborum
987 278 1214 336 originem,
1241 279 1406 322 dicitur
1424 294 1452 322 a
1471 279 1684 331 uolendo;

215 351 262 392 et
280 347 416 391 sudor
434 347 530 390 eius
547 346 742 389 laborem
761 349 809 389 et
833 347 1065 403 angustias
1083 347 1252 391 indicat
1270 351 1504 405 corruptae
1523 349 1682 392 uolun-
1700 356 1725 386 c

215 415 336 459 tatis.
394 415 445 458 Si
465 429 571 473 ergo
589 415 776 458 sudatur
795 415 844 457 in
868 429 920 458 eo
949 415 1026 472 qui
1056 416 1290 459 confimat
1319 431 1395 460 cor
1419 418 1611 460 hominis
1638 420 1685 460 et

216 484 351 528 etiam
371 483 420 527 in
439 483 652 528 sumendo
674 483 794 541 quod
819 484 1015 536 letificat,
1038 484 1147 542 quid
1176 488 1245 528 est
1276 486 1394 542 quod
1421 486 1516 528 sine
1535 486 1684 529 labore

176 569 196 604 s
215 554 301 597 sibi
320 557 482 598 natura
499 554 700 598 mortalis
719 554 871 598 credat
899 554 1155 599 indultum?
1212 555 1378 598 Anima
1406 556 1492 598 sibi
1516 556 1685 598 dictum

215 624 371 668 recolit
403 623 521 681 quod
555 624 689 667 matri
715 624 914 668 omnium
948 627 1150 668 nostrum
1191 624 1425 681 peccatrici
1463 624 1686 667 sententia

217 693 442 738 creatoris
456 693 650 737 intorsit.
699 693 822 736 Parit
838 708 943 751 ergo
958 694 1005 737 in
1025 693 1175 738 dolore
1194 694 1310 737 filios
1329 694 1551 736 uirtutum
1573 708 1686 750 quae

216 764 312 808 sine
330 764 480 808 labore
500 764 620 822 parit
645 764 838 808 sobolem
865 764 1090 808 uitiorum.
1164 763 1341 807 Natura
1369 777 1560 819 namque
1589 777 1687 820 pec-

216 833 362 877 catrix
380 833 439 876 ad
458 834 625 876 malum
645 848 786 891 prona
805 836 873 877 est
893 836 939 877 et
961 836 1170 891 corrupta
1198 833 1256 876 ab
1282 832 1578 877 adolescentia
1595 846 1688 881 sua,

158 917 201 943 10
218 918 331 960 quae
351 906 447 947 etas
465 903 628 961 origini
648 903 884 956 uicinatur,
900 906 953 947 ut
972 903 1067 946 sine
1086 903 1236 946 labore
1256 905 1302 946 et
1317 902 1577 946 difficultate
1597 901 1687 944 labi

218 975 264 1017 et
282 987 372 1016 non
391 972 532 1031 possit
551 972 662 1030 erigi
692 973 750 1016 ad
774 973 890 1016 bona
913 973 1009 1016 sine
1031 972 1182 1018 labore
1207 975 1254 1015 et
1281 975 1428 1016 erecta
1453 971 1548 1014 sine
1574 970 1687 1013 diffi-

217 1043 385 1087 cultate
404 1045 451 1086 et
469 1041 616 1100 gratia
635 1045 754 1086 stare
773 1057 863 1085 non
886 1042 1037 1100 possit.
1098 1042 1222 1085 Parit
1248 1042 1400 1099 itaque
1427 1040 1553 1092 uitia,
1572 1040 1689 1083 filias

218 1112 374 1170 utique
393 1127 484 1156 non
503 1112 627 1162 filios,
656 1112 751 1155 sine
779 1111 929 1155 dolore
958 1111 1034 1155 sed
1060 1111 1349 1169 proculdubio
1378 1110 1435 1154 ad
1465 1110 1661 1153 dolorem
1678 1124 1687 1161 ;
1702 1113 1731 1153 d

219 1181 297 1225 sed
312 1181 359 1224 in
378 1181 527 1225 dolore
546 1181 672 1232 filios,
687 1181 764 1224 sed
778 1181 909 1239 plane
921 1181 978 1224 ad
989 1181 1203 1239 gaudium
1219 1196 1307 1224 non
1320 1180 1528 1223 dolorem.
1570 1179 1688 1236 Ergo

160 1260 201 1296 ¹5
221 1251 464 1309 Epicureus
482 1253 688 1294 uersatur
705 1251 754 1293 in
773 1251 934 1302 dolore,
945 1251 1071 1295 cuius
1085 1251 1183 1294 uita
1194 1250 1309 1294 filios
1323 1250 1443 1307 parit
1461 1252 1542 1292 aut
1562 1249 1688 1298 filias,

219 1325 266 1364 et
284 1335 458 1378 semper
467 1324 719 1378 praesentes
730 1323 810 1364 aut
827 1320 1004 1364 futuras
1015 1320 1266 1378 ingemiseit
1279 1319 1522 1377 angustias.
1570 1317 1690 1361 Nam

219 1393 312 1441 aut,
331 1393 384 1434 ut
401 1393 548 1434 cetera
565 1392 748 1441 taceam,
759 1390 1066 1448 praesentibus
1080 1405 1169 1433 non
1183 1390 1350 1433 letatur
1368 1392 1460 1439 aut,
1479 1388 1517 1432 si
1537 1402 1691 1431 caecus

219 1474 310 1503 non
329 1462 408 1511 est,
429 1459 536 1502 dum
551 1474 699 1503 rerum
719 1459 906 1502 metitur
918 1460 1080 1511 exitus,
1095 1474 1147 1502 ea
1166 1461 1394 1516 tamquam
1415 1458 1627 1501 abeuntia
1646 1460 1692 1500 et

221 1528 444 1587 fugientia
472 1529 685 1586 deplorat.
756 1529 878 1572 Letis
908 1530 1072 1572 etenim
1105 1532 1224 1573 stare
1253 1532 1466 1586 negatum
1497 1531 1576 1578 est,
1604 1527 1691 1570 nisi

162 1615 205 1641 ιο
222 1599 322 1657 quis
341 1598 506 1642 letetur
524 1598 572 1641 in
591 1598 682 1642 illis
701 1613 814 1656 quae
834 1598 1014 1642 beatum
1044 1598 1218 1642 faciunt
1243 1603 1324 1642 aut
1355 1598 1412 1641 ad
1432 1600 1691 1655 perpetuam

221 1668 458 1727 proficiunt
477 1667 631 1712 uitam.
690 1668 909 1712 Praeterit
934 1683 1125 1725 namque
1155 1668 1348 1711 mundus
1378 1668 1450 1711 hic
1480 1670 1526 1710 et
1545 1667 1694 1710 omnia

221 1738 530 1782 desiderabilia
576 1738 695 1790 eius;
745 1738 1074 1796 quantumlibet
1112 1738 1371 1781 blandiatur
1418 1737 1610 1780 incautis
1648 1740 1694 1780 et

222 1806 372 1851 dulces
410 1807 612 1851 fallaciae
646 1822 752 1851 suae
786 1808 993 1866 propinet
1038 1808 1278 1860 illecebras,
1317 1806 1560 1850 nouissima
1599 1805 1694 1849 eius

223 1876 380 1933 quouis
407 1877 601 1920 absintio
630 1877 849 1920 amariora
877 1880 995 1921 sunt.
1054 1877 1125 1928 Et,
1152 1877 1257 1934 quia
1283 1877 1398 1920 ratio
1418 1878 1694 1934 praesentem

164 1956 205 1990 ²5
223 1947 391 1989 statum
411 1946 506 1990 eius
524 1946 833 2004 imperfectum
853 1962 947 1990 esse
966 1961 1281 2004 usquequaque
1301 1946 1537 1996 conuincit,
1551 1945 1696 1988 nescio
1714 1949 1789 1988 816
1811 1959 1840 1987 a

226 2015 334 2072 quid
353 2015 541 2060 solidum
562 2031 734 2074 semper
752 2016 986 2074 pollicetur
1014 2017 1062 2059 in
1092 2020 1317 2074 posterum
1349 2019 1401 2059 ut
1424 2016 1471 2058 in
1491 2015 1697 2058 omnibus

226 2085 499 2129 amatoribus
518 2088 564 2129 et
583 2086 843 2143 sequacibus
867 2086 960 2129 suis
986 2101 1066 2130 nec
1095 2101 1235 2129 unum
1265 2086 1323 2128 ab
1357 2085 1487 2128 initio
1516 2084 1698 2127 duxerit

226 2154 286 2196 ad
313 2154 558 2211 perfectum
587 2160 668 2199 aut
701 2156 797 2199 uoti
829 2160 1075 2213 compotem
1112 2155 1280 2199 fecerit.
1341 2155 1461 2198 Hinc
1490 2157 1558 2198 est
1579 2154 1697 2211 quod

228 2237 390 2267 auarus
404 2224 452 2267 in
462 2225 620 2268 mediis
631 2225 789 2283 opibus
801 2226 952 2276 esurit,
963 2228 1120 2283 potens
1132 2228 1177 2268 et
1191 2224 1447 2282 praesidens
1463 2224 1510 2266 in
1525 2238 1698 2267 summo

167 2309 212 2343 30
228 2291 410 2350 fastigio
439 2294 590 2344 seruit,
618 2295 666 2337 in
697 2294 921 2352 profundo
950 2295 1062 2338 luxu
1091 2295 1408 2352 uoluptuosum
1438 2294 1593 2352 gaudii
1623 2294 1696 2336 de-

228 2361 373 2406 fectus
410 2363 549 2420 angit,
582 2366 628 2407 et
661 2363 807 2408 famae
838 2379 997 2422 procus
1028 2367 1074 2408 et
1112 2364 1284 2422 gratiae
1317 2364 1364 2406 in
1398 2367 1495 2406 toto
1524 2366 1698 2406 tumore

233 2474 272 2501 11
301 2466 427 2501 erecta
441 2467 592 2512 scripsi:
618 2468 766 2503 erectus
783 2465 947 2503 OBASM
1070 2477 1111 2505 12
1138 2478 1216 2504 non
1233 2465 1356 2514 possit
1371 2468 1472 2503 stare
1490 2464 1530 2502 S¹
1652 2476 1700 2503 20

229 2510 323 2558 illis]
340 2510 399 2547 his
417 2511 457 2548 Μ
599 2523 646 2558 24
670 2513 862 2551 absinthio
879 2514 946 2550 SM

230 2653 252 2695 a
274 2621 599 2713 ἑαῖῑῇἳιέἐὲξξ
621 2611 1130 2697 {‡0¹.'?·<?1³.¹¹0·02{1vr011et2„i⁷
1142 2614 1191 2696 ξ
1188 2617 1267 2705 ἒῗξ
1280 2614 1427 2695 ⁶1}ssssth
1429 2610 1621 2696 2353&ss
1638 2612 1699 2704 23:

231 2704 338 2741 Grat.
358 2706 462 2742 Decr.
481 2704 529 2741 11.
545 2717 611 2742 111.
629 2716 660 2742 1.
678 2718 710 2742 c.
732 2716 746 2743 1
769 2707 841 2753 (ed.
861 2707 1076 2754 Friedberg.
1095 2706 1120 2743 i.
1137 2708 1222 2751 676)
1243 2709 1370 2743 Omnia
1391 2712 1491 2742 aetas
1514 2707 1559 2742 ab
1582 2707 1699 2742 adole-

229 2756 363 2790 scentia
382 2755 423 2788 in
440 2754 578 2789 malum
590 2765 711 2799 prona
727 2759 786 2790 est.
980 2764 1024 2792 ιο
1048 2756 1142 2790 labi:
1169 2753 1327 2790 subaudi
1338 2756 1466 2800 possit.
1654 2763 1695 2790 21

231 2802 409 2838 Praeterit
425 2803 516 2837 etc:
540 2812 573 2837 v.
591 2811 609 2837 1
628 2800 711 2837 Cor.
727 2800 788 2836 vii.
806 2810 864 2846 31.
1031 2812 1076 2848 23
1101 2803 1302 2838 nouissima
1319 2804 1410 2838 etc.:
1436 2812 1468 2837 v.
1487 2800 1595 2836 Prov.
1615 2812 1646 2836 v.
1665 2810 1699 2844 4.

1522 2880 1590 2913 413
