1988 3250
173 228 274 264 oar.
289 215 424 278 xxw]
688 217 1129 263 POLICRATIOVS
1666 223 1756 273 629
1776 230 1802 262 c

172 338 254 382 abs
279 341 339 383 te.
397 338 496 383 Hoc
519 339 567 381 in
590 338 801 382 membris
826 339 1032 382 omnibus
1062 339 1251 397 principi
1279 340 1474 384 arbitror
1501 342 1650 385 obser-

173 408 372 452 uandum
411 412 465 452 ut
502 423 593 452 non
635 408 767 452 modo
808 413 1026 451 eruantur
1071 409 1359 452 abscidantur
1404 414 1451 454 et
1496 413 1650 468 procul

173 477 402 530 eiciantur,
426 478 465 522 si
491 478 595 521 fidei
621 481 703 521 aut
725 477 927 536 publicae
953 478 1089 521 saluti
1113 478 1277 521 dentur
1302 479 1350 521 in
1377 481 1647 532 scandalum,

171 547 251 591 sed
284 547 350 591 ita
383 550 672 591 conterantur
703 551 757 591 ut
790 547 836 590 in
871 548 1138 591 exterminio
1171 539 1313 590 unius¹
1335 549 1644 593 uniuersorum
1661 555 1691 596 d

136 635 155 669 5
172 616 455 661 incolumitas
480 619 752 674 procuretur.
813 616 911 667 Cui,
937 617 1132 674 inquam,
1159 619 1311 674 parcet
1335 618 1412 674 qui
1439 619 1574 661 etiam
1600 621 1646 662 in

173 686 322 730 oculos
341 701 443 729 suos
463 686 606 730 seuire
622 687 923 744 praecipitur?
972 686 1139 744 Vtique
1159 701 1238 730 nec
1258 687 1380 730 auris
1395 702 1475 731 nec
1495 688 1651 746 lingua

6 751 15 775 l
26 736 31 815 ,Ἰ
90 773 94 776 ·
173 758 254 799 aut
273 755 310 799 si
331 756 438 813 quid
460 756 582 799 aliud
608 756 655 798 in
679 771 860 814 corpore
882 756 945 800 rei
973 756 1176 814 publicae
1196 756 1331 813 degit,
1351 771 1554 800 securum
1583 762 1651 802 est

172 825 210 868 si
223 825 429 882 insurgat
443 825 490 868 in
505 825 699 868 animam
716 826 773 869 ob
787 827 979 884 gratiam
995 826 1121 869 cuius
1136 826 1221 883 ipsi
1237 826 1352 869 oculi
1368 826 1651 873 effodiuntur.

175 892 290 939 Cum
320 897 470 938 autem
497 895 619 938 Deus
645 895 886 939 offenditur
910 896 1053 939 abusu
1079 896 1316 940 criminum
1346 901 1427 941 aut
1458 897 1652 941 Ecclesia

114 979 160 1006 ιο
174 963 469 1018 conculcatur,
508 965 648 1008 totius
687 965 862 1008 animae
901 966 1182 1022 periclitatur
1219 966 1352 1011 salus.
1411 966 1540 1020 Quod
1585 968 1650 1011 ita

173 1033 369 1077 alienum
390 1036 458 1077 est
481 1034 539 1077 ab
565 1034 706 1078 officio
729 1035 942 1093 principis
962 1038 1026 1086 ut,
1046 1036 1252 1092 quotiens
1272 1036 1360 1079 ista
1379 1037 1652 1094 proueniunt

173 1102 222 1147 in
241 1118 290 1147 re
308 1103 497 1160 publica,
517 1107 598 1147 aut
617 1105 798 1147 omnino
818 1119 906 1148 non
931 1105 1095 1148 sentire
1119 1106 1327 1149 credatur
1347 1106 1551 1164 princeps
1571 1112 1651 1152 aut

172 1172 365 1216 dormire
399 1176 480 1216 aut
514 1173 562 1216 in
596 1173 841 1217 diuersorio
875 1189 979 1218 esse.
1040 1175 1117 1218 Sol
1148 1175 1314 1218 eminet
1345 1176 1567 1219 uniuersis
1599 1181 1651 1220 ut

172 1245 333 1287 cuncta
365 1243 518 1287 uideat
548 1247 594 1288 et
623 1244 837 1288 diiudicet
866 1245 1100 1296 uniuersa;
1140 1245 1276 1288 solem
1305 1245 1497 1289 alterum
1528 1246 1651 1304 prin-

115 1329 158 1364 ts
172 1312 315 1371 cipem
335 1327 428 1357 esse
447 1313 588 1357 credo.
649 1314 783 1358 Recte
804 1315 959 1372 utique
980 1314 1090 1358 facit
1109 1329 1210 1358 cum

347 1399 561 1458 ignauum
594 1399 718 1444 fucos
747 1415 880 1459 pecus
909 1416 937 1444 a
966 1402 1252 1459 praesepibus
1282 1404 1403 1445 arcet
1667 1406 1756 1456 630
1776 1417 1806 1446 a

173 1485 251 1543 qui
285 1486 483 1530 aluearia
521 1486 715 1545 spoliant
747 1490 793 1531 et
828 1487 1038 1544 quicquid
1074 1487 1202 1531 dulce
1237 1490 1305 1531 est
1344 1488 1531 1531 ebibunt
1570 1491 1651 1532 aut

174 1558 417 1613 asportant.
477 1556 612 1599 Recte
649 1556 760 1600 facit
797 1571 898 1600 cum
940 1556 1159 1600 Ecclesiae
1196 1561 1430 1614 promouet
1463 1557 1650 1608 culmen,

174 1638 275 1668 cum
311 1625 538 1683 religionis
568 1626 731 1669 dilatat
764 1627 946 1677 cultum,
978 1641 1079 1670 cum
1114 1627 1326 1685 superbos
1361 1627 1570 1670 humiliat
1605 1631 1651 1670 et

115 1713 161 1738 πο
176 1694 347 1738 exaltat
373 1695 574 1747 humiles,
594 1696 829 1740 munificus
853 1697 900 1739 in
927 1711 1099 1754 egenos,
1126 1697 1173 1739 in
1197 1697 1395 1754 copiosos
1419 1696 1649 1754 frugalior,

113 1757 117 1764 ’
173 1777 275 1808 cum
306 1764 499 1808 uirtutes
529 1766 726 1823 praemio
761 1770 806 1809 et
837 1766 952 1810 uitia
980 1781 1122 1823 aequa
1151 1781 1394 1824 poenarum
1424 1766 1549 1810 lance
1580 1782 1647 1810 re-

171 1836 390 1884 munerat,
419 1848 519 1878 cum
555 1835 730 1878 iustitia
758 1850 1075 1893 usquequaque
1106 1836 1307 1879 ambulat
1336 1839 1442 1879 ante
1472 1851 1573 1879 eum
1604 1839 1650 1878 et

172 1899 300 1960 'ponit
323 1902 371 1945 in
399 1903 476 1946 uia
495 1903 759 1961 prudentiae
779 1905 1056 1963 aliarumque
1083 1905 1306 1949 uirtutum
1333 1920 1511 1964 gressus
1535 1920 1648 1949 suos.

171 1971 390 2030 Equidem

115 2073 158 2109 ²5
289 2059 352 2103 sic
381 2060 553 2117 petitur
581 2060 735 2112 celum,
765 2076 854 2104 non
885 2065 938 2106 ut
968 2062 1087 2106 ferat
1117 2063 1261 2106 Ossan
1292 2063 1482 2120 Olippus

117 2135 121 2140 ·
346 2133 607 2176 summaque
638 2119 836 2163 Peliacus
864 2121 1026 2178 sydera
1054 2124 1215 2179 tangat
1243 2136 1369 2179 apex,

171 2203 328 2262 Inquit
357 2205 610 2264 Sapientia:
641 2207 711 2251 Ne
737 2208 955 2265 gloriosus
981 2224 1196 2266 appareas
1222 2223 1369 2252 coram
1397 2224 1499 2267 rege
1526 2213 1572 2253 et
1598 2210 1644 2252 in
1663 2212 1693 2251 b

171 2273 266 2317 loco
285 2289 547 2332 magnorum
568 2291 624 2320 ne
644 2278 843 2330 steteris3
873 2293 1011 2335 eoque
1031 2281 1203 2336 spectat
1222 2279 1436 2336 sapientis
1451 2279 1645 2323 edictum

172 2345 226 2387 ut
251 2344 452 2402 quisquis
481 2360 571 2388 non
598 2346 863 2390 humiliatur
891 2348 939 2391 in
971 2347 1083 2391 facie
1113 2348 1327 2405 principis
1358 2349 1519 2391 merita
1545 2365 1645 2392 con-

113 2427 158 2461 ³0
174 2410 347 2456 fusione
362 2413 591 2466 obductus,
605 2415 760 2473 gloria,
770 2407 906 2473 ‘quam
923 2418 1171 2475 usurpauit,
1186 2417 1349 2475 dignus
1364 2420 1432 2461 est
1446 2418 1645 2476 spoliari;

172 2528 358 2612 1A6Mpecus
373 2529 478 2566 fucos
495 2529 606 2567 C²BA
766 2533 809 2568 18
832 2532 982 2570 culmen
999 2534 1202 2579 promouet
1218 2533 1251 2569 A
1409 2543 1453 2580 25
1480 2532 1646 2580 olimpu-

224 2688 277 2721 12,
299 2689 342 2725 13
366 2686 432 2716 aut
445 2683 603 2718 dor-mire
619 2688 684 2718 aut
699 2684 741 2719 in
757 2685 958 2720 diuet-sorio
974 2695 1067 2720 esse:
1092 2697 1123 2721 v.
1143 2695 1164 2730 3
1181 2685 1273 2731 Reg.
1292 2684 1393 2721 xviii.
1413 2695 1469 2728 27.
1602 2687 1644 2722 16

171 2727 351 2772 iynauum
367 2729 462 2764 etc.:
485 2728 562 2766 Ver
588 2757 596 2765 .
619 2731 746 2776 Geor-9.
761 2730 809 2766 iv.
832 2733 909 2776 168,
926 2734 1019 2768 Aen.
1036 2731 1060 2767 i.
1077 2742 1159 2779 435.
1292 2743 1336 2778 ¹9
1359 2734 1528 2778 superbos
1545 2735 1641 2770 etc.:

172 2773 222 2810 cf.
244 2783 258 2810 1
280 2773 368 2821 Reg.
388 2773 428 2811 ii.
445 2784 478 2820 7,
496 2777 540 2819 8;
593 2789 650 2814 uc.
669 2776 695 2814 i.
715 2787 770 2824 52,
791 2787 846 2825 53.
951 2789 995 2815 22
1021 2781 1164 2815 iustitia
1180 2781 1275 2816 etc.:
1300 2792 1333 2815 v.
1350 2780 1408 2816 Ps.
1426 2780 1565 2816 lxxxiv.
1589 2791 1644 2824 1⁴·

175 2828 218 2867 25
243 2823 295 2857 sic
304 2823 445 2868 petitur
459 2824 532 2860 etc.
547 2836 556 2859 τ
581 2823 646 2861 Ov.
662 2826 762 2861 Fast.
779 2825 805 2861 i.
820 2834 901 2871 307,
913 2827 994 2872 308.
1091 2837 1135 2872 27
1155 2829 1210 2862 Ne
1223 2828 1401 2871 ,olm-iosus
1414 2830 1487 2864 etc.
1502 2841 1510 2864 :
1536 2828 1643 2864 Prov.

173 2878 256 2904 xxv.
275 2869 309 2905 6.
451 2879 497 2916 29
521 2871 741 2908 humiliatur
754 2874 795 2908 in
802 2875 905 2919 facie
917 2875 1122 2920 principis:
1147 2886 1183 2911 v.
1199 2874 1305 2911 Prov.
1321 2887 1405 2912 xxv.
1423 2884 1455 2920 7.

1497 2951 1542 2989 79
