1988 3250
263 230 342 271 72⁷
362 221 392 260 b
742 220 897 265 IOAN
899 221 943 265 N
946 221 1005 266 IS
1044 220 1560 266 SARESBERIENSIS
1655 219 1763 280 [ms.
1780 233 1872 265 vm

405 340 602 385 decimae
620 356 792 400 semper
806 342 895 385 diei
909 342 1225 386 abstinentiam
1239 341 1334 385 loco
1350 341 1671 384 efficacissimae
1691 344 1738 386 et
1756 342 1873 386 salu-

406 410 623 455 berrimae
650 411 923 455 medicinalis
948 426 1080 455 curae
1106 411 1332 462 indixisse,
1355 425 1435 454 nec
1463 410 1592 454 facile
1621 425 1758 468 posse,
1785 411 1873 455 nisi

405 481 694 538 corruptioris
732 484 921 524 naturae
960 481 1109 532 fuerit,
1141 480 1306 523 morbis
1336 480 1617 537 grauioribus
1649 481 1874 525 subiacere

406 549 483 606 qui
503 549 673 593 decima
692 564 867 607 quaque
886 550 957 593 die
977 550 1036 592 ab
1055 549 1175 593 omni
1196 550 1294 592 cibo
1315 549 1511 592 abstinet
1537 553 1617 592 aut
1641 549 1873 607 simplicis-

361 627 388 657 ὓ
404 619 518 662 sima
536 619 658 662 dieta
677 620 889 677 transigit
908 619 1062 662 uitam.
1123 619 1240 662 Sunt
1256 619 1401 662 adhuc
1421 619 1499 675 qui
1519 622 1692 662 sextam
1713 620 1872 664 feriam
1891 634 1912 670 s

404 687 452 730 in
472 687 636 731 ieiunio
655 688 750 732 sine
770 688 868 731 cibo
887 689 1141 745 transigant
1155 687 1227 730 uel
1245 702 1295 730 eo
1311 690 1501 730 utantur
1515 688 1699 732 minimo
1715 703 1725 742 ;
1755 689 1874 747 quod

403 757 583 814 quidem
603 761 650 801 et
667 757 870 815 religioni
892 762 937 800 et
956 757 1266 808 incolumitati,
1287 757 1404 800 sicut
1422 758 1598 814 experti
1616 758 1874 815 loquuntur,

402 826 646 870 certissime
665 827 816 870 seruit.
877 826 1034 869 Refert
1050 826 1283 883 Pompeius
1299 826 1470 883 Trogus
1484 827 1603 883 quod
1619 828 1874 873 teterrimus

403 894 581 939 Siciliae
609 896 814 939 tirannus
844 895 1083 946 Dionisius,
1104 895 1210 938 dum
1234 895 1365 953 gulae
1391 898 1438 938 et
1461 896 1670 940 edacitati
1697 897 1875 941 deditus

402 968 512 1016 erat,
532 965 758 1008 oculorum
779 966 929 1008 lumen
953 965 1162 1008 amiserit.
1221 964 1373 1008 Nichil
1398 965 1516 1008 enim
1544 969 1611 1008 est
1641 966 1758 1023 quod
1782 981 1871 1010 cer-
1891 977 1935 1003 10

402 1033 562 1077 tiorem
583 1037 663 1077 aut
683 1034 881 1078 citiorem
912 1035 1096 1077 inducat
1119 1034 1353 1092 caliginem
1380 1034 1475 1092 iugi
1501 1035 1727 1092 ingluuie3
1757 1036 1873 1093 quia,

402 1106 457 1146 ut
494 1104 561 1147 ait
591 1103 901 1154 Portunianus,
932 1103 1126 1147 edacitas
1159 1104 1280 1147 cibos
1310 1104 1418 1147 terit
1447 1104 1525 1147 sed
1553 1105 1702 1148 oculos
1729 1108 1872 1150 uorat.

402 1173 615 1216 Galienus
634 1177 812 1216 auctore
826 1173 1047 1216 Ieronimo
1067 1173 1348 1216 doctissimus
1367 1173 1586 1231 interpres
1602 1174 1874 1232 Hypocratis

401 1242 512 1286 dicit
531 1243 578 1285 in
599 1243 876 1286 exortatione
901 1243 1143 1287 medicinae
1168 1243 1372 1294 athletas,
1393 1258 1582 1300 quorum
1606 1244 1703 1287 uita
1726 1247 1773 1288 et
1798 1260 1872 1290 ars

403 1312 559 1370 sagina
578 1314 657 1363 est,
677 1327 756 1356 nec
783 1313 936 1356 uiuere
960 1327 1086 1369 posse
1116 1327 1196 1356 nec
1223 1312 1302 1355 diu
1329 1327 1423 1356 esse
1449 1327 1591 1364 sanos,
1612 1313 1870 1372 animasque
1890 1326 1933 1362 ¹5

354 1385 384 1426 d
404 1397 555 1425 eorum
575 1382 641 1425 ita
661 1381 798 1425 nimio
822 1383 1037 1439 sanguine
1064 1385 1111 1425 et
1134 1382 1342 1439 adipibus
1368 1383 1495 1439 quasi
1524 1383 1621 1427 luto
1645 1383 1872 1428 inuolutas

401 1451 538 1494 nichil
559 1454 703 1502 tenue,
723 1451 859 1494 nichil
880 1451 1052 1504 celeste,
1070 1451 1147 1494 sed
1167 1467 1340 1509 semper
1359 1453 1414 1495 de
1434 1452 1643 1496 carnibus
1668 1457 1714 1497 et
1740 1456 1872 1498 ructu

399 1520 594 1578 cogitare
609 1523 654 1563 et
667 1520 837 1563 uentris
852 1521 1062 1578 ingluuie.
1112 1521 1320 1578 Legimus
1336 1522 1470 1565 etiam
1487 1523 1700 1579 quosdam
1716 1523 1870 1567 morbo

399 1589 627 1633 articulari
656 1593 702 1633 et
727 1590 948 1647 podagrae
979 1591 1239 1634 humoribus
1269 1591 1521 1635 laborantes
1549 1592 1869 1650 proscriptione

400 1658 614 1701 bonorum
634 1658 692 1701 ad
716 1659 958 1716 simplicem
984 1674 1181 1703 mensam
1211 1663 1257 1703 et
1281 1675 1496 1718 pauperes
1519 1661 1638 1704 cibos
1669 1661 1869 1706 redactos
1889 1675 1934 1700 το

398 1728 697 1781 conualuisse;
741 1733 976 1772 caruerant
1028 1730 1146 1772 enim
1197 1730 1493 1773 sollicitudine
1548 1731 1869 1788 dispensandae

397 1797 555 1841 domus
584 1802 631 1841 et
659 1798 890 1855 epularum
920 1799 1140 1857 largitate,
1169 1814 1281 1856 quae
1312 1803 1358 1843 et
1387 1814 1545 1857 corpus
1575 1799 1792 1858 frangunt
1823 1803 1870 1844 et

398 1866 604 1910 animam.
665 1867 830 1910 Irridet
846 1867 1029 1911 Oratius
1043 1869 1293 1925 appetitum
1309 1868 1507 1912 ciborum
1524 1869 1600 1926 qui
1616 1869 1867 1928 consumpti

398 1935 657 1993 relinquunt
677 1937 992 1993 penitentiam:

514 2016 683 2074 Sperne
713 2017 987 2074 uoluptates3
1028 2021 1157 2062 nocet
1185 2022 1336 2076 empta
1364 2019 1513 2062 dolore
1544 2018 1761 2077 uoluptas.
1888 2034 1931 2076 ιη

398 2176 420 2212 3
445 2165 699 2212 corruptionis
716 2165 740 2202 S
837 2175 857 2210 7
877 2169 990 2220 prius
1007 2168 1047 2203 et
1063 2178 1130 2202 om.
1150 2165 1188 2201 M
1286 2166 1519 2222 locuntur-M
1621 2177 1665 2204 10
1688 2169 1746 2205 eet
1761 2167 1867 2206 enim

395 2213 561 2297 alethae
578 2219 744 2296 61:331&ngAE
763 2212 954 2298 Ierogxgflnztz
968 2215 1052 2297 ἴῳ
1070 2214 1165 2308 etih?
1181 2272 1290 2298 nuos
1301 2217 1495 2299 ἒξεέοἳωε
1511 2214 1786 2309 Οξξὶὶξοηιίιιε
1803 2226 1868 2299 A¹4

444 2395 466 2430 8
508 2396 699 2440 Pompeius
719 2395 856 2439 Tmou
871 2395 942 2431 etc.
959 2407 967 2430 :
994 2393 1075 2430 Hoc
1097 2405 1222 2440 neque
1245 2395 1347 2440 apud
1367 2394 1554 2431 Iustinum
1571 2406 1619 2431 ne
1648 2406 1694 2432 ue
1709 2395 1802 2432 alibi
1821 2395 1867 2433 de

397 2440 577 2488 Dionysio
590 2444 785 2478 narratum
797 2441 941 2483 inveni:
957 2440 1083 2478 sonan
1098 2444 1165 2478 aut
1176 2442 1273 2478 male
1287 2441 1478 2479 intellexit
1492 2445 1560 2478 aut
1573 2454 1634 2479 ma
1653 2454 1673 2479 e
1689 2442 1867 2480 meminit

398 2488 559 2525 Ioanne·
586 2493 715 2526 noster
743 2488 842 2535 quod
867 2501 913 2526 ex
940 2488 1061 2534 Trogo
1091 2488 1270 2535 Pompeio
1299 2490 1345 2526 de
1368 2489 1547 2537 Dionysio
1576 2489 1722 2527 iuniore
1749 2490 1867 2528 refert

397 2536 563 2572 lustinus
583 2536 673 2582 (xxi.
694 2546 711 2584 5
733 2538 752 2582 §
771 2538 809 2580 6)
829 2539 869 2572 in
886 2538 1030 2572 macello
1045 2542 1207 2582 pentat-e
1224 2550 1232 2579 ;
1256 2539 1349 2583 quod
1366 2550 1475 2573 emere
1495 2550 1569 2574 non
1581 2543 1734 2584 poterat,
1753 2540 1867 2575 oculis

394 2585 579 2620 deuorare.
761 2594 800 2620 12
827 2589 866 2620 ut
899 2586 952 2619 ait
985 2584 1256 2621 Por-ennianum:
1291 2584 1396 2620 Nihil
1430 2584 1644 2621 huiusmodi
1673 2586 1798 2622 exstat
1823 2585 1864 2621 in

397 2630 579 2667 Macrobii
598 2632 851 2667 Saturnalium
876 2631 1153 2678 exemplaribus
1178 2644 1275 2677 quac
1300 2631 1412 2669 hodie
1431 2632 1612 2669 habemus
1626 2645 1634 2675 ;
1667 2632 1768 2669 unde
1793 2633 1865 2670 hoc

396 2690 543 2725 quoque
563 2691 607 2714 cx
627 2678 708 2715 loco
726 2679 851 2715 neseio
866 2691 939 2724 quo
954 2678 1061 2715 istius
1076 2678 1199 2725 operis
1209 2679 1346 2715 amisso
1359 2680 1598 2726 desumptum
1613 2691 1690 2717 esse
1705 2679 1867 2718 videtur.

399 2736 440 2772 13
470 2727 668 2762 Galienus:
695 2726 718 2762 i.
733 2738 764 2763 e.
783 2726 960 2771 Galenus,
979 2728 1022 2763 ut
1038 2738 1161 2780 nupta.
1278 2732 1420 2763 auctore
1436 2729 1635 2763 leronimo:
1660 2739 1692 2763 v.
1708 2725 1864 2764 Hieron.

392 2775 472 2810 adv.
492 2775 602 2809 levin.
622 2773 648 2809 ii
683 2784 716 2810 11
742 2774 886 2821 (Migne
905 2774 944 2811 P.
966 2775 1007 2810 L.
1025 2774 1128 2810 xxiii.
1147 2774 1241 2819 300).
1343 2777 1383 2811 18
1408 2776 1578 2820 laeyimus
1594 2776 1666 2812 etc.
1684 2786 1798 2820 usque
1816 2774 1864 2811 ad

392 2821 542 2875 digressio
576 2823 658 2865 (7²8
671 2823 731 2867 Α);
761 2821 913 2859 Hieron.
942 2823 1021 2859 adv.
1047 2823 1160 2859 Iovin.
1192 2821 1230 2858 ii.
1267 2831 1317 2859 12.
1423 2831 1466 2869 25
1493 2824 1628 2868 Sperne
1654 2823 1746 2859 eta:
1771 2821 1863 2859 Hor.

393 2868 466 2915 Ep.
486 2879 510 2904 1.
529 2878 561 2904 2.
584 2877 638 2915 55.

507 2940 572 2983 256
