1988 3250
171 238 271 273 eu».
285 227 359 289 Ἦ]
676 228 1116 275 POLICRATICVS
1655 232 1742 283 648
1759 242 1795 276 a

169 347 404 405 spicaciam
438 348 606 406 ingenii
645 351 692 392 et
728 348 897 406 gloriae
936 348 1187 406 appetitum
1226 363 1361 406 quam
1399 350 1637 408 multiplici

169 416 393 460 industria
410 417 615 461 omnibus
643 418 895 475 praeripere
917 420 1220 462 consueuerat.
1282 418 1491 462 Testatur
1509 420 1565 463 de
1585 435 1637 464 eo

169 485 374 529 Valerius
397 486 622 530 Maximus
648 486 763 543 quia,
784 501 1014 543 supremae
1044 487 1166 530 uitae
1190 487 1400 543 reliquias
1424 489 1638 533 senilibus

169 569 220 599 ac
238 555 412 612 rugosis
426 555 634 598 membris
648 555 696 598 in
711 569 885 598 summo
903 555 1155 599 litterarum
1171 556 1263 599 otio
1278 556 1358 598 uix
1373 557 1635 607 custodiens,

132 637 154 672 5
168 623 278 668 adeo
297 624 499 667 ualenter
516 639 598 682 pro
617 624 761 668 salute
779 624 951 682 patriae
976 624 1180 668 incubuit
1198 628 1251 669 ut
1270 640 1367 668 eam
1389 626 1446 668 ab
1466 627 1635 670 hostili-
1653 626 1684 665 b

168 693 252 738 bus
271 694 406 737 armis
421 694 512 738 solo
527 698 763 751 aequatam
779 695 826 737 in
842 694 1004 738 lectulo
1017 694 1279 738 Atheniensi
1296 695 1443 739 iacens
1458 696 1638 752 quidem

169 763 459 808 Macedonum
498 763 715 814 manibus,
749 764 911 821 quibus
943 764 1115 807 abiecta
1148 767 1256 815 erat,
1287 765 1490 822 eriperet.
1565 765 1640 808 Ita

167 832 278 877 urbe
311 835 455 876 strata
485 836 620 890 atque
655 848 810 876 euersa
842 833 1175 891 Alexandrique
1211 833 1518 878 familiaritate
1551 849 1641 892 qua

167 902 377 947 restituta
395 905 463 946 est
482 902 728 946 Aristotilis
747 906 903 946 notum
919 906 987 947 est
1001 918 1124 961 opus.
1185 903 1309 948 Licet
1327 907 1478 948 autem
1499 904 1639 947 nomi·

111 987 155 1015 ιο
169 985 277 1016 num
301 975 347 1016 et
373 972 610 1016 uerborum
637 973 843 1016 turbator
866 973 1097 1025 habeatur,
1116 988 1206 1018 non
1227 974 1357 1017 modo
1377 974 1640 1024 subtilitate,

169 1055 259 1100 qua
296 1042 466 1086 cunctis
505 1041 688 1086 celebris
726 1045 805 1094 est,
845 1042 923 1086 sed
963 1047 1009 1086 et
1047 1044 1162 1086 mira
1200 1044 1425 1087 suauitate
1464 1043 1639 1087 dicendi

169 1110 349 1162 eualuit,
382 1111 492 1155 adeo
523 1111 702 1168 quidem
736 1115 790 1155 ut
822 1112 997 1156 Platoni
1032 1114 1192 1157 merito
1231 1114 1462 1171 proximus
1502 1113 1640 1158 fuisse

169 1180 386 1224 uideatur.
446 1180 559 1224 Eum
580 1181 726 1224 laudis
746 1181 884 1225 fuisse
899 1182 1207 1226 auidissimum
1228 1183 1300 1226 uel
1321 1197 1377 1226 ex
1398 1198 1449 1226 eo
1464 1186 1641 1227 constat

169 1249 298 1308 quod,
317 1264 417 1294 cum
438 1249 677 1295 Theodocti
702 1251 919 1310 discipulo
939 1252 1075 1296 libros
1104 1253 1216 1296 artis
1241 1253 1461 1296 oratoriae
1486 1256 1539 1296 ut
1565 1267 1640 1296 eos

110 1333 152 1370 ¹5
170 1319 319 1364 ederet
340 1320 635 1372 concessisset,
655 1321 838 1364 moleste
866 1321 1014 1365 ferens
1041 1324 1195 1379 postea
1222 1325 1400 1365 tantum
1428 1322 1573 1365 laudis
1593 1325 1640 1366 et

171 1388 338 1447 gloriae
357 1389 541 1432 titulum
561 1404 608 1433 se
628 1390 705 1433 alii
725 1391 998 1441 concessisse,
1019 1392 1198 1448 proprio
1214 1391 1439 1435 uolumine
1456 1392 1637 1448 quibus-

169 1457 271 1502 dam
292 1458 423 1502 rebus
449 1459 668 1510 insistens,
693 1460 869 1518 planius
888 1461 973 1504 sibi
994 1460 1048 1504 de
1070 1461 1140 1504 his
1160 1461 1207 1503 in
1228 1461 1491 1504 Theodoctis
1511 1461 1637 1504 libris

168 1527 336 1571 dictum
351 1528 522 1572 adiecit.
563 1529 691 1572 Vnde
707 1530 911 1573 Valerius
928 1530 1175 1574 Maximus:
1206 1530 1307 1573 Nisi
1323 1545 1394 1573 me
1410 1534 1502 1574 tam
1519 1530 1635 1574 latae
1655 1541 1684 1572 e

168 1600 214 1641 et
225 1600 318 1641 tam
332 1598 527 1655 patentis
543 1598 752 1643 scientiae
768 1600 1035 1644 uerecundia
1049 1603 1233 1652 teneret,
1246 1600 1435 1644 dicerem
1452 1601 1639 1658 dignum

108 1679 153 1707 ὀ
167 1666 477 1725 philosophum
506 1668 632 1712 cuius
661 1669 915 1713 stabiliendi
946 1685 1089 1713 mores
1123 1670 1295 1713 altioris
1326 1670 1464 1713 animi
1496 1670 1638 1728 philo-

167 1737 304 1794 sopho
333 1737 626 1783 traderentur.
685 1738 893 1783 Ceterum
920 1739 1063 1797 gloria
1085 1755 1142 1783 ne
1168 1740 1226 1782 ab
1253 1739 1323 1782 his
1350 1739 1540 1797 quidem,
1561 1741 1639 1798 qui

166 1809 467 1864 contemptum
500 1808 595 1851 eius
627 1808 906 1853 introducere
940 1813 1170 1860 conantur,
1202 1810 1456 1867 negligitur.
1518 1810 1638 1853 Nam

169 1878 215 1920 et
243 1876 544 1920 uoluminibus
578 1878 757 1921 nomina
792 1894 874 1922 sua
913 1879 1151 1937 diligenter
1187 1879 1387 1923 adiciunt
1426 1883 1479 1922 ut
1519 1880 1637 1937 quod

167 1945 437 2003 professione
455 1946 609 1990 leuant
627 1948 915 2005 usurpatione
934 1948 1171 1992 memoriae
1191 1952 1495 2005 assequantur.
1551 1950 1638 1994 Hic

109 2030 151 2065 ιε
170 2018 238 2059 est
255 2016 380 2060 euius
399 2016 776 2074 disputationibus
790 2019 994 2062 effectum
1016 2023 1084 2063 est
1103 2023 1156 2062 ut
1171 2019 1442 2063 Achademia
1462 2035 1637 2064 mouea-

169 2087 246 2129 tur
263 2086 405 2143 magis
425 2087 647 2130 rationum
669 2103 802 2145 quam
822 2089 1045 2132 collisione
1065 2092 1314 2132 uentorum.
1375 2090 1498 2134 Licet
1518 2091 1637 2134 enim

169 2153 528 2212 Peripatheticus,
542 2171 630 2200 non
643 2157 964 2202 Achademicus
984 2162 1227 2209 censeatur,
1243 2174 1294 2202 eo
1310 2163 1460 2202 tamen
1477 2161 1635 2204 sollici-

166 2225 291 2267 tante
322 2224 376 2268 de
406 2225 593 2283 singulis
624 2228 817 2272 maxime
851 2232 1091 2286 coeperunt
1122 2229 1351 2281 Platonici,
1384 2230 1460 2286 qui
1492 2230 1635 2275 relicti

168 2350 190 2389 7
214 2343 364 2398 adiecta
379 2344 420 2381 M
613 2357 651 2385 11
679 2347 849 2386 discendi
866 2349 906 2385 M
1099 2359 1142 2395 14
1168 2361 1231 2387 eos
1246 2362 1313 2387 om.
1331 2350 1386 2386 Μι
1592 2352 1637 2390 16

167 2401 316 2428 cessisse
332 2391 372 2428 M
761 2419 763 2421 -

218 2510 232 2536 1
258 2502 396 2546 gloriae
410 2505 633 2549 appetitum:
660 2504 706 2541 cf.
725 2506 871 2541 Enthet.
889 2507 932 2541 de
950 2508 1076 2552 Doym.
1093 2508 1226 2543 Philas.
1246 2508 1314 2543 862
1333 2507 1418 2552 (984
1428 2506 1484 2552 A).
1613 2518 1635 2544 2

170 2547 338 2583 Testatur
350 2550 444 2586 etc.:
468 2561 499 2586 v.
516 2550 598 2587 Val.
617 2551 716 2587 Max.
733 2564 764 2589 v.
782 2554 816 2589 6.
833 2555 907 2589 ext.
949 2581 956 2589 .
1067 2564 1100 2600 9,
1122 2565 1165 2590 10
1188 2556 1377 2590 nominum
1394 2560 1426 2590 et
1442 2556 1635 2591 uerborum

167 2595 347 2651 turbator:
371 2607 407 2631 v.
424 2596 556 2634 Boeth.
574 2600 616 2634 de
632 2601 718 2645 Syll.
741 2601 859 2645 Cateq.
877 2600 902 2637 i.
920 2562 1066 2648 (⁵Migne
1084 2603 1124 2638 P.
1143 2603 1186 2638 L.
1204 2601 1292 2638 lxiv.
1311 2603 1411 2648 793).
1590 2613 1629 2640 11

168 2653 265 2677 mura
276 2645 455 2680 suauitate
468 2646 630 2681 dicendi:
655 2658 687 2682 v.
706 2646 782 2683 Cic.
806 2649 891 2694 Top.
909 2646 933 2685 i.
954 2648 972 2695 ς’
993 2660 1038 2695 3;
1064 2649 1223 2694 Quintil.
1245 2651 1335 2685 Inst.
1360 2652 1419 2686 Or.
1438 2661 1475 2686 x.
1499 2659 1513 2686 ι
1574 2651 1632 2695 83.

171 2698 213 2725 12
238 2694 280 2724 ut
302 2690 448 2726 Platoni
472 2692 567 2728 etc.:
593 2693 640 2730 cf.
658 2693 734 2730 cic.
759 2697 802 2730 de
825 2696 911 2732 Fin.
928 2707 961 2732 v.
988 2707 1008 2742 3
1037 2695 1054 2743 §
1083 2706 1128 2741 7;
1158 2698 1258 2733 Tusc.
1283 2698 1388 2744 Βίῳ.
1413 2695 1437 2732 i.
1460 2708 1503 2733 10
1573 2707 1630 2733 22.

170 2745 214 2780 13
238 2737 337 2771 Eum
353 2738 474 2773 laudis
489 2740 580 2775 etc.:
606 2752 636 2777 v.
650 2740 733 2777 Val.
751 2741 851 2778 Max.
870 2742 948 2780 viii.
970 2753 1023 2787 14.
1040 2746 1115 2780 ext.
1135 2754 1166 2789 3.
1351 2754 1394 2789 14
1422 2745 1632 2780 Theodecti:

171 2783 357 2819 Theodecti
371 2783 454 2820 Val.
471 2784 570 2822 Max.
738 2791 779 2825 18
804 2790 888 2825 Nisi
904 2802 958 2825 me
975 2793 1047 2827 etc.
1064 2802 1182 2836 usque
1198 2790 1246 2827 ad
1263 2797 1524 2837 assequantur:
1549 2790 1633 2828 Val.

168 2829 270 2924 gaz.
295 2829 374 2922 >lom
406 2843 519 2878 supra
549 2833 616 2870 cit.
768 2837 814 2873 26
850 2838 1033 2874 collisione
1063 2844 1276 2875 uentorum:
1313 2839 1361 2875 cf.
1396 2850 1511 2885 supra
1542 2850 1575 2875 c.
1609 2849 1631 2886 3

208 2887 250 2921 41
264 2885 292 2914 Δ
310 2903 320 2914 .

223 2948 305 2968 wnn
319 2949 340 2969 u
887 2944 912 2979 Q
1458 2949 1473 2973 1
1481 2949 1520 2982 13
