1988 3250
226 199 315 250 667
333 189 364 238 d
705 194 969 240 IOANNIS
1009 191 1525 238 SARESBERIENSIS
1644 189 1758 252 [un.
1773 200 1846 235 vu

375 315 566 374 populus
601 315 851 359 Gomorrae.
912 314 1206 358 Seruiendum
1241 315 1309 356 est
1343 327 1448 370 ergo
1480 311 1735 371 Scripturis,
1754 324 1845 354 non

223 391 311 434 668
330 401 361 430 a
376 385 710 438 dominandum,
739 384 827 427 nisi
862 383 979 427 forte
1006 384 1106 441 quis
1136 398 1183 426 se
1213 383 1359 440 ipsum
1391 383 1578 440 dignum
1612 381 1764 426 credat
1791 382 1847 422 ut

375 455 547 513 angelis
566 454 726 497 debeat
745 453 977 497 dominari.
1036 453 1202 509 Vtique
1228 451 1317 494 uiri
1342 452 1450 495 iusti
1471 466 1543 495 eos
1567 451 1773 494 adorasse
1799 451 1847 492 et

375 524 524 568 cibum
551 523 826 566 ministrasse
849 523 1084 580 leguntur3
1114 524 1160 564 et
1184 521 1247 564 eis
1274 522 1471 564 humana
1493 521 1722 564 temeritas
1744 518 1847 562 uult

375 593 622 651 praeferri?
674 592 895 636 Cibantur
915 595 1066 635 autem
1085 591 1189 634 fidei
1210 593 1256 634 et
1274 591 1492 634 bonorum
1511 592 1694 647 operum
1713 588 1848 641 cibis3
1865 599 1885 634 5

375 677 481 705 nam
521 668 567 705 et
597 661 749 719 magni
788 661 960 704 consilii
994 660 1216 718 Angelum
1257 659 1315 702 ad
1354 662 1539 717 puteum
1578 659 1640 702 sic
1679 657 1849 702 cibauit

375 732 537 775 mulier
571 731 879 783 Samaritana3
924 734 970 773 et
1002 730 1119 773 forte
1159 744 1232 772 eos
1264 729 1468 772 adorasse
1508 743 1598 771 non
1637 726 1848 785 proderit,

376 801 415 845 si
446 801 571 844 cibus
610 801 913 844 subtrahatur.
983 799 1144 842 Nonne
1183 799 1423 856 quaerendi
1462 797 1612 842 studio
1650 796 1848 854 uiguisse

375 870 587 914 scribitur
624 870 879 927 patriarcha
919 869 1006 925 qui,
1040 869 1202 911 scalam
1241 869 1410 919 uidens,
1445 868 1571 911 cuius
1614 866 1848 910 summitas

376 940 519 983 celum
539 939 766 996 tangebat,
785 938 965 996 angelos
993 938 1308 981 adscendentes
1329 940 1375 980 et
1397 937 1710 980 descendentes
1729 934 1848 978 uidit
1867 951 1909 978 ιο

377 1012 425 1052 et
451 1010 597 1066 ipsum
622 1009 864 1051 Dominum
894 1008 1100 1050 innixum
1130 1008 1283 1058 scalae,
1308 1011 1354 1050 et
1383 1022 1483 1051 cum
1514 1007 1683 1064 angelo,
1710 1006 1849 1049 donec

377 1093 539 1121 aurora
568 1078 851 1129 illucesceret,
871 1077 1125 1120 luctaminis
1151 1080 1375 1120 certamen
1403 1077 1612 1127 exercuit,
1633 1090 1713 1119 nec
1742 1077 1848 1118 ante

377 1147 436 1190 ab
456 1147 613 1204 angelo
629 1146 847 1204 fatigatus
860 1146 1091 1203 adquieuit
1106 1148 1159 1188 ut
1171 1147 1346 1190 cederet
1365 1161 1499 1204 quam
1521 1146 1687 1190 femore
1706 1144 1849 1187 altero

378 1216 637 1259 debilitatus
676 1215 996 1259 benedictionis
1030 1215 1222 1273 gratiam
1256 1216 1353 1259 uoti
1387 1230 1564 1273 compos
1600 1230 1627 1258 a
1665 1214 1847 1257 cedente

329 1292 360 1331 b
378 1285 537 1343 angelo
568 1286 851 1342 reportaret?
893 1285 1018 1328 Haec
1052 1284 1093 1328 ei
1128 1285 1176 1327 in
1211 1285 1374 1342 spiritu
1413 1289 1494 1328 aut
1527 1286 1673 1340 figura
1704 1282 1845 1326 conti·
1867 1298 1908 1334 1⁵

377 1357 554 1414 gerunt,
569 1354 646 1397 sed
666 1354 804 1404 nobis,
818 1354 1032 1411 Apostolo
1052 1356 1178 1405 teste,
1195 1355 1402 1412 figuralia
1422 1354 1639 1398 seruiunt.
1700 1353 1757 1397 In
1772 1352 1849 1395 uia

379 1438 484 1482 ergo
510 1423 880 1481 peregrinationis
907 1427 1084 1466 nostrae
1112 1424 1495 1481 apprehendamus
1522 1423 1702 1481 angelos
1731 1421 1849 1466 Scri-

378 1497 614 1551 pturarum
639 1495 685 1536 et
711 1492 985 1550 infatigabili
1015 1493 1256 1536 certamine
1286 1493 1506 1537 luctantes
1535 1508 1636 1537 cum
1666 1493 1730 1536 eis
1758 1505 1850 1535 non

378 1562 585 1607 cedamus
615 1562 753 1605 donec
787 1576 868 1605 nos
899 1576 1059 1604 aurora
1089 1562 1294 1605 ueritatis
1323 1563 1527 1606 illustret.
1588 1562 1682 1606 Nec
1710 1561 1850 1605 solam

379 1646 507 1676 nosse
542 1631 732 1674 sufficiat
760 1631 996 1674 ueritatem
1024 1632 1122 1682 nisi,
1147 1631 1314 1675 femore
1343 1633 1507 1676 amoris
1536 1631 1847 1690 temporalium
1868 1645 1912 1677 τό

379 1703 685 1751 marcescente,
707 1714 759 1743 eo
785 1715 917 1743 uerae
944 1700 1129 1744 uirtutis
1156 1701 1328 1744 aditum
1355 1702 1410 1745 de
1437 1702 1743 1746 benedictione
1770 1715 1849 1744 an-

379 1770 521 1828 gelica
555 1769 731 1812 facilius
763 1783 1084 1826 consequamur
1117 1785 1205 1827 quo
1236 1771 1379 1829 magis
1413 1774 1666 1815 eternorum
1701 1783 1851 1814 amore

380 1840 575 1883 excitato
604 1839 652 1881 in
683 1838 887 1896 appetitu
918 1839 1229 1896 temporalium
1261 1840 1571 1884 claudicamus.
1632 1841 1697 1884 Eo
1732 1839 1851 1883 enim

380 1909 502 1953 lucta
541 1908 628 1951 ista
667 1907 871 1965 perducit
909 1912 963 1950 ut
1002 1908 1323 1966 triumphantis
1364 1910 1556 1954 hominis
1595 1909 1851 1953 testimonio

381 1978 503 2022 Deus
524 1978 629 2035 ipse,
650 1977 727 2034 qui
748 1991 921 2020 summa
944 1978 1112 2020 ueritas
1138 1982 1218 2030 est,
1239 1978 1351 2022 facie
1371 1979 1427 2022 ad
1450 1979 1608 2023 faciem
1629 1979 1848 2022 uideatur.
1869 1992 1912 2032 25

383 2046 605 2104 Quicquid
640 2046 757 2089 enim
790 2046 894 2088 boni
930 2046 977 2088 in
1011 2046 1098 2089 fide
1128 2051 1208 2090 aut
1238 2048 1444 2105 operibus
1475 2052 1673 2106 apparet,
1703 2049 1851 2107 imago

341 2130 366 2161 e
384 2117 599 2175 quaedam
628 2115 808 2158 diuinae
838 2116 1023 2159 uisionis
1048 2120 1127 2160 est.
1190 2117 1249 2160 Et
1275 2122 1393 2161 recte
1420 2132 1580 2161 aurora
1600 2119 1695 2162 sine
1722 2118 1852 2162 bene-

386 2237 430 2264 ιο
454 2225 553 2262 celos
570 2224 609 2260 M
734 2235 776 2270 14
800 2225 1003 2262 accedente
1021 2225 1102 2262 S'M
1226 2236 1269 2273 ¹9
1294 2226 1468 2264 ueritatis
1484 2238 1620 2265 aurora
1637 2228 1677 2265 M
1804 2239 1852 2276 23

382 2273 531 2320 apetitu
549 2272 605 2309 CS
702 2282 746 2318 27
772 2272 971 2310 diuisionie
987 2273 1139 2310 diuinae
1157 2272 1197 2309 M

431 2366 452 2402 3
479 2367 535 2391 eos
563 2356 731 2391 adomim
758 2357 853 2391 eta:
893 2366 927 2390 v.
956 2353 1050 2392 Gen.
1078 2354 1180 2391 xviii.
1207 2365 1228 2391 2
1254 2367 1356 2402 seqq.
1509 2358 1533 2393 6
1558 2359 1683 2404 mayni
1710 2360 1854 2396 consilii

382 2404 582 2449 Anyelum:
608 2414 657 2438 nc.
677 2401 892 2445 Christum:
917 2414 949 2438 v.
967 2414 1084 2449 supra
1099 2404 1243 2439 Enehee.
1267 2405 1307 2439 in
1331 2405 1460 2440 Policr.
1482 2404 1565 2450 (382
1581 2407 1645 2450 c);
1670 2408 1799 2443 Polior.
1824 2406 1850 2444 i.

412 2450 478 2487 rol.
500 2452 585 2496 (389
598 2453 641 2493 Α)
662 2452 702 2486 et
719 2461 853 2487 comm.
872 2450 918 2486 ad
938 2449 1007 2486 loc.
1115 2452 1167 2486 sic
1184 2452 1319 2486 cibauit
1337 2453 1431 2488 ete:
1458 2464 1491 2487 v.
1506 2452 1636 2490 Ioann.
1648 2453 1694 2489 iv.
1714 2456 1852 2502 6eeqq.

419 2509 542 2535 ereum
565 2506 622 2543 32,
643 2496 708 2532 ubi
730 2496 824 2533 dinei
855 2497 926 2533 ulie
951 2497 1026 2533 euin
1051 2496 1107 2533 ait
1135 2497 1237 2535 Iesus
1260 2499 1336 2543 qu
1361 2501 1478 2534 cibum
1500 2501 1610 2537 habeo
1633 2503 1854 2540 manducare

382 2558 485 2593 quem
503 2556 568 2580 uon
580 2546 735 2588 nescitis,
753 2544 798 2580 de
844 2545 889 2582 de
907 2546 947 2581 et
964 2544 1071 2581 bonis
1088 2545 1264 2591 operibus
1281 2545 1452 2583 mulieris
1467 2547 1740 2593 Samaritanae,
1755 2560 1852 2596 quae

384 2596 424 2630 et
441 2603 527 2630 eum
550 2591 740 2628 Christum
761 2603 839 2629 ense
866 2591 1028 2629 credidit
1053 2594 1093 2629 et
1115 2592 1208 2629 ahos
1233 2593 1280 2629 ad
1302 2605 1389 2630 eum
1412 2595 1582 2637 adduxit,
1604 2595 1854 2644 interpretari

385 2639 532 2677 videtur
550 2638 713 2675 Ioanne·
731 2641 871 2676 noster.
1011 2650 1034 2684 9
1053 2642 1292 2686 patriarcha:
1319 2653 1369 2677 sc.
1397 2642 1530 2686 1acob;
1557 2654 1588 2679 v.
1610 2643 1703 2682 Gen.
1722 2643 1853 2683 xxviii.

388 2698 431 2726 12
444 2699 557 2733 seqq..
577 2685 695 2722 xxxii.
714 2697 758 2731 24
772 2698 808 2722 sc
837 2699 871 2732 q.
991 2688 1033 2723 ¹6
1063 2690 1227 2733 Apostolo
1245 2693 1347 2724 teate:
1375 2701 1406 2725 v.
1429 2700 1439 2725 ι
1462 2689 1544 2727 Cor.
1563 2702 1597 2727 x.
1621 2701 1674 2728 ιι.
1798 2693 1840 2730 16

387 2744 429 2780 17
454 2736 501 2771 In
519 2735 583 2770 uia
599 2746 679 2779 enyo
696 2736 767 2770 etc.
785 2745 793 2770 ε
811 2699 934 2770 ‘ltodit
956 2734 1003 2770 ad
1025 2735 1119 2771 Gen.
1145 2734 1260 2770 xxxii.
1283 2735 1384 2773 inter
1412 2738 1641 2775 rotationem
1658 2719 1853 2777 moralem:

383 2793 433 2868 ἕο
448 2783 541 2866 tottii,
553 2783 695 2835 sepnor-e
707 2786 806 2875 >ctat
833 2780 879 2818 cs.
899 2781 1009 2829 Greg.
1029 2782 1156 2829 Magn.
1174 2783 1280 2821 Hom.
1299 2785 1336 2820 in
1390 2786 1483 2822 zech.
1501 2784 1540 2822 ii,
1561 2796 1581 2823 2
1601 2785 1620 2834 ξ
1644 2796 1685 2834 13
1704 2786 1852 2835 (Migne

416 2857 424 2867 .
463 2851 486 2867 A.
522 2839 617 2865 xxvi.
635 2838 702 2876 955
724 2855 733 2866 .

499 2902 559 2943 1⁴8
