1988 3250
160 226 258 260 oar.
271 212 364 274 vn]
677 211 1115 257 POLIORATIGVS
1638 217 1720 261 734
1737 207 1768 250 d

158 335 275 378 olere
305 336 385 377 aut
413 332 634 390 legumine
657 331 896 374 dumtaxat
917 334 1121 374 constare
1149 333 1320 374 certum
1344 333 1413 374 est
1441 345 1541 374 cum
1565 344 1623 374 ex

159 403 312 447 multis
331 406 427 446 tum
453 416 509 445 ex
531 416 582 444 eo
608 400 725 457 quod
755 400 1009 457 patriarcha
1028 399 1173 443 Ysaac
1202 399 1257 442 de
1284 400 1521 442 uenatione
1540 399 1622 442 filii

157 472 242 516 sibi
266 471 543 529 pulmentum
562 469 658 513 fieri
678 468 927 527 imperauit.
986 467 1252 526 Significant
1270 471 1420 510 autem
1439 468 1623 510 bellaria

158 555 287 584 omne
319 554 459 597 genus
489 553 665 582 mensae
696 538 912 582 secundae
943 537 1152 594 quoniam
1187 537 1250 579 ibi
1284 537 1428 580 solent
1459 538 1622 594 apponi

122 630 142 664 5
159 624 271 666 quae
308 608 561 666 pulchriora
598 610 704 650 sunt
743 610 789 650 et
827 606 1096 650 delicatiora.
1167 607 1324 649 Vtitur
1354 609 1504 648 autem
1541 606 1623 650 hoc

157 678 334 722 nomine
357 678 533 721 Marcus
556 677 721 720 Varro:
751 676 955 726 Bellaria,
975 675 1133 732 inquit,
1154 690 1207 719 ea
1233 675 1425 718 maxime
1454 676 1624 718 mellita

159 750 265 792 sunt
284 761 396 804 quae
421 747 593 790 mellita
615 761 704 789 non
731 748 849 789 sunt.
910 745 1038 798 Quod
1069 744 1186 788 forte
1216 759 1267 787 eo
1294 744 1450 787 referri
1476 747 1623 801 potest

158 816 277 874 quod
296 817 440 860 utenti
459 816 656 874 gratiora
684 818 790 859 sunt
816 829 868 858 ea
894 829 1007 872 quae
1033 814 1269 858 necessitas
1292 814 1466 871 appetit
1488 828 1621 870 quam

159 900 271 943 quae
308 885 502 929 irritatio
539 885 670 943 gulae
707 884 892 929 inuenit.
967 883 1057 927 Sed
1096 883 1213 927 forte
1252 883 1403 941 pusilli
1443 883 1624 926 uidetur

104 973 143 999 ιο
159 955 296 999 animi
317 955 393 1012 qui
413 955 469 998 ad
490 955 607 998 hunc
626 954 805 998 modum
825 953 994 1011 primae
1009 967 1186 997 mensae
1201 952 1426 995 luxuriam
1446 952 1623 996 cohibet

159 1027 241 1068 aut
267 1025 343 1082 qui
371 1024 481 1068 facit
506 1025 553 1067 in
580 1024 746 1067 talibus
765 1023 875 1081 legis
895 1023 1199 1080 sumptuariae
1219 1022 1512 1074 mentionem;
1542 1036 1622 1065 nec

159 1097 310 1138 tamen
323 1092 482 1138 Cesare
501 1093 642 1136 maior
660 1096 728 1136 est
747 1094 827 1136 aut
846 1092 1200 1150 magnificentior
1214 1092 1448 1149 quisquam
1469 1106 1622 1135 eorum

160 1163 238 1220 qui
266 1177 437 1206 morum
468 1177 702 1219 rerumque
732 1162 905 1206 iactura
939 1164 1147 1205 exercent
1177 1161 1339 1219 gulam.
1399 1161 1622 1204 Luxuriae
1639 1173 1715 1214 735
1733 1174 1764 1204 a

159 1232 435 1284 obsecuntur,
446 1231 648 1274 seruiunt
661 1231 867 1283 uanitati‚
880 1234 926 1274 et
945 1230 1190 1287 nequitiam
1209 1234 1291 1273 aut
1304 1230 1622 1287 negligentiam

102 1321 143 1356 ¹5
160 1314 286 1343 suam
305 1300 513 1344 nituntur
531 1300 811 1344 liberalitatis
834 1300 1029 1357 imagine
1049 1299 1277 1345 consolari.
1335 1299 1447 1352 Quis
1462 1298 1623 1344 Cesare

159 1369 365 1427 Augusto,
377 1369 604 1427 frugalior,
616 1370 692 1427 qui
712 1370 759 1413 in
779 1384 951 1413 summo
971 1369 1142 1426 fastigii
1157 1369 1348 1413 culmine
1363 1369 1623 1413 secundario

159 1453 272 1497 pane
311 1442 357 1483 et
405 1439 625 1497 pisciculis
664 1454 774 1496 quos
812 1439 949 1496 uulgo
988 1438 1229 1496 spinaticos
1271 1438 1343 1481 uel
1394 1438 1622 1496 ripiliones

159 1509 320 1551 uocant
357 1510 590 1552 contentus
629 1512 726 1552 erat
764 1511 809 1552 et
859 1523 948 1552 non
992 1508 1079 1551 nisi
1125 1508 1386 1552 necessitate
1435 1512 1622 1566 urgente

159 1577 413 1635 comedebat
431 1577 503 1621 uel
522 1577 696 1623 amico?
755 1577 867 1631 Quis
883 1577 1060 1621 Nerone
1074 1578 1271 1635 gulosior
1293 1581 1374 1621 aut
1392 1582 1621 1635 sumptuo-

101 1667 145 1692 πο
159 1646 280 1690 sior?
350 1646 409 1690 Et
431 1650 581 1691 tamen
609 1647 681 1691 hic
707 1661 950 1704 numquam
976 1662 1166 1705 magnus
1194 1651 1275 1690 aut
1298 1647 1507 1690 laudatus
1537 1648 1623 1691 erit

158 1715 290 1759 alicui
321 1716 510 1773 sapienti
533 1731 623 1760 non
654 1716 797 1774 magis
830 1731 964 1773 quam
990 1716 1041 1760 G.
1068 1715 1275 1774 Caligula
1307 1719 1388 1759 aut
1416 1717 1623 1760 Vitellius

159 1784 240 1828 sed
260 1785 396 1828 etiam
425 1785 597 1838 minus;
638 1801 742 1829 nam
763 1789 809 1830 et
828 1786 901 1830 hic
925 1786 1114 1844 prandia
1133 1788 1180 1829 et
1199 1800 1330 1830 cenas
1358 1789 1403 1830 et
1429 1801 1620 1830 comesa-

161 1853 302 1897 tiones
322 1854 552 1898 immodice
571 1854 895 1912 frequentabat.
956 1855 1268 1898 Famosissima
1295 1870 1430 1913 super
1455 1859 1623 1900 ceteras

163 1921 253 1966 fuit
279 1937 388 1967 cena
406 1923 454 1967 in
474 1939 562 1981 qua
587 1924 807 1968 inuitatus
833 1939 862 1967 a
891 1923 1031 1968 fratre
1062 1924 1163 1975 fuit,
1184 1925 1352 1968 habens
1381 1925 1470 1968 duo
1497 1926 1622 1969 milia

103 2007 144 2042 ²⁵
160 1991 494 2035 lectissimorum
513 1993 711 2050 piscium,
730 1996 898 2050 septem
922 1994 1047 2036 milia
1072 1994 1237 2036 auium.
1297 1994 1427 2037 Hanc
1447 2009 1621 2052 quoque
1637 2004 1667 2046 b

161 2061 421 2118 exuperauit
441 2061 533 2119 ipse
553 2062 601 2105 in
620 2062 894 2106 dedicatione
914 2066 1094 2120 paterae
1114 2078 1248 2121 quam
1275 2064 1332 2106 ob
1361 2064 1622 2107 immensam

161 2129 513 2186 magnitudinem
533 2131 721 2189 clipeum
742 2132 971 2176 Mineruae
990 2133 1247 2190 appellauit.
1309 2133 1365 2175 In
1386 2134 1468 2177 hac
1490 2133 1622 2177 fasia-

161 2212 319 2242 norum
334 2201 380 2242 et
391 2213 613 2256 pauonum
629 2201 853 2255 cerebella,
867 2201 1044 2259 linguas
1058 2202 1462 2260 phoenicopterum,
1478 2218 1623 2247 mure-

161 2281 319 2310 narum
358 2267 492 2311 lactes
530 2283 586 2312 ex
624 2270 794 2315 cunctis
825 2271 959 2314 maris
989 2271 1193 2330 partibus
1226 2272 1470 2329 petitarum
1504 2287 1622 2316 com-

161 2358 323 2431 ⁴01⁸p⁰¹²i
339 2358 408 2396 0¹8
566 2371 610 2407 14
632 2362 893 2408 obsequuntur
906 2362 940 2399 A
1101 2372 1142 2411 ις
1167 2363 1348 2411 ymagine
1367 2363 1408 2400 M
1578 2374 1620 2410 17

160 2413 370 2486 ἓρὶῗέῗῑξὲἵζ
381 2439 461 2476 CA:
486 2440 692 2497 spinaticos
708 2442 771 2480 uel
785 2455 986 2498 asperagos
1002 2443 1033 2480 B
1150 2456 1208 2489 22,
1229 2455 1273 2499 ².3
1291 2444 1622 2482 commessationes

163 2485 207 2578 {³7
234 2487 1109 2586 apen&{2¹3⁸{P0‘ffl‘231513112‘z55‘fflssn
1166 2495 1299 2540 ‘'²‘'”0
1325 2493 1371 2529 ⁸²
1397 2492 1554 2540 paam
1581 2493 1621 2529 Μ

210 2624 231 2650 2
252 2616 465 2660 patriarcha
486 2617 600 2670 ysaac
614 2619 708 2654 etc.=
732 2630 765 2655 v.
784 2617 874 2656 Gen.
891 2619 1004 2656 xxvii.
1022 2630 1055 2664 4.
1200 2631 1221 2668 3
1245 2622 1463 2667 Siqm'ficant
1478 2627 1620 2658 autem:

162 2672 195 2697 v.
214 2661 378 2698 Macrob.
395 2663 468 2698 Sat.
485 2663 524 2699 1i.
541 2665 562 2700 8
582 2664 600 2711 §
619 2675 640 2710 3
659 2666 719 2712 (ex
737 2664 830 2703 Gell.
849 2666 930 2703 xiii.
950 2678 987 2704 ιι
1010 2666 1052 2714 §§
1072 2668 1106 2710 6,
1123 2667 1173 2713 7).
1322 2679 1333 2704 1
1343 2678 1360 2715 5
1390 2671 1480 2713 Quia
1496 2671 1622 2706 Cesar-e

162 2709 233 2762 etc.
248 2719 257 2744 ε
283 2720 316 2745 v.
333 2707 435 2746 Suet.
453 2712 487 2745 A
539 2737 547 2746 .
565 2712 624 2755 76.
731 2722 771 2757 17
841 2716 994 2751 inaticoa
1009 2716 1068 2750 uel
1082 2717 1293 2761 ripiliones:
1318 2718 1412 2762 ἅπαξ
1428 2719 1620 2760 hymmum

162 2755 247 2792 vide
265 2767 361 2809 quae
378 2755 494 2794 habet
546 2769 689 2805 ucange
705 2771 732 2796 s.
746 2772 779 2797 v.
828 2771 848 2797 e
872 2761 1089 2798 nominibus
1111 2761 1298 2798 similibus
1318 2763 1421 2809 apud
1445 2763 1623 2800 Picardos

162 2801 321 2838 usitatis.
463 2814 508 2839 22
532 2806 628 2841 Nam
644 2810 676 2841 et
691 2807 750 2843 hic
765 2809 835 2845 etc.
853 2819 970 2855 usque
982 2808 1031 2845 ad
1043 2811 1284 2846 commiscuitt
1309 2821 1342 2845 v.
1361 2809 1463 2847 Suet.
1482 2812 1550 2847 Vit.
1569 2821 1620 2856 13.

163 2851 209 2887 26
227 2855 396 2896 paterae:
415 2853 568 2897 patinae
583 2851 685 2889 Suet.

1443 2920 1515 2967 ²⁶9
