1988 3250
181 194 278 228 car.
292 182 396 244 xxx]
686 181 1121 226 POLICRATICVS
1385 199 1387 201 >
1653 182 1737 234 798
1756 192 1787 222 a

179 302 300 346 tione
327 301 614 352 Hebreorum,
633 301 749 344 sicut
778 299 1026 343 Ieronimus
1056 303 1210 344 auctor
1240 304 1318 352 est,
1343 302 1460 345 idem
1486 304 1641 359 penta-

178 371 353 414 nomius
372 370 537 414 extitit.
575 369 734 412 Dictus
753 371 821 411 est
841 368 958 411 enim
974 369 1258 412 Salmanasar
1278 373 1323 412 et
1344 370 1643 414 Sennacherib

178 441 224 483 et
255 438 369 482 Phul
400 442 445 482 et
479 437 645 495 Teglad
680 436 891 480 Phalasar
925 440 971 480 et
1009 437 1192 494 Sargon.
1251 438 1352 480 Nisi
1384 440 1500 481 enim
1532 440 1642 497 poli-

177 509 352 552 nomius
382 507 611 559 habeatur,
640 506 948 549 historicorum
980 505 1171 562 quadam
1204 507 1517 550 contrarietate
1551 509 1642 551 dis-

138 598 158 632 5
177 576 416 620 sidentium
469 575 731 633 quandoque
783 574 1013 618 uacillabit
1062 574 1313 618 auctoritas.
1404 576 1489 618 Hic
1539 591 1644 634 ergo

176 645 374 703 angelico
421 645 570 702 gladio
618 644 811 702 primum
860 643 1073 687 aduersus
1121 643 1364 686 exercitum
1421 659 1527 686 usus
1576 649 1644 688 est

176 714 404 766 Dominus,
425 714 582 758 deinde
605 714 817 756 aduersus
843 713 1029 770 impium
1049 713 1254 755 manibus
1273 713 1480 757 filiorum.
1538 713 1644 771 Ipsa

177 797 350 841 quoque
393 786 556 827 natura
594 784 814 826 uindictas
863 786 1014 840 stupet
1061 781 1286 825 interdum
1327 782 1547 825 Altissimi
1597 787 1643 826 et

176 852 405 896 hominum
435 856 702 910 prouocante
732 852 905 896 malitia
934 851 1158 896 Creatoris
1198 851 1267 894 sui
1298 851 1469 909 legibus
1509 852 1638 894 mira-
1658 856 1687 895 b

117 942 159 968 ιο
175 920 327 964 biliter
364 921 618 978 adquiescit.
699 921 816 964 Hinc
861 923 928 964 est
977 920 1094 978 quod
1137 919 1350 963 aduersus
1400 920 1640 964 Dominum

177 990 558 1049 Nabugodonosor
584 990 878 1034 intumescens
904 993 1060 1033 exacto
1088 989 1319 1046 septennio
1342 989 1529 1032 bestiam
1550 991 1643 1048 egit

176 1062 222 1104 et
241 1060 444 1118 penitens
464 1062 532 1103 est
551 1059 696 1103 denuo
716 1074 918 1103 reuersus
944 1059 990 1102 in
1013 1059 1234 1102 hominem
1256 1059 1387 1101 rebus
1407 1060 1642 1103 restitutus

175 1131 222 1172 et
242 1144 388 1187 regno,
401 1129 504 1172 licet
523 1144 574 1172 eo
594 1129 872 1187 postmodum
893 1128 1104 1172 meruerit
1124 1128 1283 1171 misero
1303 1128 1428 1171 exitu
1449 1129 1642 1186 spoliari.

175 1198 247 1242 Ad
274 1201 475 1256 tempora
500 1200 677 1242 transeo
705 1198 971 1248 Christiana,
992 1198 1200 1255 quoniam
1228 1198 1274 1240 in
1295 1198 1414 1240 omni
1442 1202 1575 1255 gente
1596 1203 1642 1243 et

116 1280 155 1321 15
175 1268 338 1325 populo
364 1267 603 1311 manifesta
631 1271 699 1311 est
722 1267 922 1324 nequitia
951 1267 1228 1310 tirannorum
1249 1272 1295 1310 et
1314 1267 1495 1310 euidens
1515 1282 1640 1326 pena.

175 1337 377 1381 Iulianus
405 1337 509 1380 uilis
538 1340 743 1395 apostata
771 1341 817 1380 et
845 1337 1048 1380 sordidus
1078 1337 1318 1394 imperator
1355 1337 1456 1380 dolo
1490 1338 1639 1395 potius

175 1421 309 1464 quam
338 1407 510 1450 uiribus
539 1409 794 1464 persecutus
824 1410 891 1450 est
916 1406 1157 1456 Christum,
1177 1421 1257 1450 nec
1287 1409 1437 1450 tamen
1467 1408 1639 1452 uiribus

174 1476 452 1534 temperauit.
511 1476 629 1519 Nam
650 1476 734 1519 sub
754 1491 804 1519 eo
823 1476 1087 1534 grauissima
1107 1475 1462 1520 Christianorum
1483 1482 1640 1521 exorta

174 1547 242 1588 est
273 1545 529 1603 persecutio,
563 1545 670 1588 dum
705 1545 876 1596 Galilei,
909 1560 1039 1603 quem
1071 1545 1257 1598 dicebat,
1296 1550 1458 1589 conatu
1501 1546 1639 1604 impio

114 1631 155 1657 ιο
172 1628 333 1657 nomen
381 1613 647 1657 moliebatur
694 1614 965 1671 extinguere.
1048 1613 1214 1657 Verum
1268 1614 1375 1657 dum
1424 1615 1638 1659 aduersus

173 1681 362 1726 Parthos
388 1682 632 1726 infaustam
656 1683 982 1741 expeditionem
1009 1686 1160 1742 ageret
1186 1686 1232 1726 et
1258 1684 1388 1727 idolis
1415 1684 1462 1727 in
1488 1684 1635 1728 reditu
1654 1700 1680 1730 c

172 1765 253 1795 suo
281 1766 362 1809 pro
391 1752 603 1795 sacrificio
631 1752 780 1795 cedem
811 1753 1049 1796 deuoueret
1088 1752 1456 1804 Christianorum,
1486 1754 1637 1811 magni

174 1820 328 1864 Basilii
357 1820 631 1879 aliorumque
660 1825 912 1865 sanctorum
942 1822 1144 1879 precibus
1174 1822 1381 1866 misertus
1410 1826 1478 1866 est
1505 1823 1638 1874 Deus,

174 1889 528 1948 Mercuriumque
547 1891 774 1934 martirem
795 1890 1038 1934 destinauit
1064 1891 1140 1948 qui
1164 1891 1391 1934 tirannum
1413 1893 1459 1934 in
1480 1894 1638 1936 castris

114 1977 155 2011 ¹5
174 1959 383 2003 mandato
422 1960 577 2003 beatae
607 1960 804 2018 Virginis
833 1960 984 2003 lancea
1012 1960 1260 2018 perforauit
1288 1962 1636 2020 morientemque

172 2029 316 2086 coegit
344 2029 529 2086 impium
558 2030 758 2073 confiteri
788 2029 1006 2072 Galileum
1037 2029 1266 2074 Christum
1297 2031 1474 2082 scilicet,
1504 2046 1635 2088 quem

171 2098 528 2155 persequebatur,
551 2113 644 2142 esse
674 2099 886 2142 uictorem
917 2102 962 2142 et
992 2099 1046 2142 de
1075 2114 1121 2142 se
1151 2099 1459 2157 triumphasse.
1519 2100 1634 2145 Cum

172 2166 290 2210 enim
324 2166 551 2224 praefatus
583 2168 811 2226 episcopus
834 2168 985 2211 fideles
1016 2167 1220 2212 Cesariae
1251 2169 1298 2211 in
1331 2170 1510 2213 ecclesia
1536 2186 1634 2228 per-

172 2238 331 2293 petuae
351 2236 548 2294 Virginis
575 2237 803 2294 genitricis
833 2237 915 2280 Dei
946 2242 1254 2295 pernoctantes
1283 2239 1331 2281 in
1360 2240 1635 2282 orationibus

113 2323 156 2358 ³0
172 2305 428 2362 collegisset,
447 2306 543 2363 ipsa
571 2309 698 2350 nocte
722 2307 897 2350 beatam
918 2308 1147 2365 Virginem
1178 2309 1225 2350 in
1255 2308 1425 2352 uisione
1454 2312 1634 2352 sanctus

174 2418 196 2445 2
219 2409 440 2446 senacherib
458 2409 527 2446 cm
669 2420 710 2448 αι
738 2388 859 2458 ydolis
876 2409 980 2447 CRM
1122 2422 1167 2457 24
1192 2414 1397 2459 martyrem
1415 2411 1446 2447 B
1521 2412 1633 2450 desti·

173 2455 282 2492 nauit
299 2456 493 2494 martirem
510 2455 564 2493 Μι
705 2468 753 2504 30
774 2458 962 2496 uisionem
979 2458 1012 2494 A

226 2558 256 2593 1,
289 2558 310 2584 2
346 2551 621 2595 pentanomiue:
657 2550 762 2596 quasi
793 2553 1030 2597 πεντώνυμος;
1066 2564 1099 2589 v.
1132 2551 1288 2589 Hieron.
1325 2553 1456 2589 Comm.
1489 2555 1530 2589 in
1557 2556 1632 2593 lea.

173 2597 298 2632 :ta-xvi.
319 2606 333 2632 1
357 2595 503 2642 (Migne
520 2598 561 2632 P.
580 2598 622 2634 L.
639 2597 736 2634 xxiv.
756 2599 862 2644 38ι);
888 2599 936 2635 cf.
967 2601 1098 2635 Comm.
1124 2602 1165 2635 in
1189 2602 1263 2636 Ina.
1288 2612 1352 2637 xx.
1376 2611 1389 2637 1
1412 2600 1517 2641 (ibid.
1539 2602 1632 2647 188).

176 2653 222 2679 10
245 2645 421 2679 aduersus
439 2645 634 2679 Dominum
651 2647 747 2682 etc.:
771 2658 802 2682 v.
819 2645 913 2682 Dan.
931 2646 978 2682 iv.
999 2648 1044 2683 26
1057 2658 1157 2693 seqq.
1304 2658 1347 2693 19
1374 2649 1511 2684 Gazaca·
1577 2661 1633 2685 em

173 2692 331 2726 dicebat:
363 2702 410 2727 sc.
429 2689 589 2733 Christi:
613 2703 646 2727 v.
673 2691 834 2729 Cassiod.
859 2694 957 2730 Hist.
980 2695 1081 2740 Trip.
1101 2694 1148 2730 vi.
1172 2704 1217 2740 47
1237 2694 1306 2742 (Μ’
1335 2707 1384 2732 ne
1403 2698 1444 2732 P.
1471 2697 1513 2732 L.
1530 2662 1631 2733 lxix.

175 2739 296 2778 1062).
395 2747 450 2780 20,
463 2748 504 2774 21
531 2739 660 2774 Verum
676 2741 762 2775 dum
777 2742 952 2776 adamus
967 2742 1120 2777 Parthos
1136 2744 1229 2778 etc.:
1253 2754 1284 2778 v.
1336 2754 1404 2779 ros.
1422 2742 1482 2779 vii.
1501 2754 1547 2788 30
1563 2742 1581 2790 ξ
1595 2754 1628 2787 ⁴-

173 2794 221 2829 24
238 2787 524 2839 Mercuriumque
545 2787 729 2822 martirem
752 2789 848 2823 etc.:
872 2799 903 2823 v.
934 2789 1003 2823 Vit.
1021 2789 1056 2824 S.
1073 2790 1208 2824 Basilii
1233 2801 1285 2825 cc.
1309 2791 1366 2834 36,
1390 2799 1433 2835 37
1457 2791 1550 2836 (Act.
1568 2792 1630 2827 SS.

173 2831 256 2868 Iun.
274 2832 314 2869 ii.
332 2832 432 2879 944).
573 2842 620 2878 29
642 2834 712 2869 Dei
719 2839 969 2880 pernoctantes
985 2837 1079 2872 etc.:
1103 2847 1135 2872 v.
1153 2835 1242 2873 Luc.
1259 2835 1305 2873 vi.
1329 2847 1380 2874 12.

1457 2893 1521 2934 381
