1988 3250
282 226 355 277 781
373 236 399 268 c
744 227 1005 272 IOANNIS
1049 227 1564 273 SARESBERIENSIS
1663 226 1773 289 [ms.
1787 239 1881 272 vm

411 346 562 390 liuisse
581 347 752 405 peccati
771 348 971 392 indurati
993 350 1207 407 parietem
1227 349 1467 393 uideantur
1487 348 1564 406 qui
1583 348 1882 406 praecipiente

410 415 603 460 Domino
642 416 791 461 fuerat
833 418 1068 463 fodiendus
1114 422 1167 463 ut
1212 422 1363 463 rueret
1408 421 1454 462 et
1499 417 1881 461 abhominationes

409 485 625 542 pessimae
644 501 672 529 a
685 486 815 530 domo
831 487 1011 531 Domini
1027 488 1302 546 disperirent.
1352 487 1416 530 Hi
1437 490 1543 530 sunt
1563 487 1639 544 qui
1659 489 1881 530 consuunt

409 555 632 612 puluillos,
650 556 734 599 sub
746 557 891 614 capite
909 558 1144 602 uniuersae
1164 558 1298 601 etatis
1313 557 1548 601 ceruicalia
1568 559 1878 614 supponentes,

409 626 463 667 ut
482 625 661 682 capiant
681 626 864 680 animoa
885 630 931 670 et
950 627 1018 670 lac
1038 627 1284 681 comedant,
1302 626 1417 670 lanis
1441 626 1700 684 operiantur
1725 626 1878 670 ouium
1897 640 1918 676 5

408 707 520 750 quas
540 694 665 751 quasi
681 694 729 738 in
745 710 948 738 somnum
962 696 1259 754 negligentiae
1274 696 1347 739 uel
1363 695 1571 739 audaciae
1591 695 1879 740 induxerunt.

408 761 500 805 Fur
519 767 670 807 autem
689 765 970 808 conuincitur
990 766 1047 808 ab
1070 766 1277 822 operibus
1300 765 1392 808 suis
1412 765 1518 822 quia
1537 779 1626 807 non
1645 765 1772 808 uenit
1790 764 1879 808 nisi

407 835 460 876 ut
479 832 657 877 furetur
676 837 722 877 et
740 834 912 877 occidat
935 837 981 877 et
1006 837 1171 878 mactet
1191 838 1237 878 et
1255 834 1426 892 perdat.
1485 833 1699 877 Inimicus
1722 834 1879 891 utique

363 903 394 944 d
408 903 677 959 perniciosus
717 906 763 946 et
801 906 982 960 apertus
1020 903 1098 960 qui
1137 918 1217 947 nec
1257 918 1350 946 rem
1393 903 1584 960 pastoris
1622 903 1759 946 habet
1796 918 1877 948 nec

405 971 609 1029 speciem,
630 975 675 1015 et
694 987 774 1015 nec
795 972 851 1015 ad
878 972 1051 1015 lucrum
1081 973 1223 1030 pascit
1243 973 1319 1016 sed
1340 986 1471 1016 suum
1491 972 1664 1017 lucrum
1684 977 1876 1032 reputat,
1895 983 1938 1011 10

404 1041 540 1084 etiam
579 1056 680 1085 cum
719 1041 890 1086 occidit.
970 1041 1142 1085 Pastori
1182 1042 1333 1099 itaque
1371 1042 1559 1085 debetur
1596 1057 1732 1095 amor,
1771 1044 1878 1101 quia

405 1110 577 1169 diligit3
636 1110 937 1155 mercennario
985 1111 1216 1168 patientia,
1265 1112 1371 1169 quia
1418 1111 1599 1156 uidetur
1651 1115 1875 1157 amantem

405 1180 596 1232 imitari3
627 1179 719 1223 furi
739 1194 846 1223 uero
865 1195 954 1223 non
975 1180 1107 1224 debet
1123 1180 1317 1224 Ecclesia
1335 1181 1421 1224 nisi
1442 1196 1613 1239 penam.
1673 1181 1722 1225 Si
1742 1182 1876 1226 sciret

403 1248 727 1306 paterfamilias
754 1262 843 1305 qua
868 1249 979 1292 hora
1005 1248 1082 1292 fur
1107 1250 1293 1301 ueniret,
1313 1250 1524 1308 uigilaret
1542 1250 1698 1307 utique
1719 1253 1765 1294 et
1783 1265 1874 1295 non

403 1318 569 1362 sineret
606 1318 781 1376 perfodi
821 1317 1002 1361 domum
1041 1333 1181 1361 suam.
1252 1318 1414 1362 Vocem
1457 1319 1648 1376 pastoris
1682 1319 1873 1364 audiunt
1893 1330 1934 1366 ¹⁵

402 1401 508 1431 oues
537 1390 584 1431 et
612 1390 860 1445 sequuntur
872 1400 882 1440 3
913 1401 1066 1431 uocem
1095 1388 1386 1432 mercennarii
1415 1388 1641 1432 interdum
1670 1389 1872 1441 audiunt,

401 1456 479 1499 sed
513 1471 631 1509 eum,
666 1457 771 1514 quia
804 1471 894 1499 non
929 1456 1057 1500 uadit
1089 1456 1147 1499 ad
1181 1457 1335 1508 uitam,
1369 1457 1493 1515 sequi
1527 1460 1872 1516 contempnunt3

399 1539 552 1569 uocem
581 1525 695 1569 furis
722 1529 1018 1583 aspernantur
1038 1526 1221 1570 horrent
1247 1529 1293 1570 et
1322 1526 1516 1584 fugiunt,
1533 1527 1638 1584 quia
1662 1526 1710 1569 in
1733 1541 1871 1572 manu

399 1595 494 1638 eius
520 1595 679 1638 uident
699 1598 745 1638 et
772 1595 819 1638 in
847 1609 923 1638 ore
942 1595 1134 1639 audiunt
1158 1610 1292 1653 opera
1312 1596 1493 1648 mortis;
1523 1595 1748 1653 siquidem
1777 1611 1868 1640 non

399 1664 530 1708 modo
562 1664 639 1707 fur
672 1667 740 1708 est
770 1667 816 1708 et
847 1665 963 1708 latro
996 1664 1073 1708 sed
1106 1664 1237 1722 lupus
1268 1680 1420 1723 rapax,
1456 1665 1696 1722 sequipeda
1728 1665 1868 1710 leonis
1888 1678 1933 1706 ao

254 1741 334 1791 782
354 1750 384 1780 a
400 1734 476 1791 qui
516 1733 696 1792 rugiens
734 1734 892 1778 circuit
931 1749 1146 1791 quaerens
1185 1748 1316 1792 quem
1356 1734 1552 1778 deuoret.
1613 1734 1724 1788 Quis
1762 1749 1868 1793 ergo

399 1803 526 1846 illum
565 1818 655 1846 non
694 1803 881 1860 repellat
919 1806 999 1846 aut
1037 1803 1194 1846 saltem
1235 1802 1383 1861 fugiat
1421 1803 1498 1860 qui
1537 1803 1596 1846 ad
1634 1803 1717 1847 hoc
1750 1804 1868 1849 ouile

397 1872 650 1931 ingreditur
668 1875 721 1915 ut
739 1875 904 1915 mactet
923 1875 969 1915 et
988 1872 1188 1917 occidat?
1246 1872 1294 1915 Si
1315 1872 1426 1930 quis,
1447 1872 1687 1930 Apostolus
1706 1873 1866 1931 inquit,

397 1942 698 1999 episcopatum
725 1941 958 1991 desiderat,
978 1941 1143 1984 bonum
1170 1955 1282 1998 opus
1311 1941 1542 1985 desiderat.
1603 1942 1692 1986 Sed
1718 1943 1865 1987 nescio

396 2026 485 2069 quo
510 2014 640 2068 pacto
664 2025 733 2054 res
759 2010 807 2053 in
834 2010 1106 2054 contrarium
1130 2024 1260 2054 uersa
1282 2014 1351 2054 est
1376 2013 1441 2062 ut,
1459 2026 1561 2055 cum
1590 2025 1742 2055 omnes
1769 2011 1863 2056 fere
1882 2028 1924 2065 ιε

395 2080 646 2124 desiderent
676 2080 930 2138 episcopari,
959 2093 1060 2123 cum
1095 2079 1212 2136 quod
1246 2083 1466 2137 appetunt
1497 2080 1647 2138 adepti
1682 2079 1865 2134 fuerint,

394 2149 487 2194 otio
513 2152 734 2203 marcent;
763 2152 854 2200 aut,
881 2148 999 2206 quod
1028 2149 1204 2206 turpius
1234 2152 1313 2202 est,
1337 2149 1384 2192 in
1413 2150 1630 2194 uanitatis
1658 2150 1866 2209 operibus

394 2222 679 2277 occupantur.
753 2218 934 2272 Quanta
976 2221 1182 2262 curratur
1226 2219 1467 2263 ambitione
1516 2220 1639 2264 uolui
1684 2219 1864 2278 quidem

395 2289 598 2346 superius
627 2287 715 2339 sed,
744 2290 797 2331 ut
821 2302 866 2331 se
894 2302 963 2330 res
994 2287 1139 2338 habet,
1170 2287 1297 2344 plene
1327 2303 1416 2332 non
1446 2289 1571 2347 potui
1601 2289 1864 2347 explanare3

395 2361 441 2400 et
461 2357 660 2415 profecto
679 2371 811 2414 quam
833 2356 1054 2399 inutiliter
1073 2356 1203 2399 multi
1224 2361 1460 2401 uersentur
1478 2358 1526 2401 in
1545 2359 1688 2416 gradu
1708 2362 1863 2416 optato
1881 2373 1926 2409 3⁰

396 2426 562 2470 referre
592 2426 813 2469 difficilius
842 2428 1008 2483 potero.
1067 2425 1215 2469 Vnum
1246 2429 1396 2470 tamen
1425 2427 1526 2478 scio,
1556 2427 1661 2485 quia
1691 2442 1780 2471 non
1810 2442 1864 2472 ea

394 2533 415 2560 2
442 2522 745 2560 abominationes
762 2523 794 2558 A
934 2532 956 2567 4
980 2521 1238 2569 subponentes
1254 2522 1355 2559 ASM
1475 2524 1498 2561 8
1523 2526 1566 2561 ut
1583 2536 1651 2562 om.
1669 2523 1694 2562 S
1817 2525 1862 2564 16

392 2573 572 2607 secuntur
589 2570 614 2607 8
755 2580 800 2616 23
825 2569 1025 2616 Apostolus
1041 2582 1107 2606 om.
1128 2569 1153 2606 S
1295 2581 1341 2618 29
1366 2583 1425 2610 res
1441 2583 1480 2609 ne
1497 2571 1530 2608 A

487 2654 550 2698 qm·
566 2657 741 2687 consuunt
758 2652 853 2688 etc.:
878 2662 909 2688 v.
931 2649 1063 2687 Ezech.
1082 2650 1160 2687 xiii.
1185 2653 1238 2688 18.
1440 2661 1458 2699 5
1485 2653 1543 2689 lac
1559 2654 1743 2690 comedant
1759 2655 1830 2692 eto.
1847 2663 1858 2691 t

393 2709 424 2734 v.
442 2661 577 2735 ffizech.
597 2699 719 2735 xxxiv.
739 2709 772 2744 3.
940 2707 960 2743 7
986 2700 1067 2735 Fur
1081 2705 1201 2734 autem
1217 2702 1288 2736 etc.
1305 2712 1314 2735 :
1338 2710 1372 2735 v.
1392 2699 1522 2736 Ioann.
1540 2711 1574 2735 x.
1599 2711 1650 2737 10.
1815 2710 1857 2748 13

390 2747 434 2783 Sc
449 2749 552 2782 noir-et
569 2749 667 2783 etc.:
696 2745 784 2783 Luc.
803 2744 867 2782 xii.
886 2755 941 2791 39.
1117 2756 1127 2781 ι
1189 2748 1309 2782 Vocem
1326 2749 1485 2793 pastoris
1500 2749 1596 2786 etc-2
1622 2759 1654 2784 v.
1673 2747 1803 2785 Ioann.
1821 2759 1857 2786 x.

391 2804 412 2840 3
426 2805 529 2840 seqq.
724 2804 771 2830 20
793 2794 908 2829 leonia
925 2795 1022 2830 etc.:
1048 2805 1079 2829 v.
1102 2804 1115 2830 1
1138 2755 1236 2830 i'etr.
1256 2806 1289 2831 v.
1310 2795 1342 2830 8.
1536 2805 1582 2849 ²³
1608 2796 1649 2831 si
1664 2798 1744 2841 quia
1761 2796 1857 2833 eta:

395 2851 407 2878 ι
428 2840 524 2877 Tim.
543 2840 596 2877 iii.
619 2850 648 2877 ι.
805 2850 861 2886 27,
881 2841 924 2878 28
951 2846 1119 2883 marcent.
1138 2846 1379 2887 occupantur3
1404 2840 1630 2879 Accuratms
1645 2841 1856 2890 scripsisset

389 2894 583 2932 marceant,
600 2893 827 2935 occupentur.
973 2898 1019 2936 29
1043 2891 1231 2935 cuper-ius:
1258 2900 1288 2925 v.
1307 2900 1421 2937 supra
1437 2889 1498 2926 vii.
1525 2899 1578 2937 19.

499 2953 563 2988 36²
