1988 3250
160 231 260 265 oar.
274 217 376 279 xm]
667 217 1107 263 POLICRATICVS
1645 218 1729 270 674
1748 230 1780 259 a

158 353 375 398 pecorum,
414 340 460 382 et
497 337 670 382 uariam
712 337 868 380 mundi
914 335 1231 394 supellectilem
1271 336 1499 393 (quoniam
1545 352 1626 395 per

158 407 334 465 singula
363 421 539 450 currere
569 406 687 449 uires
716 405 935 448 humanas
965 405 1156 460 excedit)
1188 405 1387 462 plerique
1416 407 1628 463 pecuniae

158 475 417 535 praeferunt
437 478 482 519 et
500 475 641 518 totius
660 475 853 518 hominis
872 474 991 517 uires
1016 474 1290 517 exhauriunt
1316 475 1364 517 in
1390 475 1626 532 adquiren-

159 546 228 590 dis
256 545 326 589 his
355 548 436 588 aut
465 544 678 588 tenendis.
739 544 856 586 Nam
887 544 934 586 in
965 543 1035 586 his
1066 544 1239 587 duobus
1267 544 1469 587 articulis
1500 544 1627 588 furor
1643 551 1673 590 b

122 615 298 677 5totius
323 614 539 658 auaritiae
565 615 740 657 constat
769 613 887 670 quod
917 613 1253 656 immoderatius
1281 614 1455 671 appetit
1481 614 1627 657 aliena

158 687 239 728 aut
267 698 348 728 sua
373 684 572 727 tenacius
599 685 776 736 seruat3
806 686 852 726 et
879 682 1057 739 quidem
1088 683 1424 727 immoderatius
1453 684 1627 740 appetit

158 753 357 812 quisquis
388 753 506 810 quod
538 753 671 803 deest,
702 752 844 810 legem
876 752 1152 795 necessitatis
1187 752 1403 796 excedens
1433 755 1479 795 et
1508 767 1627 803 usus,

157 823 365 880 exposcit.
424 822 649 865 Tenentur
660 836 834 879 quoque
850 821 1026 864 auidius
1041 837 1154 878 quae
1170 822 1270 864 usui
1286 822 1626 865 subtrahuntur.

159 891 224 936 Ea
242 906 361 943 uero,
380 906 492 949 quae
512 891 607 934 sine
627 906 711 934 usu
730 891 1052 948 possessoribus
1072 891 1321 941 elabuntur,
1341 891 1520 934 inutilia
1540 892 1626 934 sibi

102 980 144 1006 ιο
159 976 251 1006 esse
267 961 365 1018 quis
379 961 580 1005 dubitat?
619 960 871 1003 Auaritiam
887 960 960 1003 uel
976 975 1032 1003 ex
1048 975 1099 1003 eo
1115 975 1204 1003 non
1220 960 1349 1003 modo
1366 960 1626 1017 fugiendam

157 1030 234 1074 sed
254 1030 559 1074 detestandam
580 1033 754 1073 constat
774 1029 892 1086 quod
913 1044 940 1072 a
959 1029 1194 1073 celestibus
1214 1030 1366 1086 procul
1387 1033 1628 1073 sectatores

156 1114 270 1151 suos,
299 1114 327 1142 a
363 1099 582 1144 consortio
621 1099 875 1141 diuinitatis
915 1102 961 1142 et
995 1113 1080 1141 usu
1119 1099 1292 1142 celestis
1322 1099 1627 1150 beatitudinis,

156 1171 355 1213 remouet
377 1172 423 1212 et
449 1169 637 1226 elongat.
700 1168 862 1211 Omnia
888 1168 1119 1225 siquidem,
1140 1183 1227 1225 quo
1254 1169 1490 1212 celestibus
1516 1170 1624 1212 uici-

156 1238 284 1282 niora
310 1241 427 1290 sunt,
450 1238 597 1280 minus
626 1238 814 1295 cupiunt
840 1240 886 1281 et
915 1242 1187 1296 congregant
1213 1239 1432 1295 pauciora.
1493 1239 1625 1283 Vola·

101 1322 142 1359 15
159 1308 258 1352 tilia
289 1307 371 1352 celi
408 1322 550 1365 neque
583 1310 737 1351 serunt
771 1322 914 1364 neque
948 1310 1126 1371 metunt
1163 1322 1306 1364 neque
1339 1312 1447 1351 nent
1481 1324 1624 1366 neque

157 1381 428 1436 congregant
458 1378 505 1420 in
537 1377 706 1420 horreis
737 1392 816 1421 nec
848 1391 1011 1434 penum
1043 1380 1309 1421 construunt
1340 1377 1416 1420 sed
1448 1393 1623 1421 omnem
1642 1390 1667 1420 c

156 1447 399 1492 excludunt
444 1446 785 1490 sollicitudinem
831 1447 1028 1491 crastini.
1102 1447 1139 1489 E
1178 1450 1333 1490 contra
1382 1462 1530 1491 mures
1578 1452 1625 1491 et

156 1517 333 1575 reptilia
350 1519 594 1575 congerunt
614 1516 660 1559 in
682 1516 909 1568 futurum;
941 1519 985 1560 et
1006 1517 1313 1574 generationes
1333 1518 1627 1574 perhibentur

157 1601 249 1630 esse
279 1587 439 1644 quibus
469 1588 590 1629 terra
622 1589 689 1629 est
728 1586 775 1628 in
815 1586 987 1638 cibum;
1027 1589 1072 1630 et
1102 1587 1255 1630 eodem
1285 1601 1416 1643 parce
1449 1587 1625 1637 uiuunt,

22 1671 23 1674 ¹
98 1671 142 1698 πο
157 1655 364 1699 timentes
383 1670 439 1699 ne
459 1655 636 1713 quando
656 1655 719 1698 eis
738 1659 858 1698 terra
885 1655 1074 1706 deficiat,
1093 1655 1140 1698 in
1168 1670 1301 1712 quam
1327 1660 1477 1698 tamen
1503 1656 1624 1713 ipsae

156 1725 443 1783 proculdubio
474 1725 765 1768 resoluentur.
822 1724 1000 1768 Sentiat
1031 1726 1336 1782 unusquisque
1364 1726 1482 1782 quod
1512 1726 1626 1776 uult,

155 1809 236 1853 ego
255 1809 439 1838 auarum
465 1809 590 1852 posse
610 1794 706 1837 fieri
730 1797 976 1851 compotem
998 1795 1094 1837 uoti
1116 1809 1205 1837 non
1227 1795 1369 1846 credo,
1394 1796 1481 1838 nisi
1507 1796 1625 1840 forte

155 1866 202 1908 et
221 1863 436 1922 Epicurus
457 1863 709 1906 famelicum
730 1866 776 1906 et
795 1863 871 1906 siti
892 1864 1067 1906 aridum
1090 1867 1135 1907 et
1156 1864 1442 1921 languentem
1469 1866 1625 1922 plenae

155 1933 399 1991 uoluptatis
428 1932 700 1976 iocunditate
733 1932 824 1976 frui
852 1934 1112 1977 consentiat.
1173 1934 1403 1991 Siquidem
1436 1939 1625 1992 uterque

98 2020 141 2055 ος
157 2001 384 2046 famelicus
419 2005 498 2054 est,
529 2002 606 2046 sed
637 2002 924 2060 perniciosius
964 2004 1104 2046 esurit
1139 2018 1302 2046 auarus
1338 2004 1414 2061 qui
1450 2019 1625 2062 semper

156 2071 327 2130 indiget
345 2075 390 2116 et
410 2072 563 2115 satiari
583 2087 673 2116 non
692 2075 849 2130 potest.
909 2073 1052 2116 Maior
1068 2073 1185 2115 enim
1207 2076 1274 2116 est
1294 2074 1445 2116 hiatus
1460 2075 1624 2117 mentis

111 2147 115 2150 '
156 2155 288 2199 quam
326 2142 542 2198 corporis;
581 2146 637 2193 et,
667 2142 754 2185 nisi
793 2142 986 2200 seipsum
1022 2143 1144 2186 Deus
1183 2143 1407 2194 infundat,
1441 2144 1623 2187 omnino

155 2211 310 2268 nequit
323 2210 507 2268 impleri.
555 2211 687 2263 Nam,
700 2226 799 2255 cum
815 2215 978 2255 natura
993 2212 1240 2269 spiritualis
1255 2213 1426 2255 uirtute
1442 2214 1622 2270 propria

156 2279 218 2324 sic
232 2280 474 2337 corporalia
488 2281 831 2337 comprehendat
851 2284 902 2324 ut
918 2281 1042 2324 nulla
1058 2282 1311 2338 quantitate
1328 2282 1621 2333 distendatur,
1638 2286 1668 2327 d

99 2365 140 2400 30
156 2362 236 2392 nec
255 2363 324 2392 res
342 2363 433 2392 una
451 2349 545 2393 loco
566 2353 884 2408 praeoccupato
905 2351 1089 2394 alterius
1109 2351 1427 2409 impedimento
1450 2352 1511 2395 sit
1534 2368 1623 2410 quo

162 2495 176 2522 1
203 2485 504 2530 suppellectilem
522 2487 554 2523 A
651 2498 692 2532 13
719 2487 811 2533 quo]
829 2488 930 2534 quod
942 2488 1064 2525 CBAS
1174 2499 1216 2536 19
1241 2490 1374 2527 eadem
1391 2488 1436 2525 A¹
1453 2503 1462 2526 ε
1488 2491 1621 2529 eedem

156 2531 306 2569 A’SM':
332 2533 452 2570 eidem
469 2532 524 2570 Μι
666 2536 711 2571 28
737 2535 880 2582 nequid
896 2535 930 2572 A

207 2670 261 2704 14,
283 2669 323 2706 15
354 2663 523 2699 Volatizia
539 2665 604 2699 celi
619 2666 716 2701 etc.:
741 2677 773 2700 v.
792 2659 904 2703 Matt.
922 2666 969 2703 vi.
987 2668 1043 2704 26.
1272 2676 1313 2711 17
1339 2668 1620 2703 sollicitudinem

157 2709 330 2744 crastini:
353 2719 385 2744 v.
398 2708 510 2746 Matt.
528 2709 575 2747 vi.
593 2722 649 2757 34.
815 2723 858 2757 19
882 2716 1022 2750 eodem:
1046 2726 1094 2750 sc.
1112 2716 1197 2751 m'bo.
1340 2716 1385 2751 28
1412 2716 1519 2758 Nam,
1538 2728 1619 2751 cum

156 2759 292 2790 natura
307 2756 510 2800 spiritualis
524 2760 618 2794 etc.:
645 2759 693 2796 cf.
710 2759 805 2807 Aug.
822 2762 866 2796 de
885 2762 972 2798 Gen.
997 2764 1046 2797 ad
1063 2764 1150 2798 Litt.
1168 2760 1234 2798 xii.
1253 2774 1285 2799 c.
1303 2772 1370 2808 235
1395 2767 1519 2798 contra
1543 2764 1616 2808 Ep.

157 2802 316 2837 Manich.
334 2813 366 2839 c.
386 2811 452 2857 ῃς
478 2806 522 2840 de
535 2807 674 2841 Anima
691 2812 723 2842 et
738 2809 815 2843 eius
833 2809 930 2855 Θήρ.
948 2808 996 2846 iv.
1018 2818 1059 2854 17
1079 2809 1096 2857 ξ
1124 2818 1167 2856 25
1189 2809 1334 2857 (Migne
1354 2811 1398 2845 P.
1423 2811 1470 2847 L.
1495 2810 1619 2847 xxxiv.

158 2857 228 2895 473
241 2859 329 2895 seq„
345 2849 425 2886 xhi.
446 2851 509 2898 185
522 2863 610 2898 seq„
627 2852 714 2891 xliv.
733 2856 830 2901 539).

1446 2937 1511 2972 159

1456 2978 1464 2992 D
