1988 3250
179 205 278 242 car.
293 191 406 254 3111]
697 190 1133 236 POLICRATICVS
1663 191 1748 240 667
1766 191 1796 230 b

178 314 283 359 fidei
313 312 680 370 interpretatione
706 314 944 368 retorquet.
1009 310 1196 367 Ineptus
1216 310 1334 353 enim
1356 314 1423 354 est
1445 311 1520 368 qui
1541 311 1646 355 scri·

177 382 332 441 pturis,
340 397 368 424 a
380 381 540 438 quibus
551 379 838 423 instruendus
854 382 932 429 est,
939 378 1113 435 appetit
1129 378 1347 420 dominari
1361 382 1407 422 et
1418 380 1646 436 captiuato

175 466 306 497 sensu
336 465 488 494 earum
516 449 574 492 ad
601 449 875 492 intellectum
895 462 1024 490 suum
1041 462 1116 490 eas
1136 447 1300 490 nititur
1319 449 1496 491 trahere
1517 463 1644 505 repu-

175 523 374 579 gnantes.
434 519 552 562 Nam
579 518 627 561 in
647 518 710 561 eis
735 531 944 574 quaerere
969 516 1087 573 quod
1107 531 1196 559 non
1217 517 1395 566 habent,
1415 518 1645 574 proprium

138 607 158 642 5
177 604 352 635 sensum
391 588 621 631 obstruere
656 589 735 637 est,
767 601 856 628 non
886 585 1112 628 addiscere
1142 585 1348 628 alienum.
1409 586 1569 628 Nonne
1599 590 1646 629 et

176 658 490 715 discipulorum
517 657 632 700 oculi
662 656 931 699 tenebantur
960 669 1016 697 ne
1047 654 1311 711 sapientiam
1342 669 1455 710 quae
1485 670 1558 698 eos
1588 670 1645 698 ex

119 746 128 756 ‘
175 727 331 772 ardore
369 726 664 770 comitabatur
702 726 1002 781 agnoscerent,
1033 724 1138 780 quja
1172 723 1290 766 tardi
1327 727 1456 766 erant
1490 724 1546 766 ad
1577 724 1643 766 in-

176 796 465 854 telligendum
494 809 607 852 quae
636 793 878 852 prophetae
907 793 1214 849 loquebantur,
1240 796 1501 848 quaerentes
1526 794 1644 850 quod
1663 809 1687 837 c

175 867 329 911 aberat
342 880 369 908 a
380 864 604 908 mentibus
619 863 935 920 prophetarum
952 865 997 904 et
1013 876 1102 904 non
1119 862 1401 904 attendentes
1414 861 1645 905 Christum

119 950 160 976 10
177 935 253 993 qui
286 935 454 978 latebat
484 934 531 976 in
564 933 744 976 littera?
805 931 893 974 Sed
926 931 1031 988 quia
1060 931 1261 974 caritatis
1291 931 1466 974 ardenti
1497 931 1647 974 studio

175 1004 445 1062 quaerebant
464 1002 582 1060 quod
608 1001 789 1051 latebat,
811 1001 1042 1058 Sapientia
1062 1015 1174 1057 quae
1195 1001 1495 1057 quaerebatur
1515 1001 1646 1043 affuit

175 1076 222 1117 et
240 1073 416 1130 aperuit
435 1072 582 1116 oculos
603 1086 756 1114 eorum
776 1074 829 1113 ut
850 1070 1152 1126 intelligerent
1176 1069 1432 1126 Scripturas
1452 1073 1498 1113 et
1518 1085 1644 1112 suam

174 1141 271 1186 uiso
313 1141 503 1184 Domino
551 1142 791 1198 arguerent
837 1139 1111 1183 tarditatem.
1171 1138 1245 1182 Sic
1295 1139 1414 1182 enim
1463 1139 1644 1196 prodest

176 1210 414 1268 quaerendi
448 1210 658 1259 studium,
693 1209 731 1252 si
765 1208 960 1251 auiditas
994 1208 1091 1264 ipsa
1130 1208 1295 1251 sciendi
1329 1208 1552 1251 referatur
1586 1208 1644 1251 ad

119 1294 159 1329 ¹5
177 1279 418 1325 Christum.
475 1279 563 1323 Sed
584 1293 663 1322 nec
693 1278 786 1335 ipse
815 1278 901 1320 nisi
926 1278 973 1320 in
1003 1278 1219 1320 fractione
1240 1278 1368 1334 panis
1388 1278 1645 1334 agnoscitur

175 1349 281 1407 quia
318 1364 442 1392 mens
481 1348 824 1406 Scripturarum‚
854 1346 940 1389 nisi
981 1346 1164 1390 refectio
1199 1347 1302 1390 fidei
1346 1350 1427 1389 aut
1469 1361 1642 1389 morum

174 1418 305 1462 detur
342 1418 528 1471 animae,
562 1418 742 1461 omnino
782 1431 871 1459 non
909 1417 1101 1460 uidetur.
1181 1416 1392 1473 Quisquis
1427 1416 1545 1459 enim
1585 1416 1643 1459 ad

173 1488 449 1545 uoluptatem
479 1502 605 1531 suam
635 1486 802 1544 ingenii
832 1489 914 1529 aut
944 1486 1082 1529 studii
1112 1486 1285 1528 uiribus
1307 1486 1642 1543 Scripturarum

173 1556 476 1614 integritatem
504 1558 757 1613 attemptat,
783 1555 910 1612 quasi
947 1570 975 1598 a
1006 1556 1198 1598 sacrario
1234 1555 1536 1612 philosophiae
1566 1570 1641 1598 ex·

115 1642 159 1668 ao
174 1625 330 1677 clusus,
354 1626 412 1669 ab
442 1625 738 1683 intelligentia
767 1626 862 1668 ueri
890 1625 1061 1668 alienus
1086 1628 1222 1668 extat.
1284 1625 1402 1668 Nam
1428 1629 1474 1668 et
1503 1626 1641 1670 Sodo-
1659 1627 1688 1668 d

173 1695 320 1746 mitae,
358 1695 465 1738 dum
513 1695 693 1752 angelos
741 1698 1015 1752 correptores
1064 1695 1262 1737 malitiae
1307 1699 1353 1738 et
1397 1695 1485 1738 uiri
1534 1696 1642 1738 iusti

173 1764 368 1822 hospites
402 1779 681 1822 corrumpere
712 1764 963 1815 uoluerunt,
993 1765 1179 1808 cecitate
1214 1765 1409 1822 percussi
1440 1768 1556 1815 sunt,
1586 1770 1641 1816 et,

173 1834 289 1878 circa
326 1834 540 1891 parietem
584 1834 852 1884 aberrantes,
892 1834 1115 1891 palpando
1159 1834 1206 1876 in
1253 1834 1448 1883 meridie,
1483 1835 1643 1878 crassis

174 1903 368 1948 tenebris
396 1903 609 1955 obuoluti,
640 1903 758 1946 iusto
793 1903 876 1946 Dei
916 1904 1080 1946 iudicio
1120 1904 1336 1946 submersi
1376 1907 1495 1947 sunt.
1554 1904 1641 1955 Sic,

117 1988 159 2024 ²5
176 1971 282 2015 dum
309 1972 414 2015 elati
444 1976 489 2016 et
518 1972 701 2030 maligni
736 1972 945 2016 oberrant
972 1973 1030 2016 ad
1059 1973 1274 2030 parietem
1296 1973 1640 2030 Scripturarum‚

174 2055 349 2085 sensum
380 2041 565 2092 fidelem,
595 2042 671 2099 qui
703 2042 750 2084 in
781 2042 911 2086 domo
944 2042 1167 2100 simplicis,
1197 2057 1297 2085 cum
1333 2057 1421 2099 quo
1455 2046 1523 2086 est
1551 2058 1640 2086 ser·

174 2110 410 2154 mocinatio
435 2110 519 2154 Dei
545 2113 592 2155 et
618 2111 694 2168 qui
721 2115 1015 2169 correptorem
1043 2112 1241 2155 malitiae
1267 2112 1394 2155 uidet
1419 2112 1640 2169 angelum,

176 2193 264 2222 non
284 2179 535 2237 adtingunt.
579 2181 779 2238 Angelus
798 2181 1017 2238 siquidem
1039 2181 1272 2238 Scriptura
1291 2185 1370 2231 est,
1391 2196 1524 2238 quam
1545 2181 1641 2225 Deo

174 2248 379 2292 mittente
410 2252 584 2292 constat
618 2250 674 2293 ad
709 2250 1022 2308 increpandam
1062 2251 1281 2294 malitiam
1320 2251 1551 2294 hominum
1592 2252 1639 2294 in

117 2335 161 2370 30
175 2317 329 2360 mundi
378 2318 613 2362 Sodomam
662 2320 946 2364 descendisse.
1023 2321 1202 2371 Audite,
1247 2321 1407 2378 inquit,
1450 2322 1638 2363 uerbum

175 2385 366 2440 Domini,
384 2387 603 2445 principes
623 2388 938 2442 Sodomorum3
967 2390 1151 2433 auribus
1171 2390 1347 2448 percipe
1369 2390 1507 2434 uerba
1527 2404 1638 2442 mea,

175 2509 197 2536 2
223 2500 347 2546 apetit
362 2500 496 2538 CB¹AS
636 2513 659 2547 4
683 2502 744 2539 his
760 2502 800 2539 M
916 2514 960 2540 10
983 2503 1160 2541 karitatis
1178 2504 1203 2542 S
1303 2515 1345 2551 13
1371 2506 1580 2551 arguerunt
1599 2504 1639 2540 M

179 2556 223 2593 19
246 2550 434 2594 atemptat
450 2548 547 2586 013¹:
574 2551 724 2597 ateptat
741 2549 766 2586 S
876 2551 1127 2599 phylosophia
1145 2552 1184 2588 M
1353 2562 1397 2598 23
1423 2552 1588 2599 parietes
1606 2553 1639 2588 A

227 2659 256 2696 5,
273 2652 297 2687 6
321 2653 448 2688 Nonne
463 2658 495 2688 et
511 2655 769 2699 discipulorum
786 2656 858 2692 etc.
875 2665 884 2691 :
909 2667 942 2692 v.
962 2655 1051 2692 Luc.
1069 2656 1166 2693 xxiv.
1189 2667 1229 2702 13
1241 2668 1343 2703 seqq.
1510 2667 1567 2698 20,
1590 2666 1632 2692 21

175 2698 273 2734 Nam
287 2703 320 2734 et
335 2699 534 2736 Sodomitae
549 2702 619 2737 etc.
634 2711 643 2736 ε
669 2713 702 2738 v.
720 2702 812 2739 Gen.
831 2701 906 2738 xix.
1049 2705 1106 2748 26,
1125 2713 1168 2748 27
1193 2706 1381 2750 simplicis,
1398 2716 1478 2739 cum
1494 2716 1562 2750 quo
1588 2710 1637 2738 est

175 2746 422 2782 sermocinatio
439 2749 510 2782 Dei
520 2757 529 2783 τ
554 2759 587 2783 v.
604 2747 710 2784 Prov.
727 2749 784 2785 iii.
799 2759 855 2796 32.
1024 2759 1068 2794 27
1095 2756 1127 2786 et
1142 2753 1206 2798 qm·
1222 2755 1293 2788 etc.
1311 2763 1320 2787 :
1348 2751 1396 2788 cf.
1413 2751 1525 2787 Num.
1545 2750 1634 2786 xxii.

178 2800 223 2836 23
240 2803 351 2838 seqq„
371 2793 415 2828 de
433 2793 540 2830 asina
556 2794 724 2832 Balaam.
885 2807 932 2842 30
955 2799 1091 2833 Audite
1106 2801 1197 2834 etos
1222 2811 1253 2834 v.
1270 2799 1315 2835 Is.
1329 2798 1355 2834 i.
1375 2809 1427 2835 10.
1590 2808 1631 2844 31

176 2841 328 2875 auribus
340 2842 484 2887 percipe
499 2843 608 2878 uerba
623 2854 722 2879 mea:
742 2845 917 2890 percipite
933 2847 1084 2880 auribus
1099 2847 1207 2892 leyem
1223 2847 1295 2882 Dei
1309 2849 1426 2883 nostri
1439 2845 1552 2892 Vulg.

1465 2909 1525 2942 ¹47
