1988 3250
105 234 204 269 ω.
218 189 312 283 ιῖιι]
428 242 434 251 ·
560 183 1070 267 ⁴15³0'1210‘RA'movs*
1588 221 1681 262 606
1701 222 1730 260 ι,

162 343 353 387 Militem
379 355 484 400 ergo
513 342 561 386 in
590 336 796 386 omnibus
824 341 895 386 his
921 356 1035 399 quae
1064 341 1122 384 ad
1151 345 1319 385 statum
1348 343 1574 400 publicum

104 413 332 472 pertinent
357 411 495 456 nichil
521 411 702 456 omnino
722 414 941 469 temptare
961 411 1065 455 licet
1083 411 1171 454 nisi
1198 402 1323 455 ducis
1349 413 1472 455 iussu
1502 412 1575 455 uel

103 482 284 527 licentia
313 481 431 538 quod
461 481 555 539 ipse
584 480 838 524 faciendum
867 480 1114 524 decreuerit
1145 480 1388 532 roboretur.
1447 481 1576 525 Vnde

106 551 155 595 hi
192 551 464 609 plerumque,
498 550 575 607 qui
614 549 777 594 ducum
821 553 1074 607 contempto
1107 549 1180 593 uel
1215 564 1305 592 non
1344 554 1577 606 expectato

67 635 88 674 ε
105 620 291 678 imperio
324 611 657 677 congredientes
695 633 796 663 cum
836 619 963 663 hoste
1002 614 1066 662 rei
1107 619 1308 676 puincae
1343 619 1577 663 uictoriam

104 689 401 740 contulerunt,
415 703 545 746 saepe
559 703 648 731 non
663 691 757 732 tam
777 689 965 746 gloriam
980 688 1170 732 assecuti
1189 691 1297 731 sunt
1316 688 1371 731 de
1390 688 1577 732 uictoria
1594 700 1620 730 c

106 773 239 817 quam
278 759 334 802 de
372 758 624 801 temeritate
663 758 735 801 uel
775 758 1049 816 negligentia
1086 773 1258 815 penam.
1318 757 1437 811 Quid
1473 772 1578 815 ergo

105 827 349 872 merebitur
379 826 616 884 transfuga
645 826 908 870 stationisue
942 827 1151 880 desertor,
1186 827 1224 887 si
1260 842 1316 870 ex
1345 827 1580 884 disciplina

105 897 291 941 militari
321 899 450 941 tanta
478 897 718 940 seueritate
747 896 988 954 corripitur
1016 897 1348 954 triumphator?

48 970 102 1010 10‘
164 967 222 1011 In
252 966 700 1024 Strategemmatibus
730 966 837 1009 Iulii
867 966 1098 1009 inuenitur
1127 966 1358 1011 Clearcum
1391 965 1578 1009 Lacede-

106 1035 355 1080 moniorum
401 1035 557 1079 ducem
603 1035 768 1079 dixisse
814 1036 1126 1092 imperatorem
1169 1035 1383 1079 exercitui
1429 1034 1579 1092 potius

35 1119 42 1128 ‘
107 1105 354 1149 timendum
375 1119 468 1149 esse
487 1119 620 1162 quam
636 1105 820 1156 hostem,
836 1119 887 1148 eo
907 1105 1024 1162 quod
1045 1105 1121 1162 qui
1143 1105 1189 1148 in
1210 1105 1376 1162 praelio
1396 1104 1578 1147 dubiam

106 1178 295 1219 mortem
333 1166 588 1226 timuerant,
624 1189 697 1218 eos
736 1174 927 1218 statione
967 1174 1122 1218 relicta
1159 1178 1330 1218 certum
1370 1174 1579 1217 manebat

108 1244 385 1302 supplicium.
456 1244 618 1288 Lucius
658 1243 855 1301 Papilius
893 1242 1059 1287 Cursor
1099 1243 1286 1286 Fabium
1327 1243 1580 1300 Ruptilium

0 1357 6 1366 ,.
50 1327 92 1364 ¹⁵
110 1314 372 1372 magistrum
406 1314 618 1371 equitum,
650 1313 768 1371 quod
799 1313 1013 1356 aduersus
1046 1314 1216 1356 dictum
1248 1314 1343 1356 eius
1375 1312 1580 1370 quamuis

107 1397 315 1442 prospere
334 1387 624 1442 pugnauerat,
644 1383 786 1441 uirgis
809 1383 1009 1440 poposcit
1034 1397 1208 1426 caesum
1236 1383 1377 1426 securi
1404 1397 1579 1440 percus-

77 1447 82 1451 *
107 1467 238 1497 surus
251 1467 262 1506 ;
315 1467 395 1497 nec
441 1452 715 1497 contentioni
758 1456 838 1496 aut
877 1452 1081 1510 precibus
1124 1452 1318 1495 militum
1365 1452 1581 1508 concessit

109 1516 548 1575 animaduersionem,
564 1537 752 1580 eumque
772 1522 1101 1579 profugientem
1117 1522 1303 1564 Romam
1323 1527 1579 1579 persecutus
1595 1523 1625 1563 d

12 1643 13 1646 Ἴ
111 1596 202 1646 est;
230 1607 286 1636 ne
317 1592 379 1636 ibi
410 1592 587 1650 quidem
616 1592 798 1636 remisso
827 1592 951 1650 prius
981 1592 1186 1649 supplicii
1213 1595 1335 1635 metu
1363 1606 1496 1648 quam
1524 1591 1582 1635 ad

1 1700 8 1711 ,
51 1679 96 1704 20
111 1677 259 1721 genua
290 1662 385 1706 eius
417 1665 463 1706 et
493 1661 658 1705 Fabius
686 1676 787 1706 cum
817 1665 944 1720 patre
974 1662 1312 1719 prouolueretur
1341 1665 1386 1706 et
1416 1663 1585 1719 pariter

4 1734 6 1738 ’
110 1734 292 1790 senatus
311 1745 362 1775 ac
381 1731 571 1789 populus
591 1734 812 1789 rogarent.
874 1731 933 1774 Et
952 1746 1008 1774 ne
1028 1746 1129 1774 eum
1153 1731 1306 1775 credas
1326 1732 1407 1775 hoc
1429 1731 1585 1775 fecisse

111 1814 168 1844 ex
187 1799 288 1843 odio
307 1799 600 1858 praecedenti,
613 1800 803 1850 Mallius,
819 1800 890 1843 cui
910 1800 1154 1857 Imperioso
1169 1804 1322 1858 postea
1342 1815 1585 1858 cognomen

111 1868 214 1920 fuit,
228 1869 383 1925 filium,
396 1869 513 1927 qu'od
533 1869 572 1913 is
592 1873 747 1913 contra
767 1869 960 1913 edictum
981 1870 1123 1927 patris
1144 1885 1244 1913 cum
1265 1870 1391 1913 hoste
1412 1885 1584 1928 pugna-

13 1997 17 2001 Α
112 1941 252 1991 uerat,
264 1939 695 1997 quamuis-uictorem
710 1939 758 1982 in
773 1942 1009 1996 conspectu
1023 1940 1243 1983 exercitus
1256 1940 1395 1997 uirgis
1410 1955 1586 1983 caesum
1639 1931 1643 1934 ⁴

15 2047 17 2050 ⁴
55 2023 96 2060 τε
113 2008 254 2053 securi
281 2009 511 2066 percussit.
575 2008 682 2052 Fuit
710 2011 860 2051 autem
889 2009 1122 2066 disciplina
1152 2009 1359 2052 militaris
1383 2010 1499 2053 sicut
1522 2010 1586 2052 rei

112 2078 315 2136 publicae
335 2078 591 2129 necessaria,
607 2078 672 2121 ita
693 2081 738 2121 et
758 2078 963 2121 omnibus
983 2078 1190 2136 gratiosa,
1210 2079 1319 2122 adeo
1340 2079 1517 2136 quidem
1534 2082 1587 2122 ut

113 2147 293 2191 Mallius
321 2147 440 2191 filius
469 2162 551 2205 pro
580 2162 627 2190 se
656 2148 870 2191 aduersus
895 2150 1069 2205 patrem
1097 2148 1294 2191 exercitu
1324 2149 1586 2192 seditionem

112 2219 300 2275 parante
334 2217 568 2274 negauerit
599 2217 714 2260 tanti
745 2232 838 2260 esse
869 2232 1135 2274 quemquam
1166 2221 1218 2259 ut
1247 2221 1428 2274 propter
1459 2218 1586 2260 illum

10 2330 19 2344 ἕ
113 2290 469 2343 corrumperetur
507 2286 742 2344 disciplina
781 2286 968 2329 militiae
1009 2290 1054 2330 et
1099 2287 1296 2343 optinuit
1342 2290 1394 2330 ut
1440 2288 1587 2344 ipsum

14 2358 20 2390 Γ
57 2369 98 2404 ao
114 2355 264 2414 puniri
285 2358 557 2413 paterentur.
608 2356 751 2413 Apius
772 2354 988 2400 Claudius
1009 2371 1065 2399 ex
1086 2356 1141 2399 iis
1158 2356 1233 2413 qui
1252 2356 1346 2399 loco
1366 2360 1589 2399 cesserant

119 2485 163 2512 10
187 2474 520 2522 strategematibus
536 2475 577 2511 M
724 2466 767 2520 14
791 2475 994 2521 suplicium
1012 2475 1037 2512 S
1195 2486 1237 2522 19
1263 2475 1432 2514 remissio
1450 2475 1590 2518 C¹B¹AP

115 2532 163 2570 29
187 2522 356 2564 obtinuit
371 2521 432 2559 CB
577 2533 624 2568 30
646 2522 722 2558 hiis
738 2523 791 2559 A:
815 2522 876 2559 his
894 2523 934 2559 Μ

167 2642 213 2669 10
234 2633 352 2669 Iulii:
379 2644 429 2669 sc.
448 2631 633 2668 Frontini.
801 2634 988 2668 clear-cum
1006 2635 1078 2669 etc.
1096 2643 1105 2668 τ
1131 2645 1164 2667 v.
1183 2631 1351 2668 Frontin.
1371 2634 1483 2669 Strat.
1500 2632 1546 2668 iv.
1569 2641 1584 2669 1

119 2678 139 2735 ξ
160 2688 216 2724 17.
362 2689 405 2724 14
429 2681 566 2716 Lucius
583 2684 676 2716 etc.:
703 2679 876 2716 Frontin.
896 2681 1005 2716 δῖναι.
1025 2679 1071 2716 iv.
1096 2690 1109 2716 1
1133 2679 1150 2726 ξ
1171 2691 1228 2726 39.
1362 2682 1588 2726 Ruptilium:

117 2726 220 2764 Infra.
243 2727 408 2763 Rutilius
430 2726 492 2764 vel
513 2729 661 2763 Rutilus
677 2730 831 2763 vocatur
847 2727 958 2769 idem,
979 2727 1041 2763 cui
1059 2729 1192 2763 Rullus
1208 2739 1272 2764 seu
1289 2729 1489 2762 Rullianus
1505 2737 1588 2763 vere

14 2803 37 2818 „-
118 2785 308 2820 agnomen
325 2773 412 2810 fuit.
484 2785 528 2810 22
546 2776 701 2810 Mallius
715 2777 807 2811 etc.:
835 2774 1004 2811 Frontin.
1023 2777 1135 2811 Str-at.
1152 2774 1198 2810 iv.
1222 2785 1235 2810 1
1255 2774 1343 2820 §40.
1412 2776 1586 2810 Mallius:

118 2820 248 2869 potius
264 2822 440 2858 Manlius.
579 2831 622 2866 27
648 2824 801 2857 Mallius
817 2824 928 2868 filius
944 2824 1039 2861 etc.:
1067 2822 1237 2859 Frontin.
1254 2824 1365 2858 strat.
1385 2821 1431 2858 iv.
1458 2833 1470 2857 1
1495 2822 1511 2867 ξ
1531 2831 1589 2866 41.

121 2879 168 2916 30
191 2869 313 2914 Apias
329 2870 427 2905 etc.:
454 2868 623 2905 Frontin.
642 2871 752 2905 Strat.
770 2868 818 2906 iv.
842 2879 855 2906 1
878 2868 896 2916 ξ
917 2879 973 2915 34.

177 2939 259 2959 vm
273 2938 294 2958 u
842 2931 867 2957 Β·
1090 2946 1100 2958 ι
1439 2932 1479 2964 33
