1988 3250
250 224 368 275 ⁷17¹:
712 225 972 270 IOANNIS
1011 225 1523 271 SARESBERIENSIS
1632 225 1740 287 [ΠΒ.
1754 237 1847 271 vm

386 344 521 389 Plane
533 360 546 390 z

504 426 647 471 Credo
678 426 843 485 (inquit
876 427 1108 486 Parmeno)
1143 428 1305 471 misera
1338 443 1445 486 prae
1476 443 1625 472 amore
1658 426 1847 471 exclusit

558 485 676 529 hunc
695 485 826 528 foras.

385 575 504 629 Quid
523 577 696 620 multa?
726 577 781 619 Id
807 576 903 634 agit
930 576 1107 620 fallacia
1133 577 1376 620 meretricis
1403 580 1456 620 ut
1478 592 1594 620 unus
1616 579 1846 619 amantum

382 645 512 688 alteri
541 646 710 703 priores
739 650 888 703 partes
918 646 1046 689 cedat
1074 661 1154 703 per
1182 647 1353 703 aliquot
1382 647 1486 696 dies,
1517 646 1623 689 dum
1653 645 1847 688 deterius
1866 658 1886 694 5

381 715 512 758 rebus
532 715 705 758 amissis
725 719 992 773 emungatur
1009 716 1238 758 admissus.
1288 716 1384 758 Mos
1405 718 1472 758 est
1491 715 1610 758 enim
1629 714 1848 772 gerendus

381 784 553 834 Thaidi,
580 799 692 841 quae
722 784 992 843 profusiores
1020 787 1065 827 et
1094 785 1355 841 perditiores
1386 785 1599 827 admittit.
1659 783 1847 826 Interim

382 853 491 909 quid
522 853 686 896 donare
717 857 883 910 queant
917 857 997 896 aut
1026 854 1204 896 mittere
1235 853 1402 897 exclusi
1434 853 1703 906 deliberent3
1742 868 1847 896 nam

381 923 716 980 potentissimus
754 926 822 966 est
861 923 980 980 apud
1015 938 1111 966 eam
1147 923 1224 979 qui
1263 923 1506 965 nouissima
1542 923 1698 966 mittit.
1759 921 1846 965 Vbi

381 1006 488 1035 uero
532 992 723 1049 priorem
771 993 1033 1043 emunxerit,
1072 992 1189 1035 redit
1234 992 1359 1042 alter,
1399 992 1662 1048 exclusoque
1700 991 1847 1048 priore
1867 1007 1909 1032 10

341 1068 367 1098 Θ
382 1060 558 1119 delegat
591 1061 631 1104 ei
663 1064 850 1104 mestam
886 1061 1049 1104 doloris
1084 1061 1152 1104 sui
1187 1061 1472 1118 prouinciam.
1533 1061 1709 1104 Insanit
1742 1075 1848 1119 ergo

381 1129 507 1173 miles
546 1133 591 1173 et
635 1130 681 1172 in
724 1130 894 1186 impetu
937 1130 1100 1173 doloris
1138 1130 1287 1186 potius
1326 1130 1398 1173 uel
1437 1130 1715 1173 moriendum
1753 1145 1847 1175 esse

380 1198 578 1242 decernit
613 1214 745 1256 quam
778 1199 825 1241 in
857 1214 903 1242 se
932 1199 1245 1242 contumeliam
1275 1202 1368 1242 tam
1399 1199 1618 1256 insignem
1647 1200 1846 1257 accipiat.

383 1268 616 1311 Familiam
637 1272 862 1319 conuocat,
875 1269 1072 1326 disponit
1091 1268 1268 1321 bellum,
1284 1272 1329 1312 et
1343 1269 1639 1326 prostibulum
1653 1269 1847 1313 collectis

381 1337 553 1381 uiribus
587 1352 843 1395 expugnare
882 1338 1089 1381 decernit.
1162 1338 1461 1396 Progreditur,
1499 1341 1648 1381 mente
1687 1341 1733 1382 et
1771 1353 1846 1382 ore
1866 1350 1906 1387 15

382 1407 574 1450 reuoluit
608 1407 829 1449 iniuriam.
892 1407 1111 1464 Loquitur
1135 1407 1338 1467 grandia,
1373 1407 1507 1450 minis
1542 1407 1711 1461 feruet;
1757 1407 1847 1462 sed,

380 1490 481 1519 cum
513 1477 570 1519 ad
605 1476 858 1519 conflictum
895 1476 1073 1526 accedit,
1107 1491 1275 1519 memor
1309 1476 1472 1519 amoris
1506 1476 1685 1533 pristini
1719 1491 1846 1534 prae-

381 1548 559 1602 ceptum
580 1545 734 1588 recolit
758 1545 962 1595 militare,
984 1560 1071 1602 quo
1092 1560 1148 1589 ex
1176 1545 1441 1589 auctoritate
1463 1545 1683 1603 Scipionis
1707 1545 1848 1603 liquet

382 1615 487 1672 quia
522 1615 671 1659 omnia
704 1615 828 1671 prius
862 1615 1054 1672 experiri
1090 1630 1222 1672 quam
1257 1615 1393 1658 armis
1427 1615 1671 1672 sapientem
1709 1615 1845 1658 decet.

380 1683 594 1727 Thaidem
621 1698 725 1745 ergo
749 1699 874 1727 suam
898 1699 954 1727 ex
978 1687 1107 1741 pacto
1130 1685 1193 1728 sic
1220 1684 1427 1729 conuenit
1449 1684 1545 1727 iure
1565 1699 1653 1727 non
1673 1684 1846 1730 uiribus
1865 1702 1909 1726 ao

379 1767 537 1811 agens:

495 1833 704 1884 Primum,
727 1833 872 1884 Thais,
894 1834 976 1877 hoc
997 1833 1130 1877 michi
1160 1834 1385 1893 responde,
1410 1848 1508 1877 cum
1531 1834 1614 1877 tibi
1636 1833 1693 1877 do
1713 1833 1845 1877 istam

336 1963 365 2004 d
497 1891 671 1992 dixliiiliigi
674 1906 868 1992 1liiildldies
887 1949 1023 1993 michi
1043 1949 1125 1993 soli
1149 1950 1254 1993 dare
1280 1950 1355 1993 toz
1414 1949 1571 1993 Thais:
1603 1949 1721 2004 Quid
1746 1952 1843 1993 tum

551 2010 704 2065 postea
717 2008 734 2051 3
1863 2040 1906 2077 ,ὃ

380 2086 628 2132 Concedere
649 2088 829 2131 uidetur
848 2103 961 2146 quae
981 2103 1070 2132 non
1090 2092 1235 2146 negat.
1294 2088 1486 2135 Thraso:

497 2168 560 2215 At
589 2168 723 2212 michi
752 2172 856 2213 ante
885 2169 1034 2213 oculos
1053 2184 1199 2214 coram
1221 2173 1465 2213 amatorem
1487 2169 1677 2216 adduxti
1704 2172 1847 2214 tuum.

382 2249 440 2293 Et
460 2249 559 2292 illa:

844 2308 962 2362 Quid
992 2322 1091 2352 cum
1122 2322 1173 2351 eo
1203 2308 1384 2366 litigas?

378 2409 399 2435 2
427 2397 556 2447 inquit
571 2399 686 2437 credo
702 2398 747 2436 Δι
890 2410 914 2448 9
938 2399 1155 2447 potissimus
1172 2399 1239 2436 SM

378 2460 456 2523 -ι
476 2486 588 2526 credo
605 2489 700 2524 em:
725 2487 808 2525 Ter.
826 2488 924 2524 Eun.
942 2487 969 2524 i.
992 2497 1025 2524 ι.
1048 2488 1099 2524 18.
1212 2497 1254 2533 19
1278 2489 1402 2523 omma
1419 2488 1518 2525 eta:
1546 2486 1637 2524 ibid.
1656 2486 1703 2524 iv.
1724 2497 1757 2534 7.
1778 2497 1844 2535 193

378 2533 477 2580 quod
513 2534 613 2573 unde
645 2534 824 2572 didicerit
858 2535 1015 2574 Ioanne·
1046 2546 1091 2570 ex
1122 2537 1333 2572 auctoritate
1365 2537 1545 2581 Scipionis
1576 2535 1721 2573 dictum
1753 2546 1844 2580 me.

378 2579 533 2618 omnino
552 2581 704 2624 nescio:
729 2583 776 2619 cf.
794 2584 923 2620 tamen
946 2581 1082 2621 Donat.
1108 2583 1174 2618 Vit.
1197 2583 1272 2618 Ter.
1292 2594 1323 2618 c.
1341 2592 1362 2627 4
1380 2583 1427 2619 de
1451 2582 1552 2622 sama
1577 2582 1748 2622 adiutum
1766 2594 1845 2621 esse

378 2627 598 2668 Terentium
617 2628 657 2664 in
681 2629 831 2676 scriptis
853 2641 877 2665 a
899 2629 1074 2677 Scipione
1099 2628 1277 2666 Africano
1295 2629 1450 2667 minore.
1611 2640 1655 2666 22
1680 2632 1846 2667 Primum

378 2677 478 2713 eta:
505 2674 595 2713 ibid.
622 2675 669 2712 iv.
697 2686 729 2720 7.
756 2687 799 2713 22
826 2688 928 2723 seqq.
978 2678 1123 2723 (Thais.
1146 2678 1338 2723 primum).
1498 2686 1542 2722 ²7
1570 2678 1640 2715 At:
1667 2679 1846 2724 Roqitasr

376 2734 468 2770 quae
485 2722 568 2760 Tot.
704 2734 758 2779 29·
777 2726 873 2769 Quid
897 2737 975 2760 cum
1001 2736 1040 2759 eo
1064 2725 1208 2769 titique:
1243 2724 1325 2761 Ter.
1354 2726 1450 2769 Quid
1474 2737 1554 2760 cum
1579 2726 1643 2761 illo
1668 2737 1756 2771 aqua
1779 2736 1845 2763 neu

378 2782 401 2805 a
428 2772 480 2812 εἰς
508 2769 722 2808 Fleckeisen
748 2782 787 2807 in
817 2770 1152 2809 od.'1¹eubncriana
1175 2771 1291 2808 habet
1316 2773 1412 2816 Quin
1429 2783 1510 2808 cum
1532 2773 1595 2808 illo
1619 2784 1718 2809 nunc
1741 2774 1843 2827 αρίες

378 2817 1468 2907 ,αωιῖιῖξὲἳῗοῖἕῖἑῖηῗέΐέἔὶἲῖεῗὲἕῖἐοηέιέῗέἒιὶῗῗωξῗ”
1498 2819 1844 2867 ⁰m⁹f⁰¹²b²⁰¹⁸¹¹²¹¹²

497 2940 558 2982 ²³⁸
