1988 3250
178 243 276 277 cu».
292 229 372 291 xv]
685 227 1088 274 POLICRATICV
1091 228 1123 272 S

175 366 286 410 opus
312 354 380 394 est
401 353 454 394 ut
476 352 722 394 seruentur.
780 349 992 406 Exigitur
1020 362 1125 406 ergo
1154 351 1201 391 et
1229 348 1441 405 potentia.
1501 349 1643 392 Num-

175 421 283 478 quid
306 421 413 464 haec
437 420 589 477 gratis,
610 419 656 462 id
685 420 754 462 est
782 418 877 461 sine
906 417 1056 460 labore
1081 420 1128 460 et
1150 417 1459 470 sollicitudine,
1487 419 1642 475 adqui-

1662 225 1786 279 671d

175 489 366 533 rantur?
444 488 533 531 Sed
572 488 620 531 in
659 487 730 530 his
769 487 1022 543 contempni
1069 485 1231 528 durum
1272 486 1450 543 quidem
1491 491 1559 530 est
1598 491 1644 531 et
1659 487 1743 537 672
1762 498 1793 526 a

174 557 461 608 intolerabile,
495 571 547 600 eo
585 556 703 613 quod
737 570 862 598 amor
894 555 1110 598 commodi
1145 555 1327 598 innatus
1360 559 1427 598 est
1462 556 1643 609 homini,

138 630 227 684 ’μή
266 627 400 670 etiam
441 627 517 684 qui
557 641 646 669 non
686 625 782 683 agit
821 628 874 667 ut
913 624 1055 667 bonus
1085 624 1156 675 sit,
1189 624 1328 667 bonus
1359 624 1502 667 uideri
1531 625 1645 668 uelit

173 700 220 740 et
258 697 306 739 in
345 695 622 740 estimatione
661 695 731 738 sui
775 694 964 737 aliorum
1011 708 1158 736 errare
1201 694 1396 747 iudicia;
1441 709 1545 736 nam
1590 698 1644 738 ut

172 767 313 810 bonus
351 766 422 816 sit,
455 780 545 808 non
584 763 800 808 commodi
840 763 1019 820 quidem
1059 763 1136 806 sed
1171 763 1278 806 iusti
1313 778 1438 807 amor
1472 764 1642 808 efficiet.

173 835 413 888 Quaeritur
432 849 537 892 ergo
557 833 808 876 reuerentia
822 832 1175 884 conuiuentium3
1206 833 1282 875 sed
1303 833 1411 876 haec
1431 834 1539 891 ipsa,
1554 834 1642 877 nisi

171 904 316 948 famae
355 903 565 947 beneficio
603 903 906 960 protendatur,
945 902 1106 945 leuiter
1142 902 1379 947 euanescit.
1457 903 1521 946 At
1565 904 1642 947 illa

114 987 284 1030 requae
313 973 498 1031 gloriam
528 972 648 1030 parit
677 975 723 1015 et
752 975 973 1029 prorogat,
997 986 1054 1014 ex
1084 971 1238 1014 multis
1267 971 1413 1030 surgit
1441 972 1643 1015 articulis

171 1041 249 1086 sed
277 1043 469 1086 maxime
499 1057 526 1085 a
556 1042 776 1084 uirtutum
806 1040 1018 1084 exercitio
1046 1040 1325 1084 conualescit.
1386 1041 1516 1085 Patet
1536 1056 1641 1099 ergo

171 1125 305 1168 quam
338 1111 581 1155 laboriosus
614 1111 674 1154 sit
704 1110 923 1153 transitus
956 1109 1014 1152 ad
1049 1110 1373 1153 beatitudinem
1405 1125 1485 1168 per
1513 1111 1642 1154 uolu-

170 1182 328 1238 ptates,
360 1195 473 1238 quae
507 1179 794 1224 sufficientiae
826 1194 958 1223 causa
988 1179 1172 1222 diuitias
1203 1183 1460 1236 congerunt,
1484 1183 1537 1223 ut
1563 1195 1639 1238 po·

169 1250 313 1293 tentia
367 1250 572 1293 nitantur
630 1249 947 1307 amplitudines
999 1252 1234 1306 quaerunt,
1283 1249 1527 1306 dignitates
1582 1250 1639 1293 ad

112 1341 152 1377 1⁵
169 1319 462 1362 reuerentiam
502 1322 548 1362 et
586 1318 741 1376 fugam
780 1321 1071 1376 contemptus,
1106 1321 1153 1362 et
1191 1318 1489 1362 conciliandae
1529 1319 1638 1363 cele-

168 1387 346 1432 britatis
373 1388 521 1446 gratia
549 1388 781 1445 adspirant
809 1388 866 1430 ad
896 1388 1095 1446 gloriam.
1157 1387 1242 1430 His
1262 1391 1412 1431 tamen
1432 1389 1637 1432 omnibus
1654 1391 1685 1432 b

167 1471 257 1501 non
284 1473 336 1501 ea
365 1458 473 1509 uita,
502 1473 636 1515 quam
667 1458 885 1515 Epicurus
914 1458 1136 1510 describit,
1166 1457 1421 1515 adquiritur
1450 1462 1495 1501 et
1525 1474 1638 1515 quae

167 1527 378 1571 tristitiae
398 1527 458 1571 sit
477 1530 522 1571 et
542 1527 681 1571 totius
701 1528 1050 1585 perturbationis
1069 1528 1250 1585 ignara;
1279 1532 1359 1571 aut
1386 1528 1504 1571 enim
1531 1529 1639 1572 haec

169 1596 217 1639 in
235 1611 374 1640 unum
394 1597 635 1654 quemlibet
654 1612 743 1640 non
763 1601 1033 1641 concurrunt
1051 1601 1133 1640 aut
1157 1612 1247 1640 non
1266 1596 1504 1641 conferunt
1529 1613 1639 1655 quos

27 1678 29 1682 ·
112 1690 155 1716 ,ο
169 1666 432 1724 pollicentur
446 1667 649 1719 effectus3
678 1667 814 1710 immo
830 1670 876 1710 et
890 1667 1155 1725 saepissime,
1172 1670 1402 1724 tamquam
1418 1682 1441 1710 e
1459 1668 1638 1725 regione

167 1736 422 1787 consistant,
438 1736 745 1794 quaerentium
766 1737 884 1780 uotis
899 1737 1123 1780 contraria
1142 1740 1395 1794 operantur.
1438 1737 1487 1780 Si
1502 1738 1636 1781 michi

166 1819 256 1848 non
285 1805 437 1856 credis,
465 1805 578 1848 liber
606 1805 662 1848 de
691 1804 1002 1850 Consolatione
1038 1806 1347 1863 Philosophiae
1377 1806 1638 1850 reuoluatur

166 1875 382 1918 attentius
413 1878 459 1918 et
491 1875 675 1932 planum
709 1876 796 1919 erit
828 1876 935 1919 haec
970 1876 1018 1918 in
1050 1876 1323 1919 contrarium
1353 1876 1516 1920 cedere.
1578 1877 1637 1920 Et

166 1942 270 1987 licet
303 1943 415 1986 liber
447 1943 522 1987 ille
552 1944 749 1987 Verbum
783 1959 873 1988 non
902 1946 1126 2003 exprimat
1156 1945 1450 1995 incarnatum,
1483 1948 1636 1988 tamen

111 2037 152 2072 ²5
169 2012 287 2070 apud
318 2027 391 2056 eos
426 2013 502 2070 qui
536 2013 708 2057 ratione
739 2014 949 2058 nituntur
977 2029 1066 2057 non
1096 2015 1329 2058 mediocris
1367 2015 1635 2058 auctoritate

168 2084 247 2132 est,
275 2097 375 2126 cum
409 2082 467 2125 ad
500 2083 828 2140 reprimendum
868 2084 1114 2140 quamlibet
1153 2084 1433 2127 exulceratae
1471 2085 1635 2127 mentis

166 2149 359 2194 dolorem
388 2166 583 2210 congrua
611 2152 769 2209 cuique
798 2153 1120 2196 medicamenta
1153 2154 1371 2198 conficiat.
1429 2154 1523 2198 Nec
1559 2154 1634 2197 Iu-

166 2219 274 2263 deus
293 2220 470 2277 quidem
490 2236 569 2265 nec
589 2221 755 2265 Grecus
781 2222 864 2269 sub
883 2226 1120 2280 praetextu
1141 2224 1368 2281 religionis
1389 2224 1634 2268 medicinae

165 2287 354 2332 declinet
385 2304 528 2343 usum,
557 2305 656 2334 cum
687 2292 962 2349 sapientibus
996 2294 1043 2335 in
1073 2294 1160 2336 fide
1190 2297 1236 2336 et
1264 2294 1311 2336 in
1342 2294 1528 2351 perfidia
1557 2295 1630 2338 de·
1649 2309 1677 2340 c

109 2381 150 2414 ³0
166 2357 427 2415 sipientibus
446 2360 507 2403 sic
526 2360 705 2404 uiuidae
725 2361 911 2419 rationis
931 2362 1149 2406 confectio
1168 2363 1409 2406 artificiosa
1428 2364 1632 2421 proficiat

167 2429 220 2470 ut
253 2427 376 2470 nulla
408 2428 563 2486 religio
594 2430 712 2486 quod
744 2431 898 2474 miscet
930 2431 1208 2474 abhominari
1240 2433 1414 2484 audeat,
1435 2434 1522 2476 m'si
1553 2434 1631 2490 qui

167 2495 351 2539 rationis
389 2511 545 2554 expers
582 2502 660 2542 est.
739 2499 845 2543 Sine
885 2500 1145 2544 difficultate
1184 2501 1435 2559 profundus
1473 2507 1541 2546 est
1582 2504 1631 2547 in

166 2564 409 2618 sententiis,
432 2567 479 2608 in
508 2568 655 2611 uerbis
685 2569 779 2612 sine
808 2569 992 2613 leuitate
1021 2571 1294 2628 conspicuus,
1318 2575 1470 2615 orator
1498 2574 1631 2616 uehe-

168 2681 190 2717 3
215 2672 404 2727 contemni
418 2673 476 2728 QB
645 2686 689 2713 22
714 2677 989 2725 phylosophiae
1008 2678 1048 2715 M
1226 2682 1273 2718 26
1297 2679 1506 2727 quemlibet
1524 2681 1627 2717 CBM

167 2728 211 2765 31
237 2719 447 2757 abominari
463 2721 494 2756 B

215 2811 261 2846 26
286 2814 505 2867 exulceratae
520 2818 671 2853 mentis:
697 2829 730 2854 v.
748 2817 899 2855 Petron.
917 2820 993 2856 Sat.
1013 2819 1030 2866 ξ
1054 2830 1134 2857 111.
1255 2831 1299 2867 32
1322 2824 1532 2869 profundus
1557 2828 1630 2860 est:

166 2868 215 2894 nc.
233 2857 424 2905 Boethms,
442 2860 530 2897 hbri
546 2864 589 2899 de
609 2864 855 2902 Consolatione
870 2867 1125 2914 Philosophiae
1138 2869 1281 2906 auctor.

1455 2961 1520 2995 155
