1988 3250
243 213 327 263 736
348 213 378 253 b
716 205 978 253 IOANNIS
1018 205 1534 253 SARESBERIENSIS
1643 203 1755 265 [ms.
1770 215 1863 248 vm

348 334 379 373 b
396 329 622 374 farciendo
642 343 776 387 quam
795 330 926 387 plura.
946 329 1134 373 facimus
1160 343 1254 372 esse
1273 327 1478 371 Troiane..
1538 325 1667 369 Vnde
1687 325 1864 369 Marcus

395 401 539 443 Varro
572 399 621 442 in
649 399 764 443 libro
797 399 934 443 tertio
967 399 1023 442 de
1049 398 1361 456 Agricultura:
1391 397 1489 439 Hoc
1519 409 1693 452 quoque
1721 409 1866 452 nuper

394 470 654 513 institutum
674 472 743 512 est
765 469 960 527 saginari
981 472 1027 512 et
1047 469 1225 525 lepores,
1247 481 1347 511 cum
1376 468 1582 522 exceptos
1602 480 1627 508 e
1646 465 1865 523 leporario

395 539 618 597 quondam
642 539 690 582 in
717 539 863 583 caueis
890 542 937 582 et
963 539 1057 582 loco
1084 538 1232 581 clauso
1259 536 1422 579 faciam
1448 535 1649 592 pingues.
1711 535 1799 579 Sed
1819 538 1866 579 et

394 608 561 652 cocleas
580 608 714 651 luxus
734 608 879 651 effecit
893 608 1130 665 saginatas.
1191 606 1314 649 Haec
1328 605 1485 649 Varro.
1542 604 1693 648 Nichil
1714 608 1865 648 autem
1881 611 1901 646 5

395 677 583 720 istorum
603 677 738 720 luxus
763 677 853 719 iam
883 677 1019 719 habet
1047 679 1200 718 notam
1227 675 1305 718 sed
1334 677 1402 717 est
1430 673 1663 718 ciuilitatis
1691 673 1866 732 insigne

395 746 607 804 quicquid
626 746 901 790 incentiuum
923 749 990 788 est
1009 745 1150 803 gulae.

445 861 552 919 Cap.
575 861 614 906 8.
643 860 709 904 De
728 859 951 904 conuiuio
969 858 1286 917 philosophiw,
1308 861 1348 902 et
1367 857 1488 915 quod
1506 856 1549 901 ei
1568 857 1695 902 civile
1715 871 1815 901 co‘n-
1888 855 1892 859 ’

593 945 764 974 ‘nexum
783 933 842 974 est
858 949 876 980 ;
905 935 943 974 et
964 930 1018 973 de
1037 928 1346 985 sumptuariis
1365 927 1535 984 leqibus
1554 927 1663 972 eius.

454 1012 498 1056 A
517 1012 639 1056 ciuili
660 1011 717 1055 ad
741 1011 1093 1068 philosophicum
1114 1012 1403 1060 transeamus,
1415 1009 1519 1053 licet
1538 1010 1609 1053 his
1624 1009 1701 1067 qui
1717 1024 1866 1053 rerum
1885 1029 1929 1055 1ο

396 1081 695 1125 substantiam
741 1080 1036 1138 perspicacius
1081 1080 1317 1123 intuentur
1362 1079 1677 1137 philosophicis
1715 1079 1867 1124 ciuilia.

396 1151 637 1194 uideantur
685 1165 779 1193 esse
828 1164 1040 1194 connexa.
1115 1149 1345 1206 Siquidem
1394 1149 1675 1206 philosophia
1717 1163 1866 1192 rerum

396 1219 596 1263 omnium
615 1219 889 1262 moderatrix
909 1234 937 1262 a
956 1218 1174 1262 conuiuiis
1193 1233 1282 1261 non
1303 1221 1451 1275 potest
1472 1218 1625 1261 abesse
1648 1218 1868 1269 ciuilibus,
1939 1212 1941 1214 ’

397 1303 499 1334 011111
525 1289 662 1333 nichil
687 1289 867 1332 omnino
898 1288 1139 1332 officiosum
1169 1288 1230 1331 sit
1259 1291 1340 1331 aut
1367 1287 1499 1331 ciuile
1531 1287 1649 1344 quod
1675 1302 1766 1331 non
1790 1287 1869 1331 illa

283 1390 292 1399 .
356 1380 384 1414 ρ,
399 1361 680 1416 praetractet.
740 1358 846 1415 Ipsa
865 1360 933 1401 est
952 1372 1065 1415 quae
1085 1357 1306 1401 uniuersis
1329 1357 1591 1414 praescribit
1610 1357 1791 1400 modum
1811 1359 1867 1408 et,
1886 1375 1926 1410 ¹⁵

398 1428 506 1471 dum
526 1427 723 1485 disponit
746 1427 899 1478 officia,
919 1427 1055 1470 etiam
1084 1427 1267 1484 plebeiis
1294 1429 1340 1470 et
1365 1427 1627 1484 uulgaribus
1656 1427 1869 1472 interesse

398 1497 624 1555 dignatur.
684 1497 897 1554 Alioquin
917 1496 1054 1540 nichil
1074 1496 1198 1539 aliud
1221 1501 1339 1539 recte
1369 1497 1579 1553 procedit,
1598 1497 1684 1540 nisi
1706 1501 1752 1541 et
1771 1499 1870 1555 ipsa

398 1567 531 1610 rebus
550 1571 720 1610 asserat
739 1566 858 1623 quod
878 1566 1026 1609 uerbis
1041 1565 1178 1609 docet.
1239 1565 1358 1618 Quid
1378 1566 1496 1608 enim
1521 1566 1700 1623 prodest
1719 1568 1870 1611 uerbis

399 1636 607 1679 inanibus
627 1636 846 1679 uentilare
865 1635 913 1678 in
933 1635 1061 1679 scolis
1080 1635 1265 1678 uirtutis
1284 1634 1437 1686 officia,
1457 1635 1495 1678 si
1515 1650 1605 1678 non
1625 1637 1798 1681 actibus
1823 1641 1870 1682 et

399 1705 498 1748 uita.
530 1705 808 1748 solidentur?
867 1704 1091 1748 Dicuntur
1123 1708 1274 1748 tamen
1313 1719 1407 1748 esse
1446 1705 1618 1762 plebeia
1657 1721 1770 1763 quae
1809 1707 1868 1751 ad
1886 1723 1930 1750 ao

398 1774 661 1818 modestiam
701 1774 850 1818 minus
887 1774 1102 1819 accedunt
1136 1777 1193 1825 et,
1227 1775 1354 1831 quasi
1386 1775 1689 1832 philosophiae
1721 1777 1869 1822 soluta

399 1844 583 1902 legibus,
604 1844 662 1887 ab
687 1844 1091 1902 indisciplinatione
1118 1847 1198 1888 aut
1225 1844 1414 1887 esuriem
1438 1845 1660 1889 inuehunt
1679 1861 1707 1889 a
1726 1847 1867 1904 parci·

400 1916 496 1957 tate
515 1917 596 1957 aut
614 1928 642 1957 a
662 1914 773 1957 luxu
794 1917 840 1958 et
859 1914 1076 1957 auiditate
1098 1913 1304 1958 furorem.
1364 1914 1414 1958 Si
1435 1914 1554 1972 apud
1575 1914 1869 1960 Nasidienum

399 1983 616 2027 conuiuae
646 1983 926 2034 conueniant,
956 1983 1161 2027 sordidus
1195 1983 1397 2041 displicet
1428 1988 1681 2041 apparatus,
1713 1986 1870 2030 domus

401 2052 692 2110 incomposita
718 2053 929 2097 susurriis
956 2053 1242 2106 incrustatur,
1260 2053 1454 2096 auaritia
1477 2053 1598 2098 illius
1624 2055 1700 2112 qui
1731 2056 1869 2100 tricli-
1889 2068 1931 2103 ²⁵

399 2125 837 2202 W
860 2145 882 2181 8
906 2142 1182 2198 phylosophico
1199 2143 1239 2180 M
1278 2193 1285 2201 .
1408 2146 1441 2188 8,
1459 2155 1482 2191 9
1506 2156 1719 2183 connexum
1736 2146 1805 2184 0¹8
1830 2149 1871 2184 in

400 2193 719 2323 {fficgewphiwg
735 2191 783 2275 ‘ii
799 2203 867 2229 Μ’
884 2191 919 2227 A
973 2248 1014 2276 12
1040 2190 1427 2287 ἷζῗξὲῗὲὲεὲᾜηὺη
1445 2195 1715 2291 ωμιξνῖῗξὶιᾱ]
1731 2205 1874 2280 aliouio‘i

456 2365 485 2399 ι,
506 2367 525 2391 2
558 2357 656 2392 Vnde
687 2357 836 2392 Marcus
867 2356 982 2392 Varm
1007 2357 1105 2392 etc.:
1144 2367 1175 2391 v.
1205 2355 1370 2393 Macrob.
1400 2357 1474 2394 Sat.
1501 2356 1557 2393 iii.
1590 2368 1631 2403 13
1661 2357 1703 2405 ἕξ
1734 2368 1789 2405 14,
1816 2367 1869 2415 15.

405 2414 427 2448 4
451 2405 653 2451 quondam:
679 2402 734 2439 iia
751 2402 917 2439 Macrob.
940 2403 1020 2440 cod.
1048 2403 1272 2450 Bamberg.;
1301 2406 1456 2440 condant
1470 2405 1576 2442 Varr.
1593 2408 1636 2443 de
1651 2418 1690 2442 re
1707 2411 1796 2443 mt.
1816 2407 1871 2444 111.

408 2460 451 2488 12
471 2450 489 2497 ξ
515 2459 546 2497 5.
617 2452 784 2497 faciam:
815 2450 872 2487 itu.
890 2450 1054 2487 Meci-ob.
1075 2451 1183 2488 codd.
1199 2464 1207 2493 ς
1226 2454 1374 2497 saciant
1389 2451 1497 2488 Vax-r.
1647 2464 1691 2490 10
1714 2454 1748 2489 A
1766 2455 1872 2492 ciuili

404 2500 502 2534 etc.:
540 2509 573 2535 v.
599 2509 714 2546 supra
741 2509 773 2534 0.
792 2499 816 2535 6
847 2499 1000 2545 (72611).
1168 2508 1206 2534 12
1233 2511 1353 2534 rerum
1371 2501 1534 2536 omnium
1551 2502 1798 2538 moder-atrise:
1824 2500 1873 2539 cf.

404 2544 506 2581 infre
523 2556 555 2581 e.
579 2555 621 2582 ιο
655 2555 723 2591 743
738 2545 791 2591 1³).
928 2555 965 2593 15
992 2550 1227 2591 praetr-aocet:
1256 2546 1335 2582 Hoc
1352 2547 1575 2584 vocabulum
1593 2559 1671 2584 11011
1689 2548 1872 2586 exhibent

405 2591 640 2639 Lexicogmp
671 2592 705 2636 1;
744 2597 939 2639 ρννιναεεεε
979 2593 1124 2629 habent
1164 2593 1247 2629 edd.
1280 2597 1434 2640 praeter
1473 2595 1686 2642 principem
1727 2607 1869 2634 011111οε.

405 2639 477 2677 Sed
506 2644 798 2686 prm-tractentur
829 2639 868 2676 in
904 2640 991 2677 Tac.
1023 2643 1142 2676 Germ.
1175 2652 1206 2677 0.
1240 2651 1277 2677 11
1306 2641 1451 2679 hubent
1476 2642 1622 2679 codices
1658 2643 1746 2687 duo,
1777 2655 1872 2690 quoe

404 2689 554 2725 secutus
591 2690 646 2723 est
682 2699 713 2723 ν.
728 2687 763 2723 d.
793 2687 876 2724 Car.
906 2687 1043 2731 Halm;
1083 2690 1131 2729 et.
1158 2690 1200 2724 ut
1232 2688 1407 2735 suspicor,
1438 2689 1562 2726 dicere
1595 2690 1675 2727 vult
1709 2690 1871 2729 Ioannou

405 2733 686 2782 philosophiam
714 2747 832 2770 rerum
857 2738 1018 2771 omm'um
1044 2737 1310 2771 moderatricem
1333 2737 1463 2773 omnia
1482 2736 1612 2775 civilia
1631 2738 1686 2774 ita
1707 2740 1871 2776 tractare

403 2784 446 2819 ut
460 2780 623 2818 scientia
640 2782 863 2829 principali·
876 2795 921 2819 00
937 2784 1080 2819 tractat
1097 2794 1356 2830 quaecumque
1374 2784 1421 2821 ad
1438 2784 1616 2822 scientias
1633 2785 1872 2823 subalternas

404 2829 609 2877 pertinent.
792 2840 835 2875 23
861 2832 903 2865 Sa·
930 2833 1032 2876 apud
1061 2832 1300 2867 Nasidienum
1331 2834 1429 2868 etc.:
1467 2844 1496 2868 v.
1528 2832 1620 2869 Hor.
1652 2834 1729 2869 Sat.
1764 2832 1805 2869 ii.
1837 2834 1871 2871 8.

404 2888 424 2914 2
429 2887 447 2925 5
474 2878 675 2913 meant-riis:
702 2876 763 2914 Sic
781 2876 930 2915 codice·
949 2890 1016 2925 pro
1033 2880 1207 2915 aueum-ie.
1256 2878 1312 2915 Ad
1332 2878 1422 2917 Hor.
1439 2881 1514 2916 Sat.
1533 2879 1572 2917 ii.
1591 2881 1623 2918 8.
1642 2881 1686 2925 78
1704 2878 1870 2927 respicit.

514 2935 577 2976 272
