1988 3250
277 210 362 259 746
383 210 412 251 b
753 209 1015 254 IOANNIS
1055 208 1571 254 SARESBERIENSIS
1667 197 1778 270 [ΠΒ.
1798 209 1898 255 vnt*

425 329 614 372 Tarseus
653 327 880 387 Amphias,
918 343 1019 374 cum
1058 344 1116 373 ex
1153 329 1386 373 hortolano
1431 329 1557 373 diues
1596 332 1710 374 esset
1748 333 1795 374 et
1842 330 1891 373 in

422 399 613 443 amicum
644 400 771 457 quasi
800 400 1060 458 degenerem
1089 399 1305 442 nonnulla
1324 399 1522 450 dixisset,
1541 414 1647 442 mox
1677 400 1890 444 subiecit:

422 467 512 511 Sed
539 471 584 512 et
611 484 692 512 nos
721 469 775 512 de
802 470 966 513 eisdem
992 468 1233 513 seminibus
1257 483 1435 521 sumus3
1474 470 1520 511 et
1545 483 1696 512 omnes
1722 469 1896 526 pariter

420 537 534 581 letos
573 537 692 582 fecit.
770 538 858 581 Illa
904 553 1011 582 uero
1060 540 1257 581 scomata
1305 537 1475 580 directa
1513 537 1660 581 letitia
1700 553 1802 581 eum
1840 539 1890 581 in

421 621 553 664 quem
585 607 796 651 dicuntur
828 607 1087 658 infundunt,
1118 610 1172 650 ut
1210 607 1247 649 si
1286 607 1435 649 uirum
1467 606 1630 650 fortem
1661 607 1890 664 uituperes
1909 614 1930 650 5

421 677 548 733 quasi
582 677 740 720 salutis
771 691 877 720 suae
907 676 1142 733 prodigum
1181 678 1228 718 et
1264 690 1346 733 pro
1376 675 1476 718 aliis
1515 676 1628 719 mori
1666 676 1891 720 uolentem

378 753 404 783 c
421 749 502 789 aut
535 746 573 790 si
606 746 817 790 obieceris
850 745 1022 788 liberali
1057 744 1174 801 quod
1213 759 1284 787 res
1322 759 1426 787 suas
1464 743 1709 801 profundat
1741 746 1891 790 minus

419 814 505 857 sibi
535 830 669 872 quam
698 815 798 858 aliis
832 813 1110 858 consulendo.
1171 813 1245 856 Sic
1275 815 1321 856 et
1350 812 1573 870 Diogenes
1605 813 1890 858 Antistenem

419 882 623 928 Cinicum
652 884 916 942 magistrum
946 897 1076 926 suum
1106 882 1275 925 solebat
1304 882 1439 925 uelud
1466 882 1762 940 uituperando
1791 883 1889 928 lau-

417 952 537 996 dare.
611 953 714 1011 Ipse
747 968 829 1004 me,
861 952 1020 1003 aiebat,
1051 951 1302 995 mendicum
1337 950 1445 995 fecit
1475 966 1532 994 ex
1561 951 1703 996 diuite
1733 955 1779 996 et
1807 967 1889 1010 pro
1909 971 1950 996 ιο

418 1022 549 1066 domo
582 1023 732 1080 ampla
763 1022 870 1066 fecit
904 1021 1107 1064 habitare
1142 1021 1190 1063 in
1221 1020 1350 1064 dolio.
1421 1021 1582 1064 Melius
1617 1025 1767 1065 autem
1801 1022 1890 1066 ista

418 1091 594 1135 dicebat
623 1107 756 1149 quam
787 1092 825 1135 si
855 1091 1045 1135 diceret:
1077 1090 1243 1133 Gratus
1272 1090 1339 1132 illi
1369 1105 1480 1142 sum,
1511 1091 1616 1148 quia
1645 1106 1716 1134 me
1745 1091 1890 1149 philo-

417 1162 606 1218 sophum
634 1165 680 1205 et
706 1163 1034 1205 consummatae
1061 1160 1245 1203 uirtutis
1273 1160 1422 1203 uirum
1450 1160 1569 1204 fecit.
1631 1161 1761 1219 Ergo,
1787 1176 1889 1205 cum

417 1244 557 1273 unum
578 1246 738 1274 nomen
759 1230 965 1274 scomatis
985 1229 1045 1273 sit
1065 1229 1230 1273 diuersi
1251 1230 1298 1272 in
1319 1244 1370 1273 eo
1390 1231 1677 1274 continentur
1696 1232 1887 1276 effectus.

415 1298 523 1342 Ideo
542 1300 662 1356 apud
683 1299 1022 1343 Lacedemonios
1041 1298 1160 1342 inter
1179 1302 1326 1342 cetera
1345 1301 1526 1343 exactae
1542 1300 1663 1343 uitae
1678 1300 1888 1344 instituta
1908 1322 1923 1347 ι
1929 1323 1948 1358 5

414 1367 498 1412 hoc
528 1383 702 1426 quoque
732 1369 931 1413 exercitii
971 1383 1111 1427 genus
1150 1383 1178 1412 a
1212 1368 1408 1426 Ligurgo
1437 1369 1696 1412 institutum
1725 1371 1804 1421 est,
1833 1372 1888 1414 ut

415 1437 713 1482 adolescentes
738 1442 783 1482 et
812 1441 1008 1482 scomata
1031 1438 1127 1481 sine
1146 1452 1295 1481 morsu
1321 1438 1518 1481 dicerent
1547 1441 1594 1481 et
1622 1438 1679 1482 ab
1709 1438 1808 1482 aliis
1837 1439 1887 1483 in

415 1520 462 1550 se
497 1507 616 1551 dicta
650 1508 822 1566 perpeti
852 1507 1094 1560 discerent;
1133 1510 1183 1550 at
1212 1507 1249 1550 si
1279 1507 1378 1564 quis
1409 1522 1561 1551 eorum
1596 1508 1644 1550 in
1680 1508 1885 1566 indigna-

414 1576 582 1619 tionem
621 1578 678 1620 ob
717 1577 807 1620 tale
846 1577 1015 1620 dictum
1054 1576 1286 1634 prolapsus
1326 1575 1495 1629 fuisset,
1532 1577 1721 1620 ulterius
1756 1577 1796 1620 ei
1835 1577 1895 1635 111„

369 1645 398 1686 d
414 1645 605 1689 alterum
635 1646 779 1690 dicere
808 1661 898 1690 non
929 1646 1100 1690 licebat.
1161 1646 1337 1696 Verum,
1369 1646 1474 1703 quia
1503 1646 1672 1690 letitiae
1702 1647 1750 1690 in
1779 1661 1884 1691 con·
1904 1667 1950 1692 πο

414 1715 549 1758 uiuiis
571 1715 828 1772 frequenter
846 1715 1085 1759 insidiatur
1103 1715 1182 1766 ira,
1202 1715 1259 1758 ab
1279 1715 1531 1759 huiusmodi
1558 1715 1689 1759 dictis
1715 1718 1884 1773 tempe-

413 1784 603 1827 randum
624 1788 692 1828 est
713 1788 758 1828 et
778 1784 1056 1842 quaestiones
1071 1784 1325 1827 conuiuales
1341 1785 1387 1827 in
1403 1799 1555 1828 omnes
1574 1786 1886 1843 proponendae

415 1857 522 1898 sunt
551 1858 631 1897 aut
658 1854 906 1898 soluendae.
966 1854 1095 1907 Quod
1115 1868 1255 1911 genus
1274 1858 1446 1897 ueteres
1467 1855 1532 1898 ita
1552 1854 1771 1898 ludicrum
1791 1870 1882 1899 non

412 1927 631 1981 putarunt
658 1927 710 1967 ut
737 1927 782 1967 et
809 1923 1065 1967 Aristotiles
1091 1923 1146 1966 de
1174 1923 1281 1980 ipsis
1312 1923 1462 1981 aliqua
1492 1924 1801 1982 conscripserit
1836 1928 1883 1969 et

413 1992 647 2037 Plutarcus
668 1996 713 2037 et
732 1993 948 2051 Apuleius
967 2008 1067 2036 cum
1089 1992 1323 2037 Frontone.
1365 1993 1459 2037 Nec
1478 1994 1879 2052 contempnendum
1900 2007 1950 2043 σε

412 2062 473 2105 sit
503 2063 621 2120 quod
651 2066 720 2106 tot
748 2062 1157 2120 philosophantium
1179 2063 1342 2106 meruit
1361 2077 1522 2107 curam.
1583 2063 1647 2107 At
1678 2064 1725 2106 in
1756 2078 1882 2108 exer-

412 2131 519 2175 citio
540 2132 768 2175 rethorum
788 2135 1071 2175 oratorumue
1090 2131 1188 2174 foro
1207 2132 1336 2189 longe
1357 2133 1694 2176 commodiorem
1716 2133 1884 2177 habent

413 2205 608 2244 scomata
638 2202 781 2245 locum
811 2201 974 2259 quippe
1001 2201 1078 2243 ubi
1102 2205 1249 2244 motus
1273 2201 1517 2245 aduersarii
1548 2217 1678 2259 saepe
1707 2202 1884 2260 proficit

412 2267 470 2312 ad
502 2270 804 2328 triumphum;
845 2270 963 2314 unde
994 2273 1039 2313 et
1070 2270 1151 2314 hoc
1182 2270 1382 2314 Ciceroni
1414 2270 1712 2328 perfamiliare
1743 2271 1884 2316 fuisse

413 2339 619 2383 traditur.
693 2340 811 2398 Ipsis
842 2354 1015 2397 quoque
1045 2339 1222 2382 ledoriis
1252 2340 1404 2383 crebro
1439 2341 1485 2383 in
1523 2341 1881 2385 contentionibus
1900 2353 1944 2388 30

267 2422 346 2463 747
365 2423 395 2453 a
414 2407 499 2452 fori
522 2409 641 2452 locus
662 2412 740 2460 cst,
761 2410 867 2453 dum
889 2412 1038 2452 tamen
1058 2409 1115 2451 ad
1142 2409 1303 2467 probra
1324 2424 1411 2453 non
1440 2410 1726 2467 perueniant;
1755 2425 1881 2468 quae,

415 2561 430 2588 1
459 2551 632 2588 orotlano
651 2552 750 2588 ΑΒΜ
894 2562 915 2589 2
939 2563 1088 2589 ameum
1107 2551 1138 2586 A
1285 2554 1308 2590 6
1332 2552 1429 2589 mori
1445 2565 1501 2589 om
1518 2552 1572 2589 M¹
1719 2563 1764 2590 ιο
1786 2552 1880 2591 fecit

412 2599 626 2636 mendicum
645 2600 689 2635 A·
838 2608 878 2644 17
904 2598 1188 2637 adholesccnte·
1205 2598 1250 2635 A¹
1394 2610 1438 2647 25
1465 2599 1685 2647 plutarchus
1702 2599 1742 2636 M

463 2723 478 2751 ι
505 2715 629 2750 diuet:
654 2719 780 2760 potem
797 2713 961 2751 Maerob.
1105 2714 1222 2750 20-26
1246 2715 1379 2749 letitiae
1395 2716 1466 2751 etc.
1479 2726 1594 2761 usque
1609 2714 1656 2751 ad
1674 2727 1800 2752 curam
1815 2727 1824 2752 ε
1846 2728 1879 2755 v.

411 2760 576 2798 Macrob.
594 2763 668 2797 sat.
687 2760 747 2796 vii.
770 2772 790 2807 3
810 2761 852 2808 §§
873 2771 926 2805 23,
948 2771 1006 2807 ²4·
1149 2770 1191 2807 25
1219 2773 1297 2796 cum
1321 2763 1520 2798 antone:
1548 2761 1750 2799 Frontonis
1774 2774 1880 2801 men·

410 2807 556 2847 tionem
584 2820 661 2844 non
688 2808 835 2846 faciunt
862 2806 1049 2846 Macrobii
1073 2819 1179 2846 exem
1211 2807 1305 2844 laria
1322 2820 1418 2854 quae
1436 2812 1610 2853 exstant3
1638 2809 1686 2846 cf.
1706 2810 1755 2847 ad
1783 2822 1815 2848 ο.
1836 2821 1878 2858 13

410 2855 510 2893 infra
526 2856 611 2901 (76⁴
627 2860 679 2902 Β).
828 2866 875 2902 29
902 2857 1087 2894 Cicemni:
1113 2869 1146 2894 v.
1207 2855 1330 2893 acrob.
1347 2858 1422 2893 Sat.
1442 2856 1503 2895 vii.
1522 2867 1543 2904 3
1562 2856 1604 2905 §§
1624 2865 1728 2902 7-10.

524 2936 590 2972 ²90
