1988 3250
252 182 335 222 793
352 170 382 212 d
726 170 928 215 IOANN
930 169 987 214 IS
1027 170 1539 215 SARESBERIENSIS
1635 170 1749 231 [mn.
1765 183 1860 215 vm

398 290 563 334 Iosiam
587 293 633 334 et
662 291 894 335 Ezechiam
923 305 1048 348 reges
1077 305 1229 335 omnes
1262 292 1471 349 reprobos
1501 291 1708 334 habuisse
1738 304 1861 333 mon-

250 374 332 415 794
351 375 382 405 a
398 363 580 404 stratur.
629 360 909 404 Salomonem
923 363 1075 403 tamen
1095 363 1141 404 et
1155 360 1271 404 forte
1291 361 1463 418 aliquos
1477 361 1665 404 aliorum
1685 360 1733 402 in
1748 359 1863 403 Iuda

397 430 673 474 conualuisse
708 429 838 474 facile
869 430 1142 481 crediderim,
1174 430 1366 474 Domino
1397 432 1646 474 reuocante.
1706 429 1862 472 Michi·

398 514 484 556 que
511 499 642 543 facile
670 499 1010 557 persuadebitur
1037 499 1251 557 populum
1280 499 1418 542 durae
1447 499 1631 543 ceruicis
1661 501 1707 542 et
1732 497 1864 541 corde

398 568 657 612 indomabili
670 571 716 612 et
729 569 805 626 qui
822 583 994 625 semper
1010 568 1178 611 restitit
1198 568 1388 625 Spiritui
1401 571 1554 612 sancto
1567 571 1612 611 et
1626 583 1716 611 non
1731 567 1862 610 modo
1882 585 1902 619 5

397 637 583 694 Moysen
598 636 816 680 famulum
836 637 946 695 legis
966 637 1043 680 sed
1063 637 1207 680 Deum
1227 637 1456 680 dominum
1475 637 1585 695 legis
1604 636 1861 680 abhomina-

396 707 593 750 tionibus
612 707 814 764 gentium
835 707 893 749 ad
913 706 1186 749 iracundiam
1207 706 1468 763 prouocauit
1487 720 1568 763 pro
1588 706 1863 763 principibus

397 776 609 819 meruisse
628 776 841 819 tirannos.
915 775 1034 818 Nam
1053 776 1254 819 tirannos
1278 776 1387 832 quos
1415 778 1596 832 peccata
1618 775 1863 832 impetrant

396 845 615 889 inducunt
645 849 690 889 et
719 846 899 903 erigunt
932 845 1180 902 penitentia
1214 844 1332 888 delet
1366 844 1563 888 excludit
1597 847 1643 887 et
1671 844 1862 902 perimit.

398 915 458 958 Et
487 915 666 972 quidem
695 918 800 958 ante
829 929 954 972 reges
982 929 1095 966 suos,
1115 914 1230 957 sicut
1256 914 1460 957 Iudicum
1486 916 1641 956 narrat
1663 913 1862 966 historia,
1883 929 1928 956 ιο

396 985 648 1027 seruierunt
677 999 990 1042 saepenumero
1019 983 1101 1026 filii
1132 983 1270 1026 Israel
1298 983 1381 1026 sub
1410 983 1613 1036 tirannis,
1633 983 1787 1027 multis
1817 986 1865 1026 et

396 1054 535 1096 uariis
556 1069 636 1111 pro
655 1054 982 1111 dispensatione
1003 1053 1158 1095 diuina
1177 1052 1329 1096 afflicti
1349 1053 1633 1110 temporibus,
1648 1067 1864 1110 saepeque

397 1125 504 1166 sunt
533 1124 774 1167 clamantes
805 1123 862 1166 ad
898 1123 1138 1165 Dominum
1171 1122 1358 1165 liberati.
1434 1121 1702 1179 Licebatque
1735 1122 1864 1166 finito

398 1195 596 1250 tempore
616 1192 958 1250 dispensationis
978 1207 1082 1235 nece
1103 1192 1381 1235 tirannorum
1408 1194 1614 1235 excutere
1633 1192 1788 1250 iugum
1808 1192 1864 1235 de

352 1267 382 1305 b
400 1262 644 1306 ceruicibus
684 1262 799 1314 suis;
847 1276 928 1305 nec
975 1261 1210 1318 quisquam
1256 1275 1419 1312 eorum,
1461 1275 1649 1318 quorum
1693 1261 1864 1305 uirtute
1884 1276 1924 1312 ¹5

398 1332 602 1389 penitens
631 1334 677 1374 et
705 1331 966 1374 humiliatus
1001 1330 1190 1388 populus
1219 1330 1504 1382 liberabatur,
1538 1330 1754 1388 arguitur,
1786 1330 1865 1374 sed

398 1400 587 1444 iocunda
606 1405 881 1458 posterorum
902 1400 1114 1443 memoria
1129 1400 1255 1457 quasi
1275 1400 1479 1443 minister
1499 1400 1679 1443 Domini
1698 1414 1863 1444 memo-

397 1474 537 1513 ratur.
613 1470 742 1523 Quod
771 1470 1013 1527 suppositis
1042 1470 1183 1527 liquet
1212 1470 1438 1527 exemplis.
1514 1469 1864 1527 Seruieruntque

398 1539 478 1582 filii
507 1539 645 1583 Israel
674 1539 816 1597 Eglon
837 1540 930 1597 regi
956 1539 1088 1582 Moab
1112 1539 1261 1582 decem
1281 1542 1327 1582 et
1346 1542 1444 1582 octo
1465 1539 1616 1592 annis;
1646 1542 1692 1582 et
1711 1542 1864 1596 postea

396 1609 702 1653 clamauerunt
736 1609 793 1652 ad
828 1609 1079 1659 Dominum,
1110 1608 1187 1665 qui
1220 1608 1455 1652 suscitauit
1494 1608 1557 1652 eis
1596 1609 1863 1652 saluatorem
1883 1626 1926 1651 ιο

396 1679 612 1722 uocabulo
632 1678 753 1721 Aoth
773 1678 976 1721 inclitum
998 1677 1139 1720 filium
1157 1677 1258 1720 Iera
1276 1678 1356 1720 filii
1373 1678 1561 1730 Gemini,
1577 1679 1654 1736 qui
1673 1681 1864 1736 utraque

396 1763 533 1791 manu
565 1748 776 1791 utebatur
807 1762 888 1804 pro
922 1747 1092 1790 dextra.
1153 1747 1457 1804 Miseruntque
1489 1748 1570 1791 filii
1606 1748 1744 1791 Israel
1785 1762 1866 1805 per

396 1818 523 1861 illum
557 1831 742 1860 munera
778 1816 918 1874 Eglon
960 1817 1053 1874 regi
1095 1817 1248 1869 Moab;
1293 1817 1369 1874 qui
1403 1817 1510 1861 feeit
1541 1818 1625 1860 sibi
1665 1817 1865 1875 gladium

397 1888 635 1945 ancipitem
656 1887 891 1930 habentem
914 1886 960 1928 in
987 1886 1132 1928 medio
1152 1887 1358 1943 capulum
1379 1887 1672 1945 longitudinis
1691 1887 1866 1945 palmae

397 1971 555 2000 manus
585 1959 631 1999 et
660 1956 881 1999 accinctus
911 1958 979 1998 est
1008 1970 1059 1998 eo
1079 1955 1233 1998 subter
1256 1971 1411 2013 sagum
1433 1956 1479 1999 in
1509 1956 1668 2000 dextro
1698 1956 1865 2000 femore
1884 1976 1926 2011 ²5

397 2026 648 2083 obtulitque
678 2039 862 2068 munera
892 2025 1034 2082 Eglon
1065 2025 1157 2082 regi
1190 2025 1330 2068 Moab.
1392 2026 1503 2069 Erat
1531 2030 1681 2070 autem
1722 2026 1866 2084 Eglon

358 2113 382 2143 c
399 2110 570 2139 crassus
602 2094 745 2137 nimis.
805 2093 1006 2151 Cumque
1041 2094 1275 2137 obtulisset
1309 2095 1349 2138 ei
1384 2110 1580 2147 munera,
1609 2099 1867 2154 prosecutus

399 2168 465 2208 est
486 2165 624 2208 socios
641 2163 716 2221 qui
737 2178 836 2207 cum
853 2178 904 2207 eo
925 2167 1152 2208 uenerant.
1194 2164 1252 2207 Et
1273 2179 1476 2208 reuersus
1494 2169 1562 2208 est
1581 2165 1636 2209 de
1657 2165 1867 2224 Galgalis,

398 2289 422 2325 6
447 2286 590 2323 moisen
609 2286 633 2322 S
758 2294 798 2332 15
825 2283 1022 2331 quisquam
1039 2286 1169 2331 scripsi
1180 2298 1188 2321 :
1214 2296 1441 2332 quemquam
1459 2285 1625 2323 CBASM
1748 2295 1803 2333 17,
1824 2288 1867 2324 18

401 2335 633 2371 memoratur
666 2332 872 2371 honoratur
889 2333 920 2368 A
938 2344 1051 2378 mar-9.
1069 2331 1094 2368 S
1231 2335 1271 2369 18
1296 2334 1363 2369 sub
1393 2333 1500 2370 ositis
1518 2333 1542 2371 S
1689 2343 1733 2380 19
1757 2347 1780 2371 x
1799 2334 1867 2371 SM

400 2381 466 2418 viii
484 2380 605 2418 CBAS
763 2390 805 2417 21
833 2391 926 2427 gera
942 2378 1008 2415 SM
1127 2390 1172 2416 22
1198 2379 1335 2417 israhel
1498 2391 1541 2427 27
1567 2380 1604 2419 ei
1620 2380 1818 2419 obtulisset
1834 2383 1868 2419 A

450 2496 469 2521 2
495 2486 719 2521 Salomonem
737 2486 830 2521 ete:
855 2482 911 2521 De
929 2483 1139 2521 Salomonis
1157 2483 1398 2531 poenitentia
1420 2484 1468 2521 cf.
1494 2484 1648 2522 Hieron.
1673 2486 1714 2521 in
1737 2486 1864 2523 Ezech.

400 2534 498 2568 xliii.
522 2543 565 2569 10
575 2544 611 2568 ee
633 2545 664 2578 q.
685 2531 832 2586 (Migne
849 2533 888 2568 P.
907 2533 948 2567 L.
968 2542 1050 2567 xxv.
1070 2533 1165 2585 419).
1334 2542 1357 2577 4
1376 2533 1557 2578 populum
1574 2534 1646 2569 etc.
1663 2545 1672 2569 :
1697 2545 1729 2569 v.
1749 2532 1865 2570 Exod.

402 2579 518 2617 xxxii.
537 2590 571 2625 9,
623 2578 724 2616 zech.
744 2591 783 2615 ιι.
803 2589 835 2623 4,
851 2579 936 2615 Act,
954 2579 1050 2632 App.
1071 2579 1133 2614 vii.
1156 2588 1209 2632 51.
1378 2590 1421 2617 10
1444 2581 1536 2616 sicut
1552 2582 1721 2616 Indicum
1738 2586 1868 2617 namt

401 2629 574 2663 hierar-ia:
611 2626 830 2673 praesertim
860 2626 901 2662 in
935 2626 1103 2673 capitulo
1138 2626 1191 2661 ini.
1365 2636 1407 2671 14
1440 2633 1599 2664 excutere
1624 2630 1749 2673 iuyum
1773 2630 1866 2665 etc-z

402 2687 434 2711 v.
461 2675 555 2711 Gen.
581 2673 692 2710 xxvii.
721 2685 778 2718 4ο.
965 2679 1004 2711 18
1038 2676 1316 2720 Seruiemntque
1341 2676 1438 2712 etc.:
1476 2674 1594 2711 Iudic.
1621 2674 1677 2713 iii.
1707 2685 1749 2721 14
1765 2687 1865 2732 seqq.

402 2732 442 2759 21
474 2723 637 2757 inclitum
653 2733 661 2757 ι
690 2721 769 2757 Hoc
783 2719 1002 2758 vocabulum
1016 2720 1164 2757 addidit
1183 2720 1365 2759 Ioannes:
1389 2734 1421 2760 v.
1434 2721 1538 2769 Orig.
1552 2724 1592 2758 in
1606 2723 1687 2759 Iud.
1703 2723 1808 2759 Hom.
1822 2734 1866 2759 w.

402 2769 547 2815 (Migne
566 2770 700 2806 Patr-ol.
720 2770 844 2805 Gracc.
860 2768 925 2807 xii.
939 2770 1023 2813 967)
1043 2771 1151 2805 Aioth
1166 2771 1230 2815 qui
1247 2772 1510 2816 interpretatur
1524 2771 1626 2817 ἱαιιες
1653 2770 1701 2807 cf.
1714 2770 1867 2808 Hieron.

400 2819 444 2854 de
461 2817 563 2854 Nom.
582 2817 691 2853 Ilebr.
710 2815 857 2863 (Migne
874 2818 914 2853 P.
932 2818 975 2854 L.
994 2815 1098 2852 xxiii.
1117 2818 1213 2863 810).

513 2896 575 2933 ³7⁴
