1988 3250
226 226 312 274 656
331 223 360 264 d
711 224 972 269 IOANNIS
1003 224 1518 269 SARESBERIENSIS
1649 224 1763 283 [12113.
1773 232 1850 272 νη

376 345 608 402 praeuisus
637 359 776 396 casus,
803 345 887 388 etsi
916 359 1096 388 amarus
1125 345 1196 395 sit,
1223 345 1399 402 proficit
1427 344 1484 388 ad
1513 344 1762 398 cautelam;
1802 347 1848 388 et

377 429 465 471 quo
485 413 748 458 familiarior
771 414 862 458 fuit
881 429 982 458 cum
1001 414 1178 457 labente
1197 414 1394 466 societas,
1413 429 1465 458 eo
1483 429 1611 458 casus
1630 428 1848 471 quemque

377 483 520 541 magis
541 484 785 536 absterret3
815 483 1033 541 siquidem
1055 483 1269 540 exemplis
1300 498 1430 541 saepe
1455 484 1598 541 magis
1617 483 1850 541 proficitur

378 567 512 610 quam
531 553 788 610 praeceptis.
849 553 970 596 Mala
990 552 1108 596 enim
1130 552 1336 595 uitantur
1355 552 1532 596 facilius
1559 567 1646 610 quo
1673 552 1849 596 fidelius

377 622 663 680 praecognita
702 622 883 666 fuerint.
958 622 1048 664 Vix
1088 625 1134 664 et
1174 621 1498 678 quodammodo
1537 622 1657 665 solus
1704 621 1850 665 euasit
1867 639 1888 675 5

378 691 546 744 Vlixes,
567 692 644 735 sed
675 691 733 734 ad
762 691 1067 749 philosophiae
1098 691 1417 734 iocunditatem
1448 694 1494 734 et
1523 691 1650 748 quasi
1680 690 1850 748 patrias

378 760 633 818 uoluptates
653 761 881 818 pauciores
902 760 1112 804 euadunt.
1173 759 1400 804 Consonat
1421 759 1472 810 ei,
1493 760 1531 803 si
1551 760 1726 803 liricum
1750 774 1851 803 con·

379 830 543 873 ticente
563 830 648 873 lira
668 830 867 887 dignaris
888 830 1054 879 audire,
1069 829 1252 872 Flaccus
1273 827 1383 886 (aut,
1404 829 1442 872 si
1462 829 1617 883 mauis,
1638 829 1852 885 Gratius),

380 900 457 956 qui
477 899 578 956 plus
594 899 839 942 honestatis
860 901 905 942 et
924 898 1137 941 utilitatis
1157 913 1203 941 se
1223 899 1343 956 apud
1360 898 1610 941 Meonidem
1629 898 1852 942 inuenisse

379 969 636 1026 gratulatur
661 983 795 1026 quam
821 968 1018 1026 plurium
1040 967 1291 1011 Stoicorum
1318 967 1378 1011 sit
1404 968 1652 1025 praeceptis
1675 981 1851 1025 expres·
1874 985 1915 1009 10

379 1053 492 1083 sum.
548 1039 629 1082 Ait
647 1039 788 1082 enim:

237 1144 318 1193 657
338 1151 370 1183 a
441 1136 621 1180 Troiani
650 1137 755 1180 belli
783 1137 1054 1194 scriptorem,
1083 1135 1279 1178 Maxime
1309 1134 1435 1186 Lolli,

442 1196 549 1238 dum
579 1199 631 1238 tu
661 1195 879 1238 declamas
909 1195 1086 1244 Romae,
1117 1193 1352 1236 Praeneste
1381 1193 1529 1250 relegi,

441 1254 518 1311 qui
550 1254 657 1310 quid
687 1253 747 1296 sit
775 1253 990 1310 pulcrum,
1016 1252 1124 1309 quid
1154 1255 1300 1309 turpe,
1323 1251 1430 1308 quid
1460 1251 1583 1303 utile,
1611 1250 1720 1308 quid
1749 1265 1853 1304 non,

472 1311 637 1355 ulcrius
667 1315 713 1354 et
741 1311 898 1354 melius
929 1310 1133 1367 Crisippo
1164 1313 1209 1353 et
1238 1309 1432 1353 Cantore
1461 1309 1582 1354 dicit.
1875 1323 1915 1358 15

480 1370 625 1422 abula,
656 1384 744 1427 qua
774 1372 956 1426 propter
985 1368 1157 1411 Paridis
1186 1371 1397 1411 narratur
1425 1382 1621 1411 amorem

441 1427 599 1471 Grecia
628 1428 859 1470 barbariae
888 1427 1009 1470 lento
1039 1426 1190 1469 collisa
1218 1426 1378 1478 duello,

440 1487 680 1530 stultorum
710 1501 865 1543 regum
894 1489 940 1528 et
969 1485 1233 1542 populorum
1263 1484 1461 1528 continet
1490 1486 1621 1527 estus.

441 1545 644 1587 Antenor
672 1544 776 1587 belli
804 1546 953 1587 censet
981 1543 1253 1600 praescidere
1282 1556 1447 1586 causas.

444 1602 563 1656 Quid
595 1603 751 1646 Paris?
791 1605 843 1645 ut
872 1604 1028 1659 regnet
1057 1601 1209 1644 saluus
1238 1601 1453 1657 uiuatque
1482 1600 1639 1643 beatus
1874 1617 1919 1641 πο

443 1663 1002 1762 Ξίῗίδξὲἒὲθᾱὲῗὶξᾶξῇὠθτθ
1032 1719 1166 1774 atque
1195 1717 1379 1760 libidine
1409 1718 1456 1759 et
1484 1716 1552 1759 ira

443 1778 604 1821 Iliacos
632 1777 753 1820 intra
781 1791 930 1819 muros
960 1780 1167 1832 peccatur
1196 1778 1241 1818 et
1270 1778 1412 1818 extra.

444 1835 665 1893 Quicquid
694 1835 887 1878 delirant
916 1849 1051 1891 reges,
1082 1834 1339 1891 plectuntur
1367 1832 1540 1876 Achiui.

388 1933 482 1991 Ego
511 1935 662 1976 autem
691 1932 739 1975 in
769 1932 946 1975 illorum
987 1931 1253 1974 sententiam
1284 1930 1493 1974 facillime
1523 1930 1629 1974 cedo
1658 1930 1734 1987 qui
1765 1944 1855 1974 non
1877 1949 1917 1983 ²5

386 2003 574 2047 credunt
603 2003 699 2045 sine
728 2001 914 2045 lectione
946 2004 1176 2044 auctorum
1207 2015 1333 2058 posse
1363 2000 1458 2043 fieri
1490 1999 1711 2043 hominem
1736 1999 1855 2044 litte-

338 2077 368 2117 b
389 2076 548 2115 ratum.
609 2072 882 2115 Litterarum
906 2074 1055 2114 tamen
1086 2070 1212 2127 copia
1238 2084 1518 2127 nequaquam
1544 2069 1857 2127 philosophum

389 2142 500 2186 facit
516 2156 525 2194 3
554 2141 702 2200 gratia
722 2140 939 2197 siquidem
956 2143 1024 2183 est
1044 2154 1157 2196 quae
1176 2139 1234 2182 ad
1255 2139 1517 2196 sapientiam
1535 2138 1628 2181 sola
1643 2138 1858 2195 perducit.

389 2212 443 2255 In
465 2227 638 2255 summa
657 2211 874 2268 siquidem
902 2210 1027 2267 copia
1053 2210 1304 2253 litterarum
1336 2212 1416 2252 aut
1443 2209 1697 2266 ignorantia
1722 2209 1856 2251 inter-

388 2282 494 2325 dum
523 2285 603 2325 aut
629 2280 903 2338 negligentia
931 2279 1137 2323 ueritatis
1165 2283 1248 2332 est,
1265 2279 1360 2322 sine
1385 2293 1474 2335 qua
1500 2278 1770 2334 impossibile
1791 2280 1859 2321 est
1878 2294 1920 2328 30

389 2365 655 2408 quemquam
687 2350 782 2392 fieri
811 2349 1068 2406 sapientem.
1130 2348 1256 2391 Vnde
1281 2351 1326 2391 et
1356 2348 1509 2391 doctor
1534 2348 1607 2390 illc
1630 2347 1859 2399 Ecclesiae,

389 2420 515 2464 cuius
534 2435 663 2463 nemo
683 2418 792 2463 satis
820 2433 988 2462 memor
1014 2433 1106 2462 esse
1137 2421 1294 2475 potest,
1315 2417 1594 2475 Augustinus
1615 2417 1860 2469 Varronem

389 2552 411 2587 8
430 2549 551 2586 maius
569 2547 594 2584 S
714 2546 884 2602 horatius
902 2546 944 2601 A·
1069 2593 1076 2601 ⁸
1095 2556 1138 2583 10
1160 2547 1220 2601 pto
1247 2556 1376 2582 corum
1395 2546 1427 2581 A
1545 2545 1773 2592 praeceptis]
1794 2555 1861 2592 pre

390 2596 525 2635 “em
543 2596 573 2651 4
706 2606 773 2678 41⁴
798 2606 863 2642 ‘³¹¹¹
882 2593 972 2678 ‘¹23³
1005 2593 1382 2678 ssss‘issffidomqi'fffl
1463 2649 1507 2686 27
1541 2592 1861 2678 ’ἔειριῗιῖιξῗῗαῗ

391 2642 895 2729 iignphb‘ihtizhiriAliwmtum
915 2690 947 2724 A
1042 2669 1320 2736 phylosophum
1339 2687 1377 2723 M
1530 2653 1557 2687 Ρ
1851 2668 1860 2680 ⁸

438 2826 458 2862 7
486 2818 541 2852 ei:
569 2826 617 2851 oc.
633 2816 691 2858 (ut
708 2814 868 2859 videtur)
883 2813 1070 2851 Ciceroni.
1148 2824 1189 2850 ¹²
1218 2814 1372 2850 Troiani
1388 2813 1472 2849 bella·
1483 2815 1578 2850 eta:
1605 2813 1693 2850 Hor.
1708 2813 1768 2859 Ep
1791 2811 1814 2848 i.
1826 2821 1860 2849 2.

396 2865 590 2908 1-4,6-11,
611 2871 663 2909 15,
682 2864 734 2906 16,
755 2872 804 2908 14.
879 2871 919 2910 15
932 2863 1117 2909 pulcru'ue:
1131 2863 1288 2908 planius
1299 2860 1388 2899 Hor.
1453 2871 1501 2908 3ο
1516 2871 1606 2908 qua:
1625 2859 1859 2899 tomeritate.
