1988 3250
265 251 350 292 806
373 261 397 291 c
739 252 1000 298 IOANNIS
1041 251 1552 298 SARESBERIENSIS
1658 249 1770 311 [mn.
1783 261 1876 295 vm

414 373 576 416 sissimi
594 374 791 418 martiris
810 378 856 418 et
874 374 991 432 regis
1018 373 1268 417 Eadmundi
1288 387 1469 416 manum
1490 373 1700 417 exercuit.
1759 370 1874 415 Cum

413 443 531 485 enim
563 443 739 487 Suanus
770 443 1028 487 Britanniae
1063 443 1264 494 insulam,
1296 458 1429 500 quam
1460 457 1517 486 ex
1550 457 1712 500 magna
1745 443 1874 498 parte

411 516 715 570 occupauerat,
752 516 951 557 uastaret
1001 513 1211 570 spoliaret
1250 516 1295 556 et
1332 512 1530 555 membra
1568 511 1736 556 Christi
1774 525 1872 568 per-

410 582 707 626 secutionibus
726 583 878 626 multis
898 583 1123 640 affligeret,
1135 582 1373 625 indictione
1393 596 1559 632 census,
1574 595 1703 638 quem
1719 580 1874 636 lingua

409 651 656 709 Anglorum
700 652 1007 710 Danageldum
1052 651 1295 703 nominant,
1334 651 1607 708 prouinciam
1655 649 1870 701 onerauit,
1890 665 1909 699 5

407 722 715 779 praecepitque
753 721 1046 779 possessiones
1083 720 1315 763 memorati
1354 720 1551 762 martiris
1589 719 1788 763 conferre
1823 720 1871 762 in

406 804 595 834 censum.
642 791 1037 848 Supplicatumque
1057 793 1124 833 est
1140 789 1204 841 ei;
1228 789 1492 845 contempsit
1504 803 1662 845 preces.
1708 789 1871 834 Missus

407 873 434 901 a
459 861 642 903 martire
671 861 901 918 religiosus
928 859 1069 902 frater
1094 859 1177 902 sub
1204 858 1563 902 interminatione
1589 858 1786 902 inhibuit
1813 873 1871 902 ne

407 929 631 972 ecclesiam
653 929 832 980 Christi,
848 930 1027 972 domum
1047 928 1258 981 martiris,
1271 931 1317 971 et
1334 927 1517 970 liberam
1538 926 1755 970 familiam
1775 928 1870 971 eius

406 998 611 1042 tirannus
647 999 846 1042 indebita
883 1001 1102 1055 premeret
1140 998 1367 1041 seruitute.
1446 997 1534 1040 Sed
1573 997 1778 1054 impietas
1811 997 1869 1040 ad
1889 1014 1930 1038 ιο

360 1074 389 1115 d
407 1082 555 1124 preces
594 1068 839 1120 absurduit‚
879 1067 1094 1110 intumuit
1132 1067 1189 1110 ad
1228 1067 1583 1124 prohibitionem,
1623 1067 1680 1109 ad
1726 1067 1870 1110 minas

405 1137 619 1190 induruit,
640 1141 686 1181 et
704 1138 910 1181 conuitiis
934 1140 980 1180 et
1007 1137 1182 1180 iniuriis
1208 1135 1400 1179 afficiens
1423 1135 1635 1179 humilem
1659 1136 1868 1179 nuntium

403 1205 488 1249 Dei
523 1207 725 1250 ultricem
756 1207 1018 1250 accelerauit
1048 1221 1243 1259 manum,
1273 1205 1495 1263 flagellum
1525 1205 1796 1262 prouocauit,
1823 1208 1868 1249 et

402 1276 619 1332 patientia
631 1276 714 1319 Dei
730 1279 982 1333 contempta
997 1275 1246 1319 temeritate
1258 1290 1384 1319 cecus
1398 1275 1586 1318 incurrit
1605 1275 1652 1317 in
1665 1277 1865 1321 mortem.

404 1345 497 1388 Nec
527 1361 660 1389 mora.
720 1346 845 1389 Inter
870 1346 1034 1389 milites
1063 1360 1198 1403 agens
1224 1345 1272 1387 in
1298 1345 1453 1388 castris
1478 1345 1609 1399 soluS‚
1629 1345 1744 1388 sicut
1770 1345 1864 1403 ipse
1883 1363 1925 1398 ¹5

400 1414 626 1458 confessus
660 1419 738 1466 est,
769 1430 869 1458 cum
898 1415 988 1458 telo
1016 1415 1133 1457 uidit
1161 1414 1312 1457 adesse
1342 1415 1520 1457 beatum
1552 1414 1864 1458 Eadmundum

399 1484 698 1541 increpantem
714 1499 814 1527 eum
835 1484 1067 1527 durissime
1088 1487 1133 1527 et
1152 1484 1404 1528 caedentem
1424 1483 1481 1526 ad
1496 1486 1696 1527 mortem.
1745 1483 1864 1527 Nam

398 1553 603 1596 tirannus
633 1569 656 1596 e
686 1554 876 1612 uestigio
902 1554 1138 1611 expirauit.
1196 1553 1255 1597 Et
1286 1554 1343 1596 ab
1373 1569 1424 1597 ea
1453 1554 1630 1611 quidem
1657 1554 1739 1607 die,
1760 1554 1865 1598 licet

399 1622 545 1665 insula
577 1637 735 1680 graues
770 1622 970 1666 tirannos
1004 1622 1223 1675 habuerit,
1252 1623 1431 1666 ecclesia
1460 1623 1578 1666 beati
1610 1623 1861 1666 Eadmundi

398 1706 426 1733 a
460 1691 663 1748 praefata
694 1692 933 1735 indictione
966 1692 1058 1735 fisci
1090 1692 1254 1735 mansit
1285 1692 1507 1734 immunis.
1567 1692 1710 1736 Nemo
1741 1693 1860 1735 enim
1880 1709 1924 1734 ao

397 1775 547 1803 eorum
583 1761 810 1804 martirem
842 1776 975 1804 ausus
1010 1764 1077 1804 est
1110 1776 1347 1818 prouocare
1381 1764 1461 1804 aut
1492 1762 1539 1803 in
1573 1762 1862 1819 opprimenda

396 1829 576 1873 ecclesia
595 1830 689 1873 eius
709 1830 952 1887 perieulum
973 1829 1116 1874 facere
1141 1831 1222 1874 sui.
1283 1830 1461 1873 Nostris
1480 1834 1629 1874 tamen
1650 1831 1858 1888 tempori-

247 1903 329 1956 807
349 1914 379 1944 a
395 1898 478 1943 bus
499 1899 763 1943 Eustachius
783 1900 900 1943 filius
928 1900 1155 1957 Stephani,
1176 1899 1252 1956 qui
1278 1900 1324 1942 in
1353 1900 1589 1943 Ecclesiam
1609 1900 1693 1943 Dei
1714 1900 1857 1944 seuire

395 1969 665 2021 decreuerat,
696 1985 796 2014 cum
828 1970 976 2013 omnia
1011 1984 1091 2027 pro
1125 1969 1295 2012 uiribus
1329 1969 1622 2027 depopulatus
1655 1974 1780 2023 esset,
1812 1973 1859 2015 et

394 2042 558 2082 terram
594 2039 711 2082 beati
748 2039 1010 2091 Eadmundi,
1043 2038 1113 2082 cui
1145 2053 1296 2082 omnes
1326 2039 1566 2096 praedones
1593 2039 1858 2094 detulerant,
1877 2053 1917 2089 ²⁵

393 2107 565 2151 uideret
596 2108 865 2165 opulentam,
895 2108 1067 2165 sibique
1102 2123 1190 2151 non
1226 2111 1352 2162 esset,
1387 2109 1658 2166 consumptis
1697 2110 1855 2167 opibus

394 2255 414 2291 7
442 2257 570 2292 preces
587 2245 818 2292 contempsit
833 2244 880 2282 A¹
1008 2247 1029 2283 8
1055 2248 1220 2292 martyre
1239 2245 1268 2281 B
1400 2257 1422 2293 9
1448 2248 1546 2282 mart
1574 2247 1624 2283 ris
1640 2246 1673 2283 A
1811 2258 1851 2286 11

392 2293 586 2330 absorduit
603 2294 630 2330 C
645 2307 652 2330 :
681 2293 876 2331 obsurduit
894 2293 950 2330 Bs
1145 2303 1183 2339 ¹5
1205 2299 1288 2339 post
1305 2305 1410 2330 mora
1427 2297 1510 2330 add.
1563 2307 1624 2330 am
1642 2295 1816 2333 tirannus
1833 2307 1854 2332 e

394 2341 554 2424 uestigio
570 2341 761 2388 expirauit
779 2341 807 2376 P
999 2350 1052 2386 17,
1075 2342 1115 2377 18
1142 2341 1236 2377 Nam
1255 2341 1425 2379 tirannus
1442 2353 1462 2378 e
1485 2341 1646 2390 uestigio
1663 2342 1854 2390 expirauit

392 2401 458 2425 om.
606 2391 646 2426 18
671 2391 855 2435 tyrannus
869 2387 940 2424 AM
1037 2388 1244 2435 exspirauit
1263 2388 1302 2424 M

442 2516 471 2550 ¹,
489 2516 510 2542 2
540 2507 630 2542 Cum
647 2508 742 2542 enim
759 2508 905 2543 Suanus
924 2508 1016 2544 etc:
1042 2506 1088 2543 cf.
1109 2505 1206 2543 Flor.
1226 2507 1326 2553 Wig.
1348 2509 1478 2544 chron.
1497 2508 1556 2545 ed.
1576 2507 1656 2544 'rho
1705 2519 1724 2545 e
1741 2507 1766 2544 i.
1785 2520 1850 2556 pp.

392 2555 470 2595 168.
492 2554 567 2599 169.
594 2554 662 2590 sub
687 2565 721 2591 a.
747 2564 857 2600 1014;
882 2556 922 2591 et
948 2554 1025 2590 Lib.
1051 2556 1305 2590 miraculorum
1331 2557 1365 2591 S.
1384 2557 1575 2591 Edmundi
1598 2568 1657 2602 ap.
1719 2558 1851 2594 artene

387 2602 420 2637 δι
440 2599 592 2637 Dux-and
618 2603 687 2636 Vet.
707 2604 835 2648 Script.
853 2606 885 2637 et
902 2603 1061 2637 Manum.
1079 2603 1189 2647 ampl.
1207 2604 1281 2638 coll.
1300 2602 1348 2638 vi.
1368 2605 1436 2647 824
1447 2614 1510 2649 seq
1541 2631 1547 2638 .
1685 2612 1725 2650 15
1751 2605 1854 2640 Inter

387 2650 519 2683 militen
535 2650 606 2684 etc.
623 2662 630 2684 :
658 2648 759 2685 Haec
777 2660 890 2695 usque
907 2649 954 2685 ad
981 2654 1125 2684 mortem
1143 2649 1262 2685 minio
1285 2650 1431 2686 notavit
1449 2650 1520 2686 Par
1548 2662 1630 2687 erus
1647 2649 1684 2686 in
1707 2650 1790 2687 cod.
1809 2651 1847 2687 C.

386 2706 428 2733 21
458 2697 641 2731 martirem
658 2709 770 2732 ausus
785 2702 834 2733 eu
853 2709 1069 2743 prouocare:
1096 2696 1211 2733 etiam
1238 2697 1330 2733 haec
1353 2697 1472 2734 minio
1496 2698 1644 2734 notavit
1667 2698 1849 2735 Parkerus

387 2742 426 2778 in
445 2743 526 2779 cod.
545 2743 584 2779 C,
695 2754 751 2787 22,
771 2754 814 2790 23
840 2745 981 2780 Noutria
996 2749 1112 2779 tamen
1130 2746 1347 2790 temporibus
1364 2746 1435 2781 etc.
1453 2757 1460 2781 :
1486 2757 1518 2781 a.
1542 2755 1628 2792 ¹¹53
1645 2758 1654 2788 ς
1678 2746 1725 2782 cf.
1743 2743 1848 2783 Gerv.

385 2790 566 2827 Cantuar.
590 2790 634 2826 ed
660 2790 799 2826 Stubbs
820 2790 844 2827 i.
869 2803 904 2838 p,
936 2801 947 2827 1
980 2800 1010 2837 5.
1072 2790 1178 2827 Hanc
1203 2804 1279 2827 rem
1305 2791 1447 2838 primus
1471 2795 1666 2829 auctorum
1689 2804 1847 2839 quorum

385 2836 508 2874 adhuc
525 2840 678 2874 exstant
697 2837 782 2874 libri
801 2840 930 2875 narrat
948 2801 1106 2874 foanncs
1122 2841 1259 2876 noster.
1461 2849 1503 2887 25
1530 2841 1754 2877 detulerant:
1778 2839 1803 2877 i.
1816 2851 1847 2878 e.

386 2887 638 2933 pepercerant
656 2885 809 2922 honoris
824 2897 957 2929 cauam
982 2897 1013 2922 v.
1032 2884 1213 2934 Ducange
1230 2898 1256 2923 s.
1268 2898 1298 2924 v.
1317 2887 1463 2932 dqsem.

496 2965 561 3000 39⁴
