1988 3250
212 221 301 262 608
322 232 352 262 a
698 220 959 265 IOANNIS
1001 219 1518 264 SARESBERIENSIS
1659 218 1769 279 [ΜΒ.
1785 231 1837 263 VI

367 355 472 399 ergo
493 340 704 385 indicium
726 343 798 384 est>
813 340 989 393 laboris,
1008 340 1135 383 labor
1157 339 1337 383 honoris
1356 339 1578 392 meritum,
1597 341 1651 384 ut
1669 340 1839 397 liqueat

367 411 573 455 omnibus
588 410 706 468 quod
721 410 797 467 qui
810 410 1004 452 laborem
1018 409 1236 451 indictum
1251 408 1438 451 militiae
1450 409 1597 451 subire
1610 408 1840 459 detrectat,

366 481 579 538 honorem
608 479 746 537 gladii
776 479 823 521 in
853 478 1039 522 militari
1068 478 1246 535 cingulo
1273 477 1444 520 frustra
1473 481 1634 535 portat.
1693 478 1842 536 Ipsius

369 564 542 606 quoque
563 549 729 606 cinguli
749 562 873 592 cassa
897 550 964 591 est
991 547 1258 605 significatio
1284 547 1370 590 nisi
1399 547 1531 590 fidem
1552 548 1646 591 eius
1665 548 1843 591 roboret

369 622 416 662 et
445 619 604 662 solidet
633 619 770 662 labor.
829 618 992 660 Videas
1022 617 1187 660 multos
1216 616 1383 674 cinguli
1414 617 1579 660 honore
1608 620 1843 669 tumentes,
1861 633 1882 668 5

370 688 447 731 sed
481 688 568 731 nisi
602 688 814 730 honorem
849 686 1069 729 laboriosa
1100 686 1317 743 impleant
1351 686 1511 729 merita
1542 686 1660 729 idem
1693 689 1760 730 est
1794 701 1845 731 ac

372 758 411 801 si
441 772 522 815 pro
552 757 693 801 solida
723 756 975 800 substantia
1005 755 1105 812 quis
1134 756 1338 799 uenditet
1367 770 1583 813 spumam.
1643 756 1847 800 Profecto

325 828 355 867 b
374 827 536 885 dignus
570 830 638 870 est
666 826 951 884 priuilegium
982 826 1165 882 perdere
1195 826 1272 882 qui
1300 840 1504 868 concessa
1529 826 1614 868 sibi
1644 826 1849 869 abutitur

372 899 604 954 potestate.
664 896 884 938 Abutitur
922 898 1073 938 autem
1113 895 1213 952 quis
1252 896 1324 938 uel
1364 904 1454 938 non
1487 895 1689 939 faciendo
1729 894 1849 952 quod

373 969 550 1023 oportet
564 965 636 1008 uel
653 964 856 1008 faciendo
873 964 990 1021 quod
1006 964 1103 1007 fieri
1119 979 1208 1006 non
1224 966 1401 1021 oportet
1421 967 1478 1015 et,
1492 979 1593 1008 cum
1609 966 1848 1022 utrumque
1868 981 1911 1007 10

373 1035 433 1078 sit
460 1034 638 1085 malum,
666 1036 719 1076 ut
748 1034 923 1084 dicitur,
947 1035 1177 1090 peccatum
1205 1033 1366 1076 delicto
1392 1033 1576 1090 grauius
1604 1048 1697 1076 esse
1724 1033 1848 1077 solet.

374 1104 608 1161 Delinquit
638 1103 755 1147 enim
786 1103 863 1160 qui
893 1118 983 1146 non
1013 1103 1170 1159 implet
1199 1103 1414 1155 officium;
1444 1104 1518 1147 sed
1544 1103 1675 1160 plane
1699 1105 1852 1160 peccat

375 1174 575 1231 quisquis
614 1172 856 1217 committit
894 1172 1177 1215 contrarium.
1257 1173 1373 1216 Albo
1413 1173 1632 1230 siquidem
1671 1173 1852 1230 nigrum

373 1244 518 1301 magis
556 1242 798 1300 opponitur
837 1256 971 1298 quam
1010 1256 1100 1284 non
1143 1242 1306 1292 album,
1348 1245 1394 1285 et
1432 1243 1622 1286 tristitia
1659 1242 1851 1286 letitiam

374 1312 518 1370 magis
536 1312 772 1369 impugnat
788 1325 921 1368 quam
937 1325 1036 1368 spes
1050 1313 1131 1353 aut
1150 1311 1296 1362 timor,
1316 1326 1430 1368 quae
1449 1327 1593 1369 neque
1614 1312 1662 1354 111
1681 1311 1852 1355 letitiae
1873 1329 1912 1364 ¹5

376 1382 595 1425 rationem
625 1380 791 1423 cadunt
820 1394 900 1422 nec
930 1380 970 1422 ei
1001 1379 1194 1422 maxime
1223 1380 1530 1424 aduersantur.
1590 1381 1650 1424 Et
1673 1381 1852 1439 cingulo

378 1451 556 1508 quidem
586 1450 789 1493 abutitur
818 1451 911 1491 tam
939 1449 1014 1491 ille
1041 1449 1117 1505 qui
1144 1464 1235 1492 non
1262 1450 1419 1507 implet
1446 1451 1564 1508 quod
1590 1453 1767 1507 oportet
1796 1464 1854 1492 ex
1887 1473 1906 1503 .-

378 1520 565 1563 militiae
599 1521 875 1562 sacramento
907 1520 1137 1574 tamquam
1171 1518 1247 1560 ille
1280 1519 1356 1575 qui
1391 1519 1628 1576 impugnat
1666 1518 1854 1562 militiae

380 1591 716 1633 sacramentum.
769 1586 1001 1644 Delinquit
1016 1590 1166 1629 tamen
1186 1588 1369 1644 grauius
1385 1589 1461 1645 qui
1477 1589 1723 1646 impugnat,
1738 1588 1855 1631 sicut

338 1674 363 1704 e
381 1658 529 1704 hostis,
552 1671 686 1700 uerus
720 1657 884 1714 ignauo
919 1656 1062 1699 milite
1087 1656 1307 1705 ,odjbilior
1344 1660 1422 1701 est.
1482 1658 1610 1701 Vnde
1650 1658 1727 1715 qui
1758 1672 1853 1700 rem
1874 1674 1918 1698 20

380 1727 603 1784 publicam
634 1729 679 1769 et
708 1726 921 1768 inermem
950 1740 1131 1768 manum
1158 1726 1427 1770 militaribus
1454 1727 1590 1770 armis
1619 1727 1857 1784 impugnat

380 1796 620 1839 iustissime
647 1798 973 1845 exauctoratur,
994 1798 1223 1852 tamquam
1247 1796 1322 1839 ille
1343 1796 1419 1852 qui
1439 1797 1630 1854 figuram
1649 1797 1856 1840 hostilem

380 1865 588 1909 induerit.
649 1864 737 1907 Sed
761 1879 867 1921 prae
894 1865 1052 1908 ceteris
1079 1865 1284 1908 omnibus
1305 1865 1459 1908 diuino
1480 1869 1525 1909 et
1545 1866 1740 1909 humano
1760 1866 1858 1908 iure
1917 1859 1919 1862 ’

381 1935 565 1994 grauius
586 1934 811 1977 feriuntur
831 1934 1033 1991 sacrilegi
1055 1937 1100 1977 et
1120 1935 1167 1976 hi
1189 1935 1265 1991 qui
1286 1935 1425 1978 uariis
1445 1935 1857 1994 perturbationibus

382 2005 650 2062 impugnant
690 2003 928 2046 Ecclesiam
969 2003 1065 2055 Dei,
1103 2004 1265 2060 quibus
1304 2004 1378 2047 lex
1416 2019 1506 2048 non
1540 2004 1856 2062 praecisionem
1876 2023 1918 2058 ²5

383 2074 668 2117 dexterarum
695 2073 772 2115 sed
799 2087 957 2130 penam
983 2073 1153 2130 irrogat
1179 2074 1427 2131 capitalem.
1488 2074 1537 2117 Si
1561 2073 1857 2131 patrocinium

383 2142 561 2185 illorum
594 2145 823 2185 assumant
852 2141 1006 2186 Cicero
1042 2145 1087 2185 et
1119 2142 1419 2194 Demostenes,
1448 2143 1486 2186 si
1521 2143 1568 2186 in
1604 2143 1861 2187 defensione

385 2226 537 2255 eorum
561 2211 761 2269 linguam
788 2213 920 2254 acuat
947 2214 992 2255 et
1019 2212 1158 2255 totius
1188 2212 1355 2270 ingenii
1384 2212 1453 2256 sui
1480 2213 1599 2256 uires
1615 2212 1862 2258 ,exhauriat

387 2280 703 2333 Quintilianus,
730 2281 768 2324 si
799 2281 898 2324 iura
926 2281 1166 2338 uiguerint‚
1194 2282 1312 2338 quod
1342 2284 1443 2339 post
1473 2282 1618 2325 Deum
1647 2282 1695 2324 in
1724 2295 1862 2337 manu

386 2349 600 2407 principis
646 2353 724 2400 est,
765 2350 966 2393 fortunas
1012 2365 1164 2393 eorum
1209 2354 1254 2394 et
1300 2351 1448 2408 capita
1494 2351 1604 2408 quin
1649 2350 1862 2409 legitimis
1879 2368 1923 2404 30

387 2417 615 2475 suppliciis
646 2417 867 2461 feriantur
898 2419 1013 2462 tueri
1042 2434 1130 2461 non
1158 2422 1380 2476 poterunt.
1442 2419 1571 2474 Quod
1597 2420 1635 2463 si
1662 2420 1862 2477 gladium

390 2542 409 2577 7
438 2531 616 2570 uendicet
634 2533 673 2568 M
818 2543 838 2569 2
845 2508 872 2580 5⁸
889 2531 1158 2579 prescisionem
1176 2531 1243 2569 SM
1387 2544 1434 2580 30
1457 2533 1659 2581 legittimis
1677 2534 1779 2571 BsM

439 2641 459 2676 7
486 2633 645 2677 Pmsecto
663 2633 755 2668 etc:
782 2642 827 2667 ex
846 2630 1043 2678 Simplicio
1062 2643 1163 2678 papa
1179 2630 1275 2669 citat
1293 2631 1396 2668 Grat.
1416 2634 1552 2669 Decret.
1571 2632 1599 2669 I.
1617 2631 1732 2669 lxxiv.
1756 2642 1788 2679 7,
1814 2632 1864 2671 11.

390 2678 442 2715 xi.
462 2690 481 2723 3
497 2691 527 2715 c.
547 2680 593 2724 63
613 2678 835 2725 (Friedberg
851 2678 873 2713 i.
894 2680 972 2725 263,
992 2680 1088 2725 660).
1303 2690 1342 2715 12
1368 2681 1557 2726 Delinquit
1575 2683 1669 2717 etc:
1698 2680 1745 2716 cf.
1772 2680 1863 2719 Isid.

391 2728 481 2771 Diff.
500 2726 523 2763 i.
547 2736 610 2771 172
630 2725 776 2772 (Migne
798 2727 891 2762 ΠΕ.
910 2725 1055 2762 lxxxiii.
1079 2727 1139 2771 28)
1164 2727 1343 2762 Delictum
1365 2729 1514 2774 quidam
1539 2729 1614 2764 leue
1637 2734 1864 2775 putauerunt

391 2786 462 2810 esee
485 2779 679 2821 peccatum,
706 2776 810 2821 quasi
843 2775 1057 2819 neqle‘qentia
1086 2776 1306 2817 derelictum,
1337 2776 1558 2811 iniustitiam
1591 2788 1677 2812 uero
1706 2778 1866 2812 immane

391 2823 538 2869 aliquod
554 2834 768 2868 uacuumque
786 2822 1021 2858 commimmm.
1223 2823 1269 2859 26
1293 2824 1505 2869 capitalem:
1531 2834 1564 2861 v.
1581 2821 1666 2871 Dig.
1684 2822 1800 2860 xlviii.
1822 2833 1864 2870 13

394 2869 412 2917 §
433 2879 455 2917 9
472 2869 648 2915 Sacrileyi
663 2871 779 2916 capite
791 2870 1012 2916 puniuntur.

502 2939 547 2983 36
