1988 3250
222 219 306 269 805
324 220 353 259 b
680 215 942 262 IOANNIS
981 215 1494 260 SARESBERIENSIS
1613 213 1725 275 [ΜΒ.
1739 223 1833 258 vm

369 339 555 396 trophea
585 337 826 382 referentes
854 338 970 382 circa
996 338 1184 381 fluuium
1214 337 1418 387 Thirem;
1447 338 1606 381 horum
1635 351 1716 395 ego
1737 337 1834 379 dux

370 423 444 451 ero
477 408 760 466 belligerator
792 407 923 451 Mars.
983 407 1193 464 Quisquis
1232 421 1336 464 ergo
1368 407 1568 450 Phicium
1602 407 1831 450 Musarum

369 477 612 534 principem
658 480 704 520 et
741 477 969 520 dominum
1008 477 1193 520 rationis
1231 476 1382 530 credit,
1421 477 1514 519 uim
1554 479 1600 519 et
1637 478 1832 519 mentem

369 547 577 590 carminis
602 546 735 589 huius
764 546 1092 602 interpretetur.
1153 546 1251 599 Quo
1274 546 1408 589 miser
1433 545 1668 598 animatus,
1690 543 1832 588 omni-

369 615 544 659 modam
584 615 669 658 sibi
709 615 943 672 uictoriam
988 615 1224 666 somnians,
1268 615 1403 658 etiam
1448 614 1639 658 Galileos
1687 613 1832 656 delere
1851 629 1870 663 5

369 685 674 742 praeparabat.
732 684 774 727 A
794 684 997 741 plurimis
1016 687 1180 735 tamen,
1200 686 1253 726 ut
1278 683 1486 741 oportuit,
1505 683 1610 726 uilis
1628 684 1833 740 apostata

369 757 647 811 contemptus
668 756 749 799 est.
805 753 860 796 In
880 753 1118 795 Antiochia
1137 767 1326 809 namque
1346 752 1419 794 uir
1438 752 1618 808 quidam
1637 751 1832 808 optimus

368 823 622 880 pedagogus
635 822 976 866 adolescentium
989 822 1233 872 habitabat,
1246 824 1427 879 eratque
1439 821 1501 863 ibi
1514 820 1834 864 famosissimus

369 892 569 949 sophista
599 891 824 944 Libanius,
856 894 1093 948 expectans
1123 891 1356 934 uictoriam
1385 890 1550 933 Iuliani
1579 890 1833 946 habensque

370 976 476 1019 prae
515 961 652 1005 oculis
686 961 828 1003 minas
863 961 967 1003 eius.
1026 960 1107 1003 Ait
1137 975 1242 1018 ergo
1272 975 1424 1003 ueram
1459 959 1698 1002 deridendo
1731 959 1831 1002 reli·
1853 973 1894 998 10

370 1031 569 1089 gionem:
600 1031 732 1073 Nunc
753 1030 869 1072 fabri
891 1030 1030 1073 Filius
1050 1030 1157 1087 quid
1177 1032 1309 1087 putas
1329 1029 1454 1086 agit‘ss
1502 1028 1564 1072 At
1580 1029 1833 1086 pedagogus

330 1112 356 1142 c
371 1099 613 1157 completus
632 1100 777 1157 gratia
797 1099 936 1142 dixit:
966 1099 1004 1142 O
1032 1099 1242 1156 sophista,
1265 1098 1449 1143 Creator
1471 1098 1681 1148 omnium,
1702 1112 1833 1154 quem

372 1173 423 1213 tu
462 1169 579 1212 fabri
626 1169 766 1212 filium
817 1169 1068 1219 nominasti,
1113 1168 1315 1211 locellum
1365 1167 1618 1224 sepulturae
1656 1167 1837 1211 Iuliano

369 1239 604 1295 componit.
664 1238 768 1281 Post
794 1253 955 1295 paucos
984 1238 1077 1281 dies
1106 1253 1224 1280 mors
1253 1237 1490 1280 nuntiatur
1519 1236 1694 1287 Iuliani,
1714 1238 1760 1279 et
1784 1235 1833 1278 in

369 1307 522 1351 locello
541 1307 753 1351 aduectus
773 1310 852 1357 est,
872 1307 1179 1364 minarumque
1199 1307 1333 1350 timor
1356 1309 1607 1350 euacuatus.
1667 1305 1832 1349 Eodem
1852 1322 1892 1357 15

370 1391 543 1434 quoque
582 1380 778 1434 tempore
812 1377 884 1419 uir
922 1377 1275 1434 religiosissimus
1309 1376 1510 1419 Iulianus
1543 1378 1834 1434 cognomento

371 1445 489 1488 Saba
520 1446 693 1488 subitae
725 1445 965 1488 hilaritatis
996 1460 1173 1489 causam
1213 1461 1240 1488 a
1278 1445 1495 1488 ministris
1533 1445 1834 1502 interrogatus

371 1515 622 1572 respondit:
663 1515 800 1558 Ferus
832 1530 979 1558 sacrae
1009 1515 1165 1558 uineae
1194 1515 1451 1558 deuastator
1482 1529 1618 1571 penas
1650 1515 1834 1557 exactus

370 1587 438 1628 est
467 1584 730 1627 uastationis
757 1598 862 1627 suae
891 1585 1090 1642 iacetque
1113 1586 1314 1627 mortuus
1342 1583 1585 1627 terroribus
1613 1583 1832 1639 minisque

371 1653 626 1696 frustratus.
688 1653 776 1696 Sed
796 1653 1108 1710 exprimendus
1129 1656 1196 1696 est
1215 1653 1322 1697 ordo
1342 1667 1429 1710 quo
1456 1652 1642 1696 decessit
1667 1652 1831 1710 impius
1851 1668 1898 1692 ιο

370 1725 632 1780 persecutor.
689 1722 803 1767 Cum
824 1738 928 1780 ergo
948 1726 1040 1766 tam
1060 1723 1178 1766 ciues
1198 1737 1331 1780 quam
1351 1722 1498 1766 hostes
1525 1722 1639 1766 bello
1660 1722 1833 1765 Persico

370 1793 594 1836 laboribus
624 1796 669 1836 et
703 1792 821 1835 fame
855 1793 1161 1850 multipliciter
1193 1792 1434 1844 afflixisset,
1465 1792 1647 1835 ueniens
1681 1791 1832 1835 Thesi-

370 1861 582 1918 phontem
613 1862 841 1905 ciuitatem
877 1862 923 1904 in
963 1866 1139 1905 tantum
1179 1862 1351 1905 obsedit
1390 1876 1537 1919 regem
1577 1863 1630 1904 ut
1667 1860 1833 1904 crebris

370 1930 664 1988 legationibus
698 1932 737 1974 ei
769 1933 946 1975 offerret
984 1935 1155 1989 partem
1196 1932 1333 1989 regni,
1366 1931 1473 1974 dum
1511 1931 1683 1974 solutus
1716 1930 1831 1974 bello

323 2004 352 2044 d
369 2000 634 2052 discederet;
663 2001 780 2058 quod
799 2001 1063 2058 contempsit
1082 2001 1321 2058 imperator
1336 2001 1478 2044 elatus
1497 2015 1576 2044 nec
1596 2000 1830 2044 attendens
1849 2017 1888 2052 ²5

370 2069 476 2126 quia
507 2070 682 2113 uincere
717 2070 893 2127 quidem
930 2071 1092 2114 bonum
1128 2075 1206 2121 est,
1244 2071 1552 2128 superuincere
1590 2070 1723 2113 nimis
1764 2070 1831 2113 in-

371 2139 601 2181 uidiosum.
661 2138 923 2182 Confidebat
947 2139 1064 2182 enim
1095 2140 1276 2197 magicis
1305 2139 1489 2195 artibus,
1511 2141 1568 2190 et,
1589 2139 1836 2182 arbitratus

369 2207 609 2251 secundum
636 2207 944 2265 Pithagoream
974 2208 1223 2265 opinionem
1252 2209 1422 2251 animas
1448 2208 1624 2251 diuersa
1650 2222 1832 2265 corpora

370 2290 616 2334 peragrare,
632 2291 677 2319 se
693 2277 898 2320 credebat
913 2277 1132 2335 possidere
1148 2278 1340 2320 animam
1356 2277 1598 2320 Alexandri
1620 2281 1699 2321 aut
1715 2277 1831 2335 quod

371 2346 518 2402 potius
539 2346 584 2388 in
605 2346 745 2390 altero
764 2361 942 2404 corpore
962 2350 1075 2390 esset
1087 2347 1200 2390 alius
1214 2347 1476 2392 Alexander.
1523 2347 1832 2400 Querebantur
1849 2361 1894 2397 30

361 2430 475 2472 ,crgo
496 2415 681 2458 Romani
703 2415 757 2458 de
778 2416 973 2473 principe
999 2416 1073 2473 qui
1103 2416 1265 2459 bellum
1296 2417 1422 2460 finire
1449 2417 1638 2468 nolebat,
1658 2417 1831 2461 resiste-

372 2485 480 2527 bant
501 2488 649 2527 tamcn
681 2485 987 2528 insistentibus
1019 2486 1161 2528 Persis
1192 2487 1256 2529 ita
1286 2490 1337 2529 ut
1368 2486 1623 2544 frequenter
1651 2501 1768 2530 nunc
1798 2486 1830 2530 ii

375 2582 389 2608 ι
419 2571 530 2608 tircm
559 2572 601 2608 Αι
819 2571 958 2618 3uim]
985 2572 1067 2609 ucri
1091 2573 1163 2609 CA¹
1169 2573 1234 2609 MS
1453 2582 1470 2620 5
1496 2572 1712 2620 sompnians
1735 2573 1831 2611 AM:

371 2619 686 2704 ⁸⁰¹’¹¹1³‚‘32¹1⁶f‹?„‡0m
706 2619 1050 2760 εἷαωὴωῦἒξᾮ
1080 2624 1206 2704 mai
1223 2620 1560 2706 &ffssfflfiffffiff
1562 2621 1643 2704 §ff
1773 2631 1833 2706 ²2²2}

370 2666 634 2797 Ξῗιὲςοτθαιῃυ
629 2715 687 2750 Μ.
713 2715 796 2797 pbgt
785 2726 973 2798 ‘ammam
993 2714 1030 2751 8¹
1044 2680 1339 2762 .ppigtagoream
1356 2680 1402 2753 Sp
1529 2726 1574 2763 32
1599 2715 1832 2753 instantibus

492 2773 591 2798 nunc
609 2762 635 2797 1i
653 2774 709 2798 om

371 2818 1089 2891 mythium.15
1116 2839 1249 2876 Eodem
1267 2839 1360 2878 eta:
1386 2851 1416 2877 v.
1435 2838 1595 2879 cassiod.
1612 2841 1709 2878 Hist.
1729 2840 1831 2889 Trip-

372 2883 416 2921 vi
435 2894 491 2932 4⁵

479 2942 541 2976 39³
