1988 3250
213 180 312 216 car.
331 166 444 229 xxv]
740 165 1178 211 POLICRATICVS
1695 169 1778 209 820
1794 180 1824 208 a

213 287 538 332 admittendum
568 300 661 330 esse
689 300 780 329 non
807 285 1007 336 credidit,
1032 285 1120 328 nisi
1153 286 1337 330 docente
1365 286 1536 337 sibilla,
1565 300 1678 344 quae

213 357 340 414 quasi
350 355 524 400 siosbole
535 355 765 399 consilium
778 354 901 398 Iouis
913 354 985 397 uel
1005 355 1224 412 sapientia
1243 355 1328 398 Dei
1346 356 1679 412 interpretatur,

211 439 385 468 ramum
405 425 523 468 hunc
554 423 851 481 Proserpinae,
881 437 994 480 quae
1019 427 1350 480 proserpentem
1370 427 1415 467 et
1434 424 1677 482 erigentem

211 508 257 538 se
277 509 304 538 a
322 494 448 537 uitiis
467 493 609 537 uitam
628 493 789 544 innuit,
807 494 1091 536 consecraret.
1150 492 1231 535 Ait
1249 507 1377 550 ergo:

174 595 194 630 5
325 579 487 636 Accipe
506 594 619 636 quae
638 579 890 638 peragenda
907 579 1045 636 prius,
1101 577 1233 622 Latet
1252 578 1408 621 arbore
1427 593 1564 636 opaca

326 652 486 681 aureus
501 640 547 681 et
566 637 687 681 foliis
707 640 753 681 et
772 637 893 681 lento
912 636 1079 680 uimine
1099 651 1261 689 ramus,

326 695 488 739 Iunoni
509 695 710 739 infernae
730 695 875 739 dictus
894 709 1038 747 sacer;
1067 694 1185 738 hunc
1204 694 1319 752 tegit
1338 694 1483 738 omnis

325 754 452 797 lucus
471 756 517 797 et
535 754 732 798 obscuris
751 754 966 797 claudunt
985 753 1259 796 conuallibus
1279 753 1473 796 umbrae.

326 812 415 855 Sed
434 826 523 855 non
543 815 648 855 ante
667 812 800 855 datur
818 811 991 856 telluris
1010 813 1164 878 operta
1184 811 1332 854 subire

153 890 192 914 10
325 872 572 914 auricomos
621 885 723 913 uam
745 870 844 927 quis
863 870 1081 937 decerpslt
1098 869 1157 912 ab
1175 869 1331 913 arbore
1355 868 1485 912 fetus.

324 927 424 972 Hoc
443 928 528 971 sibi
546 942 576 986 p
626 928 732 972 chra
750 943 880 972 suum
900 927 1008 971 ferri
1030 927 1291 984 Proserpina.
1309 941 1472 970 munus
1697 927 1724 965 b

324 986 524 1030 instituit
535 1000 545 1038 ;
575 986 719 1044 primo
738 986 893 1030 auulso
912 1001 1000 1029 non
1020 986 1170 1029 deficit
1189 985 1304 1028 alter

325 1058 498 1098 aureus,
518 1047 564 1088 et
582 1044 717 1087 simili
737 1044 979 1088 frondescit
998 1044 1127 1102 uirga
1144 1043 1337 1087 metallo.

211 1129 347 1174 Plane
367 1130 474 1188 quid
493 1145 708 1188 penarum
728 1131 868 1174 lateat
886 1131 934 1174 in
954 1130 1143 1174 terrenis
1162 1130 1234 1174 uel
1254 1130 1361 1188 quid
1380 1130 1427 1173 in
1449 1130 1519 1173 his
1539 1129 1679 1187 possit

152 1217 192 1252 15
209 1199 368 1243 mereri
388 1199 507 1243 solus
525 1200 726 1258 agnoscit
752 1200 828 1258 qui
858 1200 912 1244 de
938 1200 1094 1243 arbore
1114 1200 1323 1243 scientiae
1344 1214 1517 1243 ramum
1537 1199 1678 1242 bonae

209 1269 478 1326 operationis
497 1270 662 1313 auellit.
721 1269 871 1327 quue
891 1270 1047 1313 auulso
1059 1269 1173 1313 alter
1184 1284 1273 1313 non
1286 1269 1446 1320 deficit,
1466 1269 1571 1326 quia
1590 1282 1678 1326 quo

209 1338 400 1396 amplius
440 1342 711 1391 exercentur,
751 1354 802 1384 eo
840 1339 982 1398 magis
1021 1339 1307 1383 subcrescunt
1346 1342 1392 1382 et
1439 1338 1679 1396 proficiunt

208 1407 418 1452 scientiae
453 1411 499 1452 et
539 1409 743 1452 uirtutes.
822 1409 926 1452 Non
970 1412 1120 1452 tamen
1159 1411 1342 1452 eatenus
1373 1408 1569 1451 Maronis
1598 1411 1679 1451 aut

208 1477 409 1535 gentium
429 1477 588 1521 insisto
606 1478 810 1536 uestigiis
828 1481 882 1522 ut
906 1478 1081 1522 credam
1102 1478 1354 1536 quempiam
1369 1478 1426 1520 ad
1447 1478 1676 1522 scientiam

150 1563 191 1587 20
208 1548 288 1589 aut
302 1546 518 1590 uirtutem
537 1547 728 1604 propriis
747 1547 922 1590 arbitrii
942 1548 1011 1590 sui
1031 1547 1203 1590 uiribus
1222 1547 1464 1604 peruenire.
1516 1547 1678 1591 Fateor

207 1615 399 1673 gratiam
415 1615 463 1658 in
478 1616 628 1660 electis
643 1616 816 1674 operari
833 1619 879 1660 et
894 1617 1007 1660 uelle
1023 1620 1069 1661 et
1083 1617 1291 1675 perficere
1305 1631 1314 1670 ;
1335 1617 1476 1674 ipsam
1489 1631 1677 1660 ueneror

207 1687 435 1742 tamquam
455 1685 576 1728 uiam
596 1685 731 1729 immo
750 1701 906 1730 reuera
925 1687 1046 1730 uiam
1067 1701 1180 1744 quae
1199 1686 1293 1730 sola
1312 1686 1436 1730 ducit
1455 1686 1513 1730 ad
1533 1686 1675 1730 uitam

208 1757 254 1797 et
283 1769 500 1812 quemque
533 1755 635 1798 boni
669 1755 765 1799 uoti
796 1759 1042 1814 compotem
1079 1756 1199 1800 facit.
1260 1756 1422 1800 Lactea
1455 1757 1563 1800 haec
1595 1759 1676 1811 est,

208 1823 485 1869 innocentiae
513 1824 752 1869 manifesta
784 1826 972 1870 candore
1004 1829 1050 1870 et
1088 1826 1399 1870 alimentorum
1438 1826 1675 1870 sedulitate
1693 1839 1717 1868 c

149 1907 190 1941 25
209 1893 396 1937 nutricis
425 1894 575 1952 explet
603 1894 792 1938 officium
822 1898 869 1939 et
911 1896 1006 1939 sola
1043 1898 1281 1954 praeparat
1311 1895 1369 1938 ad
1404 1895 1677 1953 profectum;

209 1977 314 2007 nam
342 1963 437 2007 sine
465 1978 518 2007 ea
545 1964 721 2021 proficit
750 1964 912 2010 nullus.
971 1964 1148 2009 Clamat
1181 1965 1289 2008 haec
1323 1965 1371 2007 in
1403 1979 1510 2008 uoce
1541 1966 1676 2009 tubae

207 2032 646 2090 praeuaricatoribus,
680 2036 733 2076 ut
770 2033 955 2077 redeant
988 2033 1045 2077 ad
1079 2049 1166 2085 cor,
1201 2034 1351 2091 eisque
1382 2034 1439 2077 ad
1474 2034 1676 2077 arborem

207 2101 416 2146 scientiae
450 2104 599 2146 amoto
636 2102 786 2160 gladio
824 2103 1027 2146 uersatili
1067 2106 1113 2146 et
1151 2103 1355 2146 flammeo
1382 2103 1594 2146 ducatum
1627 2103 1674 2146 in

208 2171 400 2228 patriam
420 2171 644 2228 promittit
663 2174 709 2215 et
727 2172 986 2231 ingressum.
1047 2172 1152 2216 Plus
1176 2172 1346 2224 dicam;
1375 2174 1517 2230 ipsam
1547 2173 1673 2216 arbo-

149 2259 192 2292 30
209 2254 302 2283 rem
322 2239 529 2284 scientiae
549 2243 595 2284 et
613 2241 785 2299 lignum
808 2241 941 2292 uitae,
961 2241 1008 2284 in
1029 2256 1116 2298 quo
1135 2244 1242 2284 sunt
1261 2256 1412 2284 omnes
1431 2242 1674 2299 sapientiae

209 2312 254 2352 et
277 2309 486 2352 scientiae
505 2310 703 2353 thesauri
722 2311 969 2355 absconditi
991 2314 1036 2354 et
1059 2311 1107 2354 in
1127 2326 1214 2368 quo
1243 2311 1420 2354 habitat
1443 2311 1674 2368 plenitudo

210 2410 251 2438 11
270 2400 403 2448 pulcra
419 2400 444 2437 S
541 2410 583 2447 17
599 2404 839 2440 succrescunt
853 2402 887 2439 A
983 2404 1026 2441 18
1044 2403 1229 2440 marronis
1241 2403 1330 2440 CBS
1427 2405 1471 2440 28
1488 2403 1545 2451 in]
1563 2404 1611 2440 ad
1627 2403 1675 2440 A²

210 2491 564 2576 Bessnffsffiffi
577 2483 1469 2586 assuras?immiseram
1480 2487 1674 2569 5232&ae

208 2579 302 2624 quod
323 2579 546 2632 accepimuae
571 2577 618 2613 cf.
637 2577 789 2615 Hieron.
806 2581 883 2615 adv.
901 2581 1016 2616 Iovin.
1039 2592 1064 2617 1.
1087 2591 1130 2624 41
1151 2580 1296 2628 (Migne
1316 2581 1358 2616 P.
1375 2582 1419 2617 L.
1445 2580 1551 2616 xxiii.
1575 2581 1671 2626 270).

209 2635 230 2661 2
256 2625 421 2660 siosbole:
447 2636 472 2660 1.
487 2634 517 2660 e.
536 2625 613 2661 σιὸς
628 2626 749 2670 βουλή.
874 2635 892 2671 5
919 2628 1050 2673 Accipe
1066 2629 1160 2664 etc.:
1187 2627 1300 2674 Verg.
1318 2629 1410 2664 Aen.
1428 2627 1476 2663 vi.
1499 2629 1673 2673 136—144.

212 2682 256 2708 10
279 2673 454 2717 decerpsit
470 2672 536 2707 abt
560 2673 772 2718 decerpserit
786 2671 899 2719 Verg.
1043 2684 1083 2711 21
1113 2677 1258 2720 operari
1274 2675 1344 2711 etc.
1362 2687 1371 2710 :
1395 2687 1426 2711 v.
1446 2674 1613 2721 Philipp.
1631 2675 1671 2710 ii.

210 2729 265 2764 13.
362 2727 406 2762 27
425 2721 784 2764 pmeuar-icatoribtae
798 2722 868 2756 etc.
884 2733 893 2756 ε
916 2732 948 2757 v.
968 2720 1039 2757 Isa.
1056 2721 1144 2758 xlvi.
1164 2724 1196 2758 8.
1298 2723 1345 2758 28
1366 2724 1490 2768 yladio
1507 2724 1676 2758 uersatili

208 2771 241 2802 et
248 2768 442 2811 flammeo:
469 2765 563 2802 Gen.
580 2765 636 2802 iii.
654 2775 712 2810 24.
737 2812 760 2820 ..
819 2777 875 2814 29,
894 2778 941 2814 30
963 2770 1082 2814 ipsam
1098 2770 1259 2805 arborem
1276 2770 1372 2806 etc.:
1398 2781 1449 2805 sc.
1468 2769 1672 2805 Christum.

208 2824 255 2860 30
278 2815 319 2850 in
335 2824 404 2861 quo
420 2818 505 2850 eunt
521 2814 614 2851 etc.:
639 2813 717 2851 Col.
733 2825 773 2850 11.
791 2824 823 2860 3.
919 2824 962 2862 31
990 2817 1030 2851 in
1046 2827 1114 2863 quo
1131 2817 1269 2853 habitat
1285 2818 1379 2854 etc.:
1403 2828 1436 2853 v,
1453 2815 1530 2853 Col.
1547 2816 1589 2851 ii.
1607 2827 1642 2862 9.

1494 2888 1559 2922 421
