1988 3250
234 255 322 297 709
340 257 372 286 a
723 244 878 289 IOAN
881 244 926 288 N
927 244 986 289 IS
1015 243 1531 293 SARESBERIENSIS
1658 245 1770 302 [ΜΒ.
1784 255 1858 290 vu

388 364 598 408 furorem.
657 365 776 423 Ergo
805 365 979 409 cautius
1008 365 1056 408 in
1085 365 1291 408 conuiuio
1320 365 1633 409 abstinendum
1663 367 1856 409 scomate

387 434 505 491 quod
536 437 700 478 tectam
734 435 855 477 intra
889 449 936 477 se
975 434 1111 477 habet
1152 434 1375 479 iniuriam.
1436 435 1580 479 Tanto
1620 435 1738 478 enim
1778 449 1854 478 ex·

386 503 582 560 pressius
605 503 763 546 herent
782 503 903 546 dicta
929 503 1040 546 talia
1066 517 1200 559 quam
1224 503 1415 547 directae
1438 504 1642 555 ledoriae,
1661 507 1714 546 ut
1733 503 1855 546 hami

387 572 590 630 angulosi
606 587 740 630 quam
755 572 913 615 directi
929 586 1158 615 mucrones
1173 572 1372 615 tenacius
1386 573 1648 630 infiguntur,
1661 573 1856 615 maxime

341 643 371 682 b
389 643 494 700 quia
514 643 634 686 dicta
654 642 907 685 huiusmodi
929 642 1067 684 risum
1088 642 1396 698 praesentibus
1416 645 1611 694 mouent,
1623 657 1711 700 quo
1731 642 1858 686 uelut
1876 662 1894 696 5

387 726 592 755 assensus
625 726 785 769 genere
816 711 1104 754 confirmatur
1142 711 1318 754 iniuria.
1390 711 1471 755 Est
1503 715 1654 755 autem
1689 711 1858 755 ledoria

386 781 663 824 huiusmodi:
694 780 929 823 Oblitusne
945 794 991 822 es
1008 780 1113 836 quia
1128 780 1395 823 salsamenta
1414 781 1666 826 uendebas?
1699 781 1857 824 Scoma

386 854 549 904 autem,
572 849 689 907 quod
710 849 878 892 dictum
900 852 967 891 est
986 849 1299 891 contumeliam
1321 863 1415 892 esse
1434 849 1632 900 celatam,
1653 850 1743 893 tale
1763 852 1851 893 est:

387 919 672 962 Meminimus
700 918 877 975 quando
901 918 1082 960 brachio
1103 921 1147 960 te
1175 918 1456 975 emungebas.
1515 919 1644 970 Nam,
1664 934 1764 962 cum
1785 933 1856 962 res

386 989 539 1032 eadem
571 988 807 1045 utrobique
846 987 967 1030 dicta
1001 987 1072 1037 sit,
1104 987 1215 1029 illud
1250 990 1400 1030 tamen
1434 987 1602 1046 ledoria
1635 991 1703 1031 est
1737 988 1857 1045 quod
1878 1009 1917 1033 10

384 1061 537 1116 aperte
583 1058 803 1101 obiectum
844 1056 1248 1113 exprobratumque
1288 1060 1378 1109 est;
1429 1057 1512 1100 hoc
1551 1072 1698 1101 scoma
1737 1058 1856 1115 quod

384 1128 588 1186 figurate.
650 1127 766 1170 Sunt
786 1129 981 1169 scomata
1000 1125 1148 1168 minus
1164 1140 1320 1183 aspera
1341 1141 1453 1183 quae
1474 1127 1600 1183 quasi
1621 1127 1855 1172 edentatae

385 1197 541 1240 beluae
579 1199 685 1240 sunt
724 1210 906 1238 morsus.
985 1195 1048 1238 Vt
1087 1195 1259 1238 Tullius
1299 1195 1347 1237 in
1386 1195 1609 1238 consulem
1649 1196 1726 1253 qui
1766 1211 1856 1241 uno

384 1270 563 1310 tantum
583 1266 654 1309 die
674 1265 951 1308 consulatum
971 1264 1166 1322 peregit:
1194 1264 1360 1316 Solent,
1372 1265 1534 1322 inquit,
1547 1280 1640 1309 esse
1654 1266 1856 1310 flamines

384 1335 549 1387 diales3
598 1335 727 1378 modo
766 1334 965 1377 consules
1005 1333 1144 1377 diales
1184 1334 1421 1386 habemus;
1471 1337 1517 1377 et
1555 1335 1604 1378 in
1639 1336 1852 1380 eundem:
1875 1353 1914 1388 1⁵

384 1404 767 1463 vigilantissimus
791 1406 859 1446 est
885 1402 1037 1446 consul
1065 1406 1215 1446 noster
1243 1402 1410 1447 Canius
1440 1404 1518 1460 qui
1545 1404 1592 1446 in
1622 1405 1855 1449 consulatu

384 1488 464 1517 suo
494 1488 727 1530 sompnum
758 1486 847 1515 non
877 1471 1022 1524 uidit3
1053 1471 1195 1514 eidem
1226 1472 1514 1528 exprobranti
1539 1473 1624 1515 sibi
1652 1473 1770 1530 quod
1797 1473 1855 1517 ad

243 1557 318 1598 710
337 1558 367 1588 a
385 1558 486 1587 eum
506 1542 729 1586 consulem
756 1556 846 1584 non
873 1541 1088 1584 uenisset:
1121 1541 1376 1592 Veniebam,
1397 1541 1557 1598 inquit,
1577 1542 1654 1585 sed
1674 1557 1764 1586 nox
1784 1557 1854 1587 me

384 1611 729 1670 comprehendit.
786 1611 850 1653 At
869 1610 923 1653 de
939 1625 1023 1653 usu
1039 1610 1230 1653 ledoriae
1250 1611 1322 1653 uel
1342 1611 1549 1655 scomatis
1569 1615 1615 1655 et
1635 1612 1854 1656 ciuilitate

383 1682 556 1725 dicetur
605 1681 652 1723 in
694 1680 1005 1737 sequentibus;
1059 1694 1176 1723 nunc
1219 1680 1463 1724 ostendisse
1513 1680 1702 1725 sufficiat
1746 1682 1851 1739 quia
1872 1701 1915 1728 ao

382 1765 568 1808 arguere
583 1750 755 1793 licitum
772 1753 839 1792 est
855 1748 972 1806 quod
988 1763 1179 1806 aequum
1200 1752 1267 1792 est
1283 1764 1376 1792 esse
1396 1753 1651 1793 correctum.
1702 1751 1852 1794 Vnum

382 1822 561 1863 tantum
582 1819 635 1862 de
656 1818 924 1862 scomatibus
944 1817 1189 1861 Alexandri
1206 1819 1333 1875 quasi
1355 1818 1401 1861 in
1422 1819 1537 1862 calce
1558 1819 1699 1863 libelli
1719 1820 1853 1864 huius

382 1888 683 1946 superioribus
712 1887 954 1930 adnectam.
1015 1886 1128 1931 Cum
1155 1887 1195 1930 ei
1223 1902 1303 1930 rex
1327 1887 1504 1939 Darius,
1525 1903 1614 1932 uno
1638 1893 1684 1932 et
1711 1889 1852 1934 altero

382 1958 549 2016 praelio
579 1958 794 2000 uirtutem
819 1956 915 1999 eius
942 1960 1163 2013 expertus,
1183 1959 1355 2014 partem
1384 1957 1509 2015 regni
1535 1957 1680 2001 Tauro
1701 1962 1852 2003 monte

383 2031 514 2070 tenus
534 2030 579 2070 et
599 2026 736 2069 filiam
758 2025 805 2068 in
827 2025 1172 2078 matrimonium,
1189 2040 1288 2068 cum
1309 2026 1451 2069 decies
1471 2030 1649 2070 centum
1670 2028 1851 2072 milibus
1872 2047 1912 2083 ²5

383 2096 564 2140 talentis
604 2095 896 2153 polliceretur,
927 2094 1053 2151 eique
1095 2094 1356 2138 Parmenion
1396 2096 1468 2138 uir
1507 2110 1695 2154 magnus
1733 2097 1853 2142 inter

383 2165 710 2208 Alexandrinos
742 2163 929 2206 dixisset
959 2178 1017 2215 se,
1047 2163 1084 2206 si
1115 2163 1370 2207 Alexander
1399 2168 1525 2218 esset,
1555 2180 1739 2210 usurum
1770 2167 1852 2212 hac

383 2234 646 2284 conditione,
677 2233 925 2291 respondit:
959 2232 1016 2275 Et
1046 2247 1138 2290 eg0,
1159 2233 1196 2276 si
1229 2233 1491 2277 Parmenion
1522 2250 1671 2287 essem,
1700 2236 1852 2280 eadem

385 2308 555 2356 uterer;
586 2304 719 2347 tacite
744 2302 920 2359 quidem
949 2302 1186 2345 consiliarii
1217 2303 1503 2346 timiditatem
1528 2319 1719 2361 arguens
1746 2321 1852 2351 uoce

383 2373 557 2416 duabus
598 2372 798 2416 uictoriis
839 2371 1141 2428 respondente,
1178 2372 1399 2429 dignaque
1439 2373 1510 2416 cui
1551 2374 1696 2425 tertia,
1737 2375 1853 2420 sicut
1869 2397 1911 2430 30

336 2450 365 2490 b
384 2442 545 2493 euenit,
571 2442 854 2486 tribueretur.
916 2440 1124 2484 Liberum
1150 2456 1254 2499 ergo
1286 2441 1376 2485 fuit
1404 2448 1449 2486 et
1480 2457 1653 2500 semper
1680 2444 1851 2488 licitum

381 2564 402 2592 2
427 2556 570 2590 tectum
589 2552 650 2589 CB
773 2561 791 2601 5
817 2552 933 2590 uelud
952 2551 976 2589 S
1105 2562 1144 2598 17
1166 2558 1249 2600 post
1267 2552 1390 2590 eidem
1408 2555 1493 2591 add.
1512 2566 1584 2601 que
1603 2553 1671 2592 SM
1806 2566 1850 2605 23

379 2604 584 2639 annectam
604 2599 643 2637 M

433 2710 474 2739 ¹2
499 2703 593 2737 Sunt
609 2707 765 2737 scomma
782 2703 875 2739 eta:
902 2713 934 2738 v.
954 2701 1120 2739 Macrob.
1135 2704 1206 2738 Sat.
1225 2702 1287 2739 vii.
1306 2713 1326 2749 3
1345 2702 1364 2785 ἓ
1389 2714 1441 2740 10.
1620 2705 1663 2742 16
1689 2706 1850 2744 Canius:

379 2748 512 2786 Tacito
540 2747 703 2784 consuli·
732 2749 885 2785 nomine
911 2748 1104 2787 Ciceronis
1133 2749 1276 2787 dictum
1305 2763 1342 2787 rc
1362 2754 1420 2788 ert
1453 2751 1670 2788 Macrobius
1702 2752 1743 2789 in
1779 2754 1847 2791 loc.

381 2806 498 2843 supra
525 2794 610 2838 cit.;
638 2807 749 2841 quem
781 2799 908 2833 tamen
935 2796 1135 2833 Caninium
1162 2797 1275 2835 fuisse
1306 2798 1400 2835 dicit
1429 2798 1528 2835 idem
1554 2800 1630 2836 Sat.
1656 2798 1695 2836 ii.
1721 2811 1742 2846 3
1770 2799 1788 2847 ξ
1815 2802 1849 2839 6.

380 2854 429 2881 20
453 2845 594 2879 dicetur
610 2845 648 2878 r'u
664 2845 909 2890 aequantibus:
938 2856 971 2882 ν.
990 2843 1091 2880 infra
1107 2844 1183 2881 viii.
1208 2855 1261 2882 10.
1443 2857 1463 2883 2
1468 2857 1488 2893 3
1518 2847 1608 2883 Cum
1625 2848 1660 2883 ei
1676 2859 1740 2884 mx
1756 2850 1850 2886 eta:

379 2903 411 2928 v.
429 2890 509 2927 val.
531 2889 629 2927 Max.
648 2890 693 2929 vi.
712 2901 733 2935 4
752 2893 828 2929 ext.
847 2902 880 2938 3.

492 2970 557 3006 ³²4
