<?xml version="1.0" encoding="UTF-8"?>
<!DOCTYPE html PUBLIC "-//W3C//DTD XHTML 1.0 Transitional//EN"
    "http://www.w3.org/TR/xhtml1/DTD/xhtml1-transitional.dtd">
<html xmlns="http://www.w3.org/1999/xhtml" xml:lang="en" lang="en">
 <head>
  <title>
</title>
<meta http-equiv="Content-Type" content="text/html;charset=utf-8" />
  <meta name='ocr-system' content='tesseract 3.04.00' />
  <meta name='ocr-capabilities' content='ocr_page ocr_carea ocr_par ocr_line ocrx_word'/>
</head>
<body>
  <div class='ocr_page' id='page_1' title='image "./policraticisived02john_0156.png"; bbox 0 0 1988 3250; ppageno 0'>
   <div class='ocr_carea' id='block_1_1' title="bbox 272 248 1898 315">
    <p class='ocr_par' dir='ltr' id='par_1_1' title="bbox 272 248 1898 315">
     <span class='ocr_line' id='line_1_1' title="bbox 272 248 1898 315; baseline 0.002 -20"><span class='ocrx_word' id='word_1_1' title='bbox 272 255 362 295; x_wconf 85' lang='lat'>666</span> <span class='ocrx_word' id='word_1_2' title='bbox 380 263 412 293; x_wconf 88' lang='lat' dir='ltr'>a</span> <span class='ocrx_word' id='word_1_3' title='bbox 755 251 1018 297; x_wconf 88' lang='lat' dir='ltr'>IOANNIS</span> <span class='ocrx_word' id='word_1_4' title='bbox 1058 250 1576 298; x_wconf 85' lang='lat' dir='ltr'>SARESBERIENSIS</span> <span class='ocrx_word' id='word_1_5' title='bbox 1693 248 1804 315; x_wconf 77' lang='lat' dir='ltr'>[Lm.</span> <span class='ocrx_word' id='word_1_6' title='bbox 1819 259 1898 299; x_wconf 63' lang='grc' dir='ltr'>ΠΡ</span> 
     </span>
    </p>
   </div>
   <div class='ocr_carea' id='block_1_2' title="bbox 374 371 1953 1817">
    <p class='ocr_par' dir='ltr' id='par_1_2' title="bbox 374 371 1953 1817">
     <span class='ocr_line' id='line_1_2' title="bbox 423 371 1893 432; baseline 0.003 -18"><span class='ocrx_word' id='word_1_7' title='bbox 423 371 500 415; x_wconf 90' lang='lat' dir='ltr'>sed</span> <span class='ocrx_word' id='word_1_8' title='bbox 533 371 641 428; x_wconf 92' lang='lat' dir='ltr'>quid</span> <span class='ocrx_word' id='word_1_9' title='bbox 675 372 762 429; x_wconf 86' lang='lat' dir='ltr'>ipsi</span> <span class='ocrx_word' id='word_1_10' title='bbox 793 373 965 430; x_wconf 89' lang='lat' dir='ltr'>possint</span> <span class='ocrx_word' id='word_1_11' title='bbox 998 376 1240 417; x_wconf 89' lang='lat' dir='ltr'>ostentant.</span> <span class='ocrx_word' id='word_1_12' title='bbox 1301 373 1390 426; x_wconf 80' lang='lat' dir='ltr'>Qui</span> <span class='ocrx_word' id='word_1_13' title='bbox 1425 388 1531 431; x_wconf 88' lang='lat' dir='ltr'>ergo</span> <span class='ocrx_word' id='word_1_14' title='bbox 1565 374 1893 432; x_wconf 86' lang='lat' dir='ltr'>Porphiriolum</span> 
     </span>
     <span class='ocr_line' id='line_1_3' title="bbox 405 441 1893 500; baseline 0.002 -16"><span class='ocrx_word' id='word_1_15' title='bbox 405 441 628 484; x_wconf 70' lang='lat' dir='ltr'>romnibus</span> <span class='ocrx_word' id='word_1_16' title='bbox 666 441 970 499; x_wconf 75' lang='lat' dir='ltr'><strong>philosophiae</strong></span> <span class='ocrx_word' id='word_1_17' title='bbox 1008 443 1212 500; x_wconf 88' lang='lat' dir='ltr'>partibus</span> <span class='ocrx_word' id='word_1_18' title='bbox 1251 442 1437 499; x_wconf 87' lang='lat' dir='ltr'>replent,</span> <span class='ocrx_word' id='word_1_19' title='bbox 1472 443 1893 488; x_wconf 70' lang='lat' dir='ltr'>introducendorum</span> 
     </span>
     <span class='ocr_line' id='line_1_4' title="bbox 421 510 1894 570; baseline 0.003 -17"><span class='ocrx_word' id='word_1_20' title='bbox 421 510 679 554; x_wconf 89' lang='lat' dir='ltr'>obtundunt</span> <span class='ocrx_word' id='word_1_21' title='bbox 693 511 883 568; x_wconf 86' lang='lat' dir='ltr'>ingenia,</span> <span class='ocrx_word' id='word_1_22' title='bbox 896 512 1152 555; x_wconf 82' lang='lat' dir='ltr'>memoriam</span> <span class='ocrx_word' id='word_1_23' title='bbox 1165 512 1365 555; x_wconf 89' lang='lat' dir='ltr'>turbant.</span> <span class='ocrx_word' id='word_1_24' title='bbox 1424 511 1484 555; x_wconf 87' lang='lat' dir='ltr'>Et</span> <span class='ocrx_word' id='word_1_25' title='bbox 1498 511 1575 570; x_wconf 90' lang='lat' dir='ltr'>qui</span> <span class='ocrx_word' id='word_1_26' title='bbox 1591 513 1894 557; x_wconf 83' lang='lat' dir='ltr'>instituendus</span> 
     </span>
     <span class='ocr_line' id='line_1_5' title="bbox 421 581 1894 639; baseline 0.003 -17"><span class='ocrx_word' id='word_1_27' title='bbox 421 582 529 630; x_wconf 88' lang='lat' dir='ltr'>erat,</span> <span class='ocrx_word' id='word_1_28' title='bbox 542 582 671 623; x_wconf 88' lang='lat' dir='ltr'>tanta</span> <span class='ocrx_word' id='word_1_29' title='bbox 684 581 916 638; x_wconf 80' lang='lat' dir='ltr'>&#39;grauitate</span> <span class='ocrx_word' id='word_1_30' title='bbox 935 581 1195 624; x_wconf 89' lang='lat' dir='ltr'>concutiunt</span> <span class='ocrx_word' id='word_1_31' title='bbox 1210 583 1264 624; x_wconf 92' lang='lat' dir='ltr'>ut</span> <span class='ocrx_word' id='word_1_32' title='bbox 1282 595 1394 624; x_wconf 91' lang='lat' dir='ltr'>onus</span> <span class='ocrx_word' id='word_1_33' title='bbox 1414 584 1592 638; x_wconf 84' lang='lat' dir='ltr'>reputet</span> <span class='ocrx_word' id='word_1_34' title='bbox 1611 581 1894 639; x_wconf 73' lang='lat' dir='ltr'>importabile</span> 
     </span>
     <span class='ocr_line' id='line_1_6' title="bbox 421 649 1931 709; baseline 0.003 -18"><span class='ocrx_word' id='word_1_35' title='bbox 421 649 540 705; x_wconf 89' lang='lat' dir='ltr'>quod</span> <span class='ocrx_word' id='word_1_36' title='bbox 585 650 790 707; x_wconf 72' lang='lat' dir='ltr'>suscepit.</span> <span class='ocrx_word' id='word_1_37' title='bbox 849 650 1042 694; x_wconf 88' lang='lat' dir='ltr'>Diuinae</span> <span class='ocrx_word' id='word_1_38' title='bbox 1081 651 1271 708; x_wconf 76' lang='lat' dir='ltr'>paginae</span> <span class='ocrx_word' id='word_1_39' title='bbox 1310 650 1458 702; x_wconf 89' lang='lat' dir='ltr'>libros,</span> <span class='ocrx_word' id='word_1_40' title='bbox 1491 665 1679 707; x_wconf 90' lang='lat' dir='ltr'>quorum</span> <span class='ocrx_word' id='word_1_41' title='bbox 1726 651 1892 709; x_wconf 84' lang='lat' dir='ltr'>singuli</span> <span class='ocrx_word' id='word_1_42' title='bbox 1911 662 1931 697; x_wconf 90' lang='lat'><strong>5</strong></span> 
     </span>
     <span class='ocr_line' id='line_1_7' title="bbox 422 718 1894 777; baseline 0.003 -17"><span class='ocrx_word' id='word_1_43' title='bbox 422 718 568 774; x_wconf 81' lang='lat' dir='ltr'>apices</span> <span class='ocrx_word' id='word_1_44' title='bbox 616 718 782 762; x_wconf 89' lang='lat' dir='ltr'>diuinis</span> <span class='ocrx_word' id='word_1_45' title='bbox 830 719 951 776; x_wconf 91' lang='lat' dir='ltr'>pleni</span> <span class='ocrx_word' id='word_1_46' title='bbox 1000 723 1107 762; x_wconf 89' lang='lat' dir='ltr'>sunt</span> <span class='ocrx_word' id='word_1_47' title='bbox 1155 720 1454 770; x_wconf 73' lang='lat' dir='ltr'>sacramentis,</span> <span class='ocrx_word' id='word_1_48' title='bbox 1489 723 1620 763; x_wconf 89' lang='lat' dir='ltr'>tanta</span> <span class='ocrx_word' id='word_1_49' title='bbox 1667 719 1894 777; x_wconf 85' lang='lat' dir='ltr'>grauitate</span> 
     </span>
     <span class='ocr_line' id='line_1_8' title="bbox 374 787 1894 847; baseline 0.002 -18"><span class='ocrx_word' id='word_1_50' title='bbox 374 789 404 828; x_wconf 86' lang='lat' dir='ltr'>b</span> <span class='ocrx_word' id='word_1_51' title='bbox 422 787 630 845; x_wconf 90' lang='lat' dir='ltr'>legendos</span> <span class='ocrx_word' id='word_1_52' title='bbox 675 788 792 832; x_wconf 82' lang='lat' dir='ltr'>forte</span> <span class='ocrx_word' id='word_1_53' title='bbox 830 790 1129 839; x_wconf 87' lang='lat' dir='ltr'>concesserim,</span> <span class='ocrx_word' id='word_1_54' title='bbox 1169 804 1221 832; x_wconf 92' lang='lat' dir='ltr'>eo</span> <span class='ocrx_word' id='word_1_55' title='bbox 1261 789 1379 846; x_wconf 91' lang='lat' dir='ltr'>quod</span> <span class='ocrx_word' id='word_1_56' title='bbox 1419 790 1657 833; x_wconf 79' lang='lat' dir='ltr'>thesaurus</span> <span class='ocrx_word' id='word_1_57' title='bbox 1696 789 1894 847; x_wconf 83' lang='lat' dir='ltr'>Spiritus</span> 
     </span>
     <span class='ocr_line' id='line_1_9' title="bbox 421 858 1892 916; baseline 0.002 -17"><span class='ocrx_word' id='word_1_58' title='bbox 421 858 576 910; x_wconf 86' lang='lat' dir='ltr'>sancti,</span> <span class='ocrx_word' id='word_1_59' title='bbox 596 859 721 902; x_wconf 90' lang='lat' dir='ltr'>cuius</span> <span class='ocrx_word' id='word_1_60' title='bbox 745 858 888 916; x_wconf 85' lang='lat' dir='ltr'>digito</span> <span class='ocrx_word' id='word_1_61' title='bbox 912 859 1066 916; x_wconf 88' lang='lat' dir='ltr'>scripti</span> <span class='ocrx_word' id='word_1_62' title='bbox 1094 862 1211 910; x_wconf 89' lang='lat' dir='ltr'>sunt,</span> <span class='ocrx_word' id='word_1_63' title='bbox 1232 859 1412 902; x_wconf 91' lang='lat' dir='ltr'>omnino</span> <span class='ocrx_word' id='word_1_64' title='bbox 1438 862 1632 916; x_wconf 82' lang='lat' dir='ltr'>nequeat</span> <span class='ocrx_word' id='word_1_65' title='bbox 1651 858 1892 903; x_wconf 85' lang='lat' dir='ltr'>exhauriri.</span> 
     </span>
     <span class='ocr_line' id='line_1_10' title="bbox 422 925 1894 972; baseline 0.002 -3"><span class='ocrx_word' id='word_1_66' title='bbox 422 925 549 969; x_wconf 86' lang='lat' dir='ltr'>Licet</span> <span class='ocrx_word' id='word_1_67' title='bbox 588 927 706 970; x_wconf 90' lang='lat' dir='ltr'>enim</span> <span class='ocrx_word' id='word_1_68' title='bbox 745 927 803 970; x_wconf 87' lang='lat' dir='ltr'>ad</span> <span class='ocrx_word' id='word_1_69' title='bbox 834 942 974 970; x_wconf 90' lang='lat' dir='ltr'>unum</span> <span class='ocrx_word' id='word_1_70' title='bbox 1006 927 1316 971; x_wconf 89' lang='lat' dir='ltr'>tantummodo</span> <span class='ocrx_word' id='word_1_71' title='bbox 1347 942 1525 971; x_wconf 88' lang='lat' dir='ltr'>sensum</span> <span class='ocrx_word' id='word_1_72' title='bbox 1564 928 1894 972; x_wconf 84' lang='lat' dir='ltr'>accommodata</span> 
     </span>
     <span class='ocr_line' id='line_1_11' title="bbox 420 995 1953 1053; baseline 0.003 -15"><span class='ocrx_word' id='word_1_73' title='bbox 420 995 482 1038; x_wconf 84' lang='lat' dir='ltr'>sit</span> <span class='ocrx_word' id='word_1_74' title='bbox 501 996 755 1052; x_wconf 87' lang='lat' dir='ltr'>superficies</span> <span class='ocrx_word' id='word_1_75' title='bbox 775 996 963 1047; x_wconf 86' lang='lat' dir='ltr'>litterae,</span> <span class='ocrx_word' id='word_1_76' title='bbox 976 996 1284 1053; x_wconf 87' lang='lat' dir='ltr'>multiplicitas</span> <span class='ocrx_word' id='word_1_77' title='bbox 1304 996 1605 1039; x_wconf 87' lang='lat' dir='ltr'>misteriorum</span> <span class='ocrx_word' id='word_1_78' title='bbox 1625 996 1892 1041; x_wconf 84' lang='lat' dir='ltr'>intrinsecus</span> <span class='ocrx_word' id='word_1_79' title='bbox 1912 1018 1953 1043; x_wconf 89' lang='lat'>10</span> 
     </span>
     <span class='ocr_line' id='line_1_12' title="bbox 421 1063 1893 1124; baseline 0.002 -17"><span class='ocrx_word' id='word_1_80' title='bbox 421 1063 533 1108; x_wconf 88' lang='lat' dir='ltr'>latet</span> <span class='ocrx_word' id='word_1_81' title='bbox 553 1068 599 1108; x_wconf 91' lang='lat' dir='ltr'>et</span> <span class='ocrx_word' id='word_1_82' title='bbox 617 1065 675 1108; x_wconf 91' lang='lat' dir='ltr'>ab</span> <span class='ocrx_word' id='word_1_83' title='bbox 695 1065 847 1108; x_wconf 88' lang='lat' dir='ltr'>eadem</span> <span class='ocrx_word' id='word_1_84' title='bbox 868 1080 916 1108; x_wconf 89' lang='lat' dir='ltr'>re</span> <span class='ocrx_word' id='word_1_85' title='bbox 935 1080 1065 1123; x_wconf 88' lang='lat' dir='ltr'>saepe</span> <span class='ocrx_word' id='word_1_86' title='bbox 1085 1066 1297 1123; x_wconf 86' lang='lat' dir='ltr'>allegoria</span> <span class='ocrx_word' id='word_1_87' title='bbox 1312 1066 1457 1117; x_wconf 86' lang='lat' dir='ltr'>fidem,</span> <span class='ocrx_word' id='word_1_88' title='bbox 1478 1065 1728 1124; x_wconf 87' lang='lat' dir='ltr'>tropologia</span> <span class='ocrx_word' id='word_1_89' title='bbox 1748 1080 1893 1110; x_wconf 89' lang='lat' dir='ltr'>mores</span> 
     </span>
     <span class='ocr_line' id='line_1_13' title="bbox 420 1134 1892 1192; baseline 0.001 -16"><span class='ocrx_word' id='word_1_90' title='bbox 420 1134 560 1176; x_wconf 89' lang='lat' dir='ltr'>uariis</span> <span class='ocrx_word' id='word_1_91' title='bbox 579 1134 722 1177; x_wconf 86' lang='lat' dir='ltr'>modis</span> <span class='ocrx_word' id='word_1_92' title='bbox 742 1134 938 1187; x_wconf 87' lang='lat' dir='ltr'>edificet;</span> <span class='ocrx_word' id='word_1_93' title='bbox 969 1149 1168 1192; x_wconf 84' lang='lat' dir='ltr'>anagoge</span> <span class='ocrx_word' id='word_1_94' title='bbox 1189 1149 1364 1192; x_wconf 90' lang='lat' dir='ltr'>quoque</span> <span class='ocrx_word' id='word_1_95' title='bbox 1385 1135 1695 1192; x_wconf 88' lang='lat' dir='ltr'>multipliciter</span> <span class='ocrx_word' id='word_1_96' title='bbox 1714 1148 1892 1178; x_wconf 89' lang='lat' dir='ltr'>sursum</span> 
     </span>
     <span class='ocr_line' id='line_1_14' title="bbox 422 1202 1891 1261; baseline 0.001 -16"><span class='ocrx_word' id='word_1_97' title='bbox 422 1202 546 1246; x_wconf 88' lang='lat' dir='ltr'>ducit</span> <span class='ocrx_word' id='word_1_98' title='bbox 566 1206 619 1246; x_wconf 91' lang='lat' dir='ltr'>ut</span> <span class='ocrx_word' id='word_1_99' title='bbox 638 1203 836 1246; x_wconf 87' lang='lat' dir='ltr'>litteram</span> <span class='ocrx_word' id='word_1_100' title='bbox 856 1218 946 1246; x_wconf 92' lang='lat' dir='ltr'>non</span> <span class='ocrx_word' id='word_1_101' title='bbox 966 1203 1097 1246; x_wconf 90' lang='lat' dir='ltr'>modo</span> <span class='ocrx_word' id='word_1_102' title='bbox 1117 1204 1267 1246; x_wconf 92' lang='lat' dir='ltr'>uerbis</span> <span class='ocrx_word' id='word_1_103' title='bbox 1288 1203 1364 1247; x_wconf 87' lang='lat' dir='ltr'>sed</span> <span class='ocrx_word' id='word_1_104' title='bbox 1385 1204 1518 1247; x_wconf 89' lang='lat' dir='ltr'>rebus</span> <span class='ocrx_word' id='word_1_105' title='bbox 1538 1204 1647 1261; x_wconf 90' lang='lat' dir='ltr'>ipsis</span> <span class='ocrx_word' id='word_1_106' title='bbox 1667 1204 1891 1248; x_wconf 86' lang='lat' dir='ltr'>instituat.</span> 
     </span>
     <span class='ocr_line' id='line_1_15' title="bbox 420 1272 1894 1330; baseline 0.001 -15"><span class='ocrx_word' id='word_1_107' title='bbox 420 1272 486 1315; x_wconf 90' lang='lat' dir='ltr'>At</span> <span class='ocrx_word' id='word_1_108' title='bbox 523 1273 571 1315; x_wconf 91' lang='lat' dir='ltr'>in</span> <span class='ocrx_word' id='word_1_109' title='bbox 610 1273 866 1316; x_wconf 90' lang='lat' dir='ltr'>liberalibus</span> <span class='ocrx_word' id='word_1_110' title='bbox 898 1273 1156 1330; x_wconf 90' lang='lat' dir='ltr'>disciplinis,</span> <span class='ocrx_word' id='word_1_111' title='bbox 1188 1273 1266 1316; x_wconf 92' lang='lat' dir='ltr'>ubi</span> <span class='ocrx_word' id='word_1_112' title='bbox 1304 1288 1394 1316; x_wconf 92' lang='lat' dir='ltr'>non</span> <span class='ocrx_word' id='word_1_113' title='bbox 1434 1289 1504 1317; x_wconf 90' lang='lat' dir='ltr'>res</span> <span class='ocrx_word' id='word_1_114' title='bbox 1543 1273 1619 1317; x_wconf 89' lang='lat' dir='ltr'>sed</span> <span class='ocrx_word' id='word_1_115' title='bbox 1654 1274 1894 1317; x_wconf 85' lang='lat' dir='ltr'>dumtaxat</span> 
     </span>
     <span class='ocr_line' id='line_1_16' title="bbox 421 1341 1950 1399; baseline 0.002 -15"><span class='ocrx_word' id='word_1_116' title='bbox 421 1341 559 1384; x_wconf 90' lang='lat' dir='ltr'>uerba</span> <span class='ocrx_word' id='word_1_117' title='bbox 590 1342 856 1399; x_wconf 89' lang='lat' dir='ltr'>significant,</span> <span class='ocrx_word' id='word_1_118' title='bbox 886 1342 1086 1399; x_wconf 89' lang='lat' dir='ltr'>quisquis</span> <span class='ocrx_word' id='word_1_119' title='bbox 1115 1342 1260 1399; x_wconf 92' lang='lat' dir='ltr'>primo</span> <span class='ocrx_word' id='word_1_120' title='bbox 1289 1357 1420 1385; x_wconf 90' lang='lat' dir='ltr'>sensu</span> <span class='ocrx_word' id='word_1_121' title='bbox 1450 1342 1627 1386; x_wconf 84' lang='lat' dir='ltr'>litterae</span> <span class='ocrx_word' id='word_1_122' title='bbox 1656 1346 1891 1387; x_wconf 88' lang='lat' dir='ltr'>contentus</span> <span class='ocrx_word' id='word_1_123' title='bbox 1909 1363 1950 1399; x_wconf 78' lang='lat'>15</span> 
     </span>
     <span class='ocr_line' id='line_1_17' title="bbox 421 1411 1891 1468; baseline 0.001 -15"><span class='ocrx_word' id='word_1_124' title='bbox 421 1424 511 1453; x_wconf 90' lang='lat' dir='ltr'>non</span> <span class='ocrx_word' id='word_1_125' title='bbox 527 1413 607 1463; x_wconf 89' lang='lat' dir='ltr'>est,</span> <span class='ocrx_word' id='word_1_126' title='bbox 623 1411 828 1454; x_wconf 90' lang='lat' dir='ltr'>aberrare</span> <span class='ocrx_word' id='word_1_127' title='bbox 843 1411 1024 1454; x_wconf 89' lang='lat' dir='ltr'>uidetur</span> <span class='ocrx_word' id='word_1_128' title='bbox 1043 1411 1178 1454; x_wconf 92' lang='lat' dir='ltr'>michi</span> <span class='ocrx_word' id='word_1_129' title='bbox 1193 1415 1274 1454; x_wconf 90' lang='lat' dir='ltr'>aut</span> <span class='ocrx_word' id='word_1_130' title='bbox 1288 1411 1345 1454; x_wconf 90' lang='lat' dir='ltr'>ab</span> <span class='ocrx_word' id='word_1_131' title='bbox 1361 1411 1659 1468; x_wconf 87' lang='lat' dir='ltr'>intelligentia</span> <span class='ocrx_word' id='word_1_132' title='bbox 1673 1411 1891 1463; x_wconf 87' lang='lat' dir='ltr'>ueritatis,</span> 
     </span>
     <span class='ocr_line' id='line_1_18' title="bbox 421 1479 1894 1536; baseline 0.002 -14"><span class='ocrx_word' id='word_1_133' title='bbox 421 1494 509 1536; x_wconf 92' lang='lat' dir='ltr'>quo</span> <span class='ocrx_word' id='word_1_134' title='bbox 544 1479 715 1523; x_wconf 88' lang='lat' dir='ltr'>diutius</span> <span class='ocrx_word' id='word_1_135' title='bbox 747 1483 996 1531; x_wconf 88' lang='lat' dir='ltr'>teneantur,</span> <span class='ocrx_word' id='word_1_136' title='bbox 1029 1495 1076 1523; x_wconf 90' lang='lat' dir='ltr'>se</span> <span class='ocrx_word' id='word_1_137' title='bbox 1111 1479 1226 1523; x_wconf 91' lang='lat' dir='ltr'>uelle</span> <span class='ocrx_word' id='word_1_138' title='bbox 1264 1494 1367 1523; x_wconf 87' lang='lat' dir='ltr'>suos</span> <span class='ocrx_word' id='word_1_139' title='bbox 1403 1480 1618 1523; x_wconf 88' lang='lat' dir='ltr'>abducere</span> <span class='ocrx_word' id='word_1_140' title='bbox 1653 1481 1894 1526; x_wconf 87' lang='lat' dir='ltr'>auditores.</span> 
     </span>
     <span class='ocr_line' id='line_1_19' title="bbox 421 1549 1893 1607; baseline 0.002 -16"><span class='ocrx_word' id='word_1_141' title='bbox 421 1549 557 1592; x_wconf 91' lang='lat' dir='ltr'>Plane</span> <span class='ocrx_word' id='word_1_142' title='bbox 583 1549 908 1606; x_wconf 85' lang='lat' dir='ltr'>Porphiriolum</span> <span class='ocrx_word' id='word_1_143' title='bbox 933 1549 1135 1607; x_wconf 88' lang='lat' dir='ltr'>ineptum</span> <span class='ocrx_word' id='word_1_144' title='bbox 1162 1550 1292 1593; x_wconf 91' lang='lat' dir='ltr'>credo</span> <span class='ocrx_word' id='word_1_145' title='bbox 1316 1550 1354 1592; x_wconf 90' lang='lat' dir='ltr'>si</span> <span class='ocrx_word' id='word_1_146' title='bbox 1378 1550 1444 1593; x_wconf 90' lang='lat' dir='ltr'>ita</span> <span class='ocrx_word' id='word_1_147' title='bbox 1463 1550 1641 1607; x_wconf 87' lang='lat' dir='ltr'>scripsit</span> <span class='ocrx_word' id='word_1_148' title='bbox 1665 1554 1718 1594; x_wconf 94' lang='lat' dir='ltr'>ut</span> <span class='ocrx_word' id='word_1_149' title='bbox 1738 1564 1893 1594; x_wconf 87' lang='lat' dir='ltr'>sensus</span> 
     </span>
     <span class='ocr_line' id='line_1_20' title="bbox 421 1619 1892 1677; baseline 0.002 -16"><span class='ocrx_word' id='word_1_150' title='bbox 421 1619 516 1662; x_wconf 91' lang='lat' dir='ltr'>eius</span> <span class='ocrx_word' id='word_1_151' title='bbox 555 1619 744 1677; x_wconf 86' lang='lat' dir='ltr'>intelligi</span> <span class='ocrx_word' id='word_1_152' title='bbox 784 1622 976 1676; x_wconf 90' lang='lat' dir='ltr'>nequeat</span> <span class='ocrx_word' id='word_1_153' title='bbox 1014 1619 1102 1663; x_wconf 90' lang='lat' dir='ltr'>nisi</span> <span class='ocrx_word' id='word_1_154' title='bbox 1142 1619 1388 1662; x_wconf 84' lang='lat' dir='ltr'>Aristotile·</span> <span class='ocrx_word' id='word_1_155' title='bbox 1410 1619 1594 1662; x_wconf 90' lang='lat' dir='ltr'>Platone</span> <span class='ocrx_word' id='word_1_156' title='bbox 1629 1623 1675 1663; x_wconf 92' lang='lat' dir='ltr'>et</span> <span class='ocrx_word' id='word_1_157' title='bbox 1715 1620 1892 1664; x_wconf 88' lang='lat' dir='ltr'>Plotino</span> 
     </span>
     <span class='ocr_line' id='line_1_21' title="bbox 420 1689 1953 1748; baseline 0.002 -17"><span class='ocrx_word' id='word_1_158' title='bbox 420 1689 664 1745; x_wconf 88' lang='lat' dir='ltr'>praelectis.</span> <span class='ocrx_word' id='word_1_159' title='bbox 723 1689 883 1732; x_wconf 88' lang='lat' dir='ltr'>Valeat</span> <span class='ocrx_word' id='word_1_160' title='bbox 912 1689 1178 1746; x_wconf 79' lang='lat' dir='ltr'>quicumque</span> <span class='ocrx_word' id='word_1_161' title='bbox 1206 1703 1277 1732; x_wconf 90' lang='lat' dir='ltr'>me</span> <span class='ocrx_word' id='word_1_162' title='bbox 1305 1689 1353 1732; x_wconf 92' lang='lat' dir='ltr'>in</span> <span class='ocrx_word' id='word_1_163' title='bbox 1383 1689 1578 1746; x_wconf 88' lang='lat' dir='ltr'>aliquam</span> <span class='ocrx_word' id='word_1_164' title='bbox 1608 1689 1888 1748; x_wconf 88' lang='lat' dir='ltr'>disciplinam</span> <span class='ocrx_word' id='word_1_165' title='bbox 1908 1709 1953 1734; x_wconf 77' lang='lat' dir='ltr'>ao</span> 
     </span>
     <span class='ocr_line' id='line_1_22' title="bbox 380 1756 1889 1817; baseline 0.003 -19"><span class='ocrx_word' id='word_1_166' title='bbox 380 1767 405 1797; x_wconf 84' lang='lat' dir='ltr'>c</span> <span class='ocrx_word' id='word_1_167' title='bbox 422 1756 619 1814; x_wconf 89' lang='lat' dir='ltr'>disponit</span> <span class='ocrx_word' id='word_1_168' title='bbox 647 1758 926 1802; x_wconf 90' lang='lat' dir='ltr'>introducere</span> <span class='ocrx_word' id='word_1_169' title='bbox 955 1758 1214 1815; x_wconf 87' lang='lat' dir='ltr'>compendio</span> <span class='ocrx_word' id='word_1_170' title='bbox 1243 1758 1337 1803; x_wconf 86' lang='lat' dir='ltr'>tali.</span> <span class='ocrx_word' id='word_1_171' title='bbox 1396 1758 1490 1816; x_wconf 88' lang='lat' dir='ltr'>Ego</span> <span class='ocrx_word' id='word_1_172' title='bbox 1517 1759 1736 1817; x_wconf 89' lang='lat' dir='ltr'>siquidem</span> <span class='ocrx_word' id='word_1_173' title='bbox 1761 1759 1889 1802; x_wconf 91' lang='lat' dir='ltr'>illum</span> 
     </span>
    </p>
   </div>
   <div class='ocr_carea' id='block_1_3' title="bbox 418 1877 1894 1973">
    <p class='ocr_par' dir='ltr' id='par_1_3' title="bbox 418 1877 1894 1973">
     <span class='ocr_line' id='line_1_23' title="bbox 419 1877 1894 1947; baseline 0.003 -34"><span class='ocrx_word' id='word_1_174' title='bbox 419 1887 441 1932; x_wconf 85' lang='lat'>.²</span> <span class='ocrx_word' id='word_1_175' title='bbox 467 1877 716 1947; x_wconf 37' lang='lat' dir='ltr'>phylo-sophie</span> <span class='ocrx_word' id='word_1_176' title='bbox 733 1877 772 1913; x_wconf 99' lang='lat' dir='ltr'>M</span> <span class='ocrx_word' id='word_1_177' title='bbox 866 1889 917 1934; x_wconf 45' lang='grc' dir='ltr'>,ιο</span> <span class='ocrx_word' id='word_1_178' title='bbox 941 1878 1205 1933; x_wconf 47' lang='lat' dir='ltr'>myster-iorum</span> <span class='ocrx_word' id='word_1_179' title='bbox 1223 1878 1262 1914; x_wconf 88' lang='lat' dir='ltr'>M</span> <span class='ocrx_word' id='word_1_180' title='bbox 1362 1889 1406 1927; x_wconf 91' lang='lat'>19</span> <span class='ocrx_word' id='word_1_181' title='bbox 1430 1879 1512 1917; x_wconf 77' lang='lat' dir='ltr'>eius</span> <span class='ocrx_word' id='word_1_182' title='bbox 1528 1892 1596 1917; x_wconf 84' lang='lat' dir='ltr'>om.</span> <span class='ocrx_word' id='word_1_183' title='bbox 1614 1879 1654 1915; x_wconf 89' lang='lat' dir='ltr'>M</span> <span class='ocrx_word' id='word_1_184' title='bbox 1726 1881 1894 1927; x_wconf 86' lang='lat' dir='ltr'>nequeat</span> 
     </span>
     <span class='ocr_line' id='line_1_24' title="bbox 418 1925 1245 1973; baseline 0.002 -13"><span class='ocrx_word' id='word_1_185' title='bbox 418 1925 587 1972; x_wconf 76' lang='lat' dir='ltr'>intelligl</span> <span class='ocrx_word' id='word_1_186' title='bbox 603 1926 636 1962; x_wconf 88' lang='lat' dir='ltr'>A</span> <span class='ocrx_word' id='word_1_187' title='bbox 793 1935 835 1963; x_wconf 84' lang='lat'>21</span> <span class='ocrx_word' id='word_1_188' title='bbox 863 1925 974 1962; x_wconf 71' lang='lat' dir='ltr'>illum</span> <span class='ocrx_word' id='word_1_189' title='bbox 992 1927 1176 1973; x_wconf 76' lang='lat' dir='ltr'>siquidem</span> <span class='ocrx_word' id='word_1_190' title='bbox 1195 1926 1245 1962; x_wconf 81' lang='lat' dir='ltr'>Al</span> 
     </span>
    </p>
   </div>
   <div class='ocr_carea' id='block_1_4' title="bbox 414 2038 1898 2940">
    <p class='ocr_par' dir='ltr' id='par_1_4' title="bbox 414 2038 1898 2940">
     <span class='ocr_line' id='line_1_25' title="bbox 472 2038 1891 2087; baseline 0.001 -12"><span class='ocrx_word' id='word_1_191' title='bbox 472 2049 485 2075; x_wconf 79' lang='grc' dir='ltr'><strong><em>ι</em></strong></span> <span class='ocrx_word' id='word_1_192' title='bbox 526 2041 817 2086; x_wconf 79' lang='lat' dir='ltr'>Porphiriolum:</span> <span class='ocrx_word' id='word_1_193' title='bbox 856 2039 913 2076; x_wconf 87' lang='lat' dir='ltr'>De</span> <span class='ocrx_word' id='word_1_194' title='bbox 954 2038 1155 2087; x_wconf 78' lang='lat' dir='ltr'>Porphyrii</span> <span class='ocrx_word' id='word_1_195' title='bbox 1194 2041 1357 2086; x_wconf 70' lang='lat' dir='ltr'>Ieaqoyes</span> <span class='ocrx_word' id='word_1_196' title='bbox 1395 2051 1420 2076; x_wconf 87' lang='lat' dir='ltr'>a</span> <span class='ocrx_word' id='word_1_197' title='bbox 1458 2039 1668 2076; x_wconf 80' lang='lat' dir='ltr'>dialecticis</span> <span class='ocrx_word' id='word_1_198' title='bbox 1703 2051 1797 2077; x_wconf 76' lang='lat' dir='ltr'>saec.</span> <span class='ocrx_word' id='word_1_199' title='bbox 1836 2040 1891 2077; x_wconf 88' lang='lat' dir='ltr'>xii</span> 
     </span>
     <span class='ocr_line' id='line_1_26' title="bbox 420 2086 1888 2134; baseline 0.001 -11"><span class='ocrx_word' id='word_1_200' title='bbox 420 2087 538 2123; x_wconf 79' lang='lat' dir='ltr'>abusu</span> <span class='ocrx_word' id='word_1_201' title='bbox 572 2088 621 2124; x_wconf 85' lang='lat' dir='ltr'>cf.</span> <span class='ocrx_word' id='word_1_202' title='bbox 659 2089 780 2123; x_wconf 81' lang='lat' dir='ltr'>Metal.</span> <span class='ocrx_word' id='word_1_203' title='bbox 816 2086 856 2124; x_wconf 87' lang='lat' dir='ltr'>ii.</span> <span class='ocrx_word' id='word_1_204' title='bbox 896 2089 937 2124; x_wconf 90' lang='lat'>16</span> <span class='ocrx_word' id='word_1_205' title='bbox 963 2089 1031 2124; x_wconf 87' lang='lat' dir='ltr'>Sed</span> <span class='ocrx_word' id='word_1_206' title='bbox 1061 2089 1148 2134; x_wconf 82' lang='lat' dir='ltr'>quia</span> <span class='ocrx_word' id='word_1_207' title='bbox 1180 2090 1229 2123; x_wconf 87' lang='lat' dir='ltr'>ad</span> <span class='ocrx_word' id='word_1_208' title='bbox 1260 2089 1357 2123; x_wconf 83' lang='lat' dir='ltr'>hunc</span> <span class='ocrx_word' id='word_1_209' title='bbox 1387 2090 1634 2123; x_wconf 75' lang='lat' dir='ltr'>elementarem</span> <span class='ocrx_word' id='word_1_210' title='bbox 1662 2090 1795 2124; x_wconf 83' lang='lat' dir='ltr'>tibrum</span> <span class='ocrx_word' id='word_1_211' title='bbox 1823 2088 1888 2133; x_wconf 82' lang='lat' dir='ltr'>[se.</span> 
     </span>
     <span class='ocr_line' id='line_1_27' title="bbox 420 2134 1892 2181; baseline 0.001 -11"><span class='ocrx_word' id='word_1_212' title='bbox 420 2134 635 2171; x_wconf 77' lang='lat' dir='ltr'>Aristotelis</span> <span class='ocrx_word' id='word_1_213' title='bbox 667 2134 885 2180; x_wconf 74' lang='lat' dir='ltr'>Cateyoriae]</span> <span class='ocrx_word' id='word_1_214' title='bbox 913 2137 1028 2179; x_wconf 69' lang='lat' dir='ltr'>mayis</span> <span class='ocrx_word' id='word_1_215' title='bbox 1058 2137 1303 2171; x_wconf 77' lang='lat' dir='ltr'>elementarem</span> <span class='ocrx_word' id='word_1_216' title='bbox 1336 2136 1593 2181; x_wconf 78' lang='lat' dir='ltr'>quodammodo</span> <span class='ocrx_word' id='word_1_217' title='bbox 1627 2137 1771 2181; x_wconf 74' lang='lat' dir='ltr'>scripsit</span> <span class='ocrx_word' id='word_1_218' title='bbox 1802 2137 1892 2172; x_wconf 80' lang='lat' dir='ltr'>Por-</span> 
     </span>
     <span class='ocr_line' id='line_1_28' title="bbox 414 2183 1891 2229; baseline 0.001 -12"><span class='ocrx_word' id='word_1_219' title='bbox 414 2183 583 2229; x_wconf 72' lang='lat' dir='ltr'>phyrius,</span> <span class='ocrx_word' id='word_1_220' title='bbox 617 2184 695 2218; x_wconf 69' lang='lat' dir='ltr'>eius</span> <span class='ocrx_word' id='word_1_221' title='bbox 725 2187 811 2218; x_wconf 84' lang='lat' dir='ltr'>ante</span> <span class='ocrx_word' id='word_1_222' title='bbox 837 2184 1062 2218; x_wconf 66' lang='lat' dir='ltr'>Aristotelem</span> <span class='ocrx_word' id='word_1_223' title='bbox 1094 2194 1166 2218; x_wconf 68' lang='lat' dir='ltr'>esse</span> <span class='ocrx_word' id='word_1_224' title='bbox 1193 2184 1343 2218; x_wconf 81' lang='lat' dir='ltr'>credidit</span> <span class='ocrx_word' id='word_1_225' title='bbox 1373 2185 1573 2229; x_wconf 73' lang='lat' dir='ltr'>antiquitas</span> <span class='ocrx_word' id='word_1_226' title='bbox 1599 2184 1891 2229; x_wconf 71' lang='lat' dir='ltr'>praeleyendum.</span> 
     </span>
     <span class='ocr_line' id='line_1_29' title="bbox 420 2231 1892 2276; baseline 0.001 -10"><span class='ocrx_word' id='word_1_227' title='bbox 420 2231 523 2266; x_wconf 83' lang='lat' dir='ltr'>Recte</span> <span class='ocrx_word' id='word_1_228' title='bbox 539 2232 682 2276; x_wconf 78' lang='lat' dir='ltr'>quidem</span> <span class='ocrx_word' id='word_1_229' title='bbox 698 2232 731 2265; x_wconf 77' lang='lat' dir='ltr'>si</span> <span class='ocrx_word' id='word_1_230' title='bbox 747 2235 836 2266; x_wconf 85' lang='lat' dir='ltr'>recte</span> <span class='ocrx_word' id='word_1_231' title='bbox 852 2232 1030 2273; x_wconf 81' lang='lat' dir='ltr'>doceatur,</span> <span class='ocrx_word' id='word_1_232' title='bbox 1048 2232 1087 2265; x_wconf 87' lang='lat' dir='ltr'>id</span> <span class='ocrx_word' id='word_1_233' title='bbox 1103 2235 1152 2266; x_wconf 70' lang='lat' dir='ltr'>est</span> <span class='ocrx_word' id='word_1_234' title='bbox 1169 2235 1209 2265; x_wconf 85' lang='lat' dir='ltr'>ut</span> <span class='ocrx_word' id='word_1_235' title='bbox 1229 2231 1388 2265; x_wconf 77' lang='lat' dir='ltr'>tenebrae</span> <span class='ocrx_word' id='word_1_236' title='bbox 1411 2242 1484 2266; x_wconf 89' lang='lat' dir='ltr'>non</span> <span class='ocrx_word' id='word_1_237' title='bbox 1510 2232 1659 2266; x_wconf 87' lang='lat' dir='ltr'>inducat</span> <span class='ocrx_word' id='word_1_238' title='bbox 1684 2232 1892 2268; x_wconf 64' lang='lat' dir='ltr'>erudiendis</span> 
     </span>
     <span class='ocr_line' id='line_1_30' title="bbox 419 2278 1893 2323; baseline 0.001 -11"><span class='ocrx_word' id='word_1_239' title='bbox 419 2288 483 2313; x_wconf 84' lang='lat' dir='ltr'>nec</span> <span class='ocrx_word' id='word_1_240' title='bbox 505 2282 689 2313; x_wconf 69' lang='lat' dir='ltr'>consumat</span> <span class='ocrx_word' id='word_1_241' title='bbox 711 2282 871 2313; x_wconf 82' lang='lat' dir='ltr'>aetatem.</span> <span class='ocrx_word' id='word_1_242' title='bbox 921 2279 1121 2323; x_wconf 74' lang='lat' dir='ltr'>Indiynum</span> <span class='ocrx_word' id='word_1_243' title='bbox 1146 2279 1242 2313; x_wconf 81' lang='lat' dir='ltr'>enim</span> <span class='ocrx_word' id='word_1_244' title='bbox 1267 2282 1316 2313; x_wconf 75' lang='lat' dir='ltr'>eet</span> <span class='ocrx_word' id='word_1_245' title='bbox 1334 2278 1369 2313; x_wconf 75' lang='lat' dir='ltr'>si</span> <span class='ocrx_word' id='word_1_246' title='bbox 1392 2279 1429 2312; x_wconf 85' lang='lat' dir='ltr'>in</span> <span class='ocrx_word' id='word_1_247' title='bbox 1450 2279 1606 2323; x_wconf 83' lang='lat' dir='ltr'>quinque</span> <span class='ocrx_word' id='word_1_248' title='bbox 1628 2279 1769 2314; x_wconf 76' lang='lat' dir='ltr'>uoculie</span> <span class='ocrx_word' id='word_1_249' title='bbox 1791 2280 1893 2314; x_wconf 79' lang='lat' dir='ltr'>addi·</span> 
     </span>
     <span class='ocr_line' id='line_1_31' title="bbox 420 2326 1892 2371; baseline 0.001 -11"><span class='ocrx_word' id='word_1_250' title='bbox 420 2326 559 2360; x_wconf 66' lang='lat' dir='ltr'>mendis</span> <span class='ocrx_word' id='word_1_251' title='bbox 583 2327 664 2371; x_wconf 70' lang='lat' dir='ltr'>quia</span> <span class='ocrx_word' id='word_1_252' title='bbox 685 2327 801 2359; x_wconf 82' lang='lat' dir='ltr'>uitam</span> <span class='ocrx_word' id='word_1_253' title='bbox 826 2330 919 2360; x_wconf 81' lang='lat' dir='ltr'>terat</span> <span class='ocrx_word' id='word_1_254' title='bbox 943 2330 984 2360; x_wconf 82' lang='lat' dir='ltr'>ut</span> <span class='ocrx_word' id='word_1_255' title='bbox 1006 2327 1039 2359; x_wconf 86' lang='lat' dir='ltr'>ei</span> <span class='ocrx_word' id='word_1_256' title='bbox 1060 2326 1150 2360; x_wconf 70' lang='lat' dir='ltr'>desit</span> <span class='ocrx_word' id='word_1_257' title='bbox 1170 2326 1330 2370; x_wconf 74' lang='lat' dir='ltr'>epatium</span> <span class='ocrx_word' id='word_1_258' title='bbox 1350 2326 1563 2370; x_wconf 79' lang='lat' dir='ltr'>procedendi</span> <span class='ocrx_word' id='word_1_259' title='bbox 1584 2327 1633 2360; x_wconf 84' lang='lat' dir='ltr'>ad</span> <span class='ocrx_word' id='word_1_260' title='bbox 1655 2326 1723 2360; x_wconf 83' lang='lat' dir='ltr'>illa</span> <span class='ocrx_word' id='word_1_261' title='bbox 1739 2337 1892 2371; x_wconf 68' lang='lat' dir='ltr'>quonam</span> 
     </span>
     <span class='ocr_line' id='line_1_32' title="bbox 417 2373 1892 2419; baseline 0.001 -12"><span class='ocrx_word' id='word_1_262' title='bbox 417 2373 540 2417; x_wconf 76' lang='lat' dir='ltr'>ymtia</span> <span class='ocrx_word' id='word_1_263' title='bbox 556 2373 751 2407; x_wconf 74' lang='lat' dir='ltr'>debuerant</span> <span class='ocrx_word' id='word_1_264' title='bbox 768 2373 854 2408; x_wconf 79' lang='lat' dir='ltr'>haec</span> <span class='ocrx_word' id='word_1_265' title='bbox 867 2374 1087 2418; x_wconf 74' lang='lat' dir='ltr'>praedoceri.</span> <span class='ocrx_word' id='word_1_266' title='bbox 1132 2373 1241 2414; x_wconf 79' lang='lat' dir='ltr'>Vnde,</span> <span class='ocrx_word' id='word_1_267' title='bbox 1256 2374 1426 2419; x_wconf 79' lang='lat' dir='ltr'>quoniam</span> <span class='ocrx_word' id='word_1_268' title='bbox 1443 2374 1492 2407; x_wconf 88' lang='lat' dir='ltr'>ad</span> <span class='ocrx_word' id='word_1_269' title='bbox 1513 2373 1589 2408; x_wconf 84' lang='lat' dir='ltr'>alia</span> <span class='ocrx_word' id='word_1_270' title='bbox 1607 2374 1892 2410; x_wconf 62' lang='lat' dir='ltr'>introductorius</span> 
     </span>
     <span class='ocr_line' id='line_1_33' title="bbox 419 2420 1892 2468; baseline 0.001 -13"><span class='ocrx_word' id='word_1_271' title='bbox 419 2425 479 2461; x_wconf 69' lang='lat' dir='ltr'>eet,</span> <span class='ocrx_word' id='word_1_272' title='bbox 507 2421 652 2455; x_wconf 89' lang='lat' dir='ltr'>nomine</span> <span class='ocrx_word' id='word_1_273' title='bbox 685 2421 930 2464; x_wconf 71' lang='lat' dir='ltr'>Yeaooyarum</span> <span class='ocrx_word' id='word_1_274' title='bbox 954 2421 1173 2455; x_wconf 70' lang='lat' dir='ltr'>inscribitur.</span> <span class='ocrx_word' id='word_1_275' title='bbox 1224 2420 1348 2466; x_wconf 80' lang='lat' dir='ltr'>Itaque</span> <span class='ocrx_word' id='word_1_276' title='bbox 1374 2421 1604 2465; x_wconf 63' lang='lat' dir='ltr'>inscriptioni</span> <span class='ocrx_word' id='word_1_277' title='bbox 1628 2421 1798 2465; x_wconf 62' lang='lat' dir='ltr'>derogant</span> <span class='ocrx_word' id='word_1_278' title='bbox 1827 2422 1892 2468; x_wconf 80' lang='lat' dir='ltr'>qui</span> 
     </span>
     <span class='ocr_line' id='line_1_34' title="bbox 418 2468 1892 2514; baseline 0.001 -12"><span class='ocrx_word' id='word_1_279' title='bbox 418 2469 471 2502; x_wconf 73' lang='lat' dir='ltr'>oie</span> <span class='ocrx_word' id='word_1_280' title='bbox 486 2472 684 2502; x_wconf 69' lang='lat' dir='ltr'>uersentur</span> <span class='ocrx_word' id='word_1_281' title='bbox 699 2468 737 2502; x_wconf 91' lang='lat' dir='ltr'>in</span> <span class='ocrx_word' id='word_1_282' title='bbox 755 2468 819 2502; x_wconf 82' lang='lat' dir='ltr'>hoc</span> <span class='ocrx_word' id='word_1_283' title='bbox 834 2472 875 2502; x_wconf 89' lang='lat' dir='ltr'>ut</span> <span class='ocrx_word' id='word_1_284' title='bbox 888 2468 1002 2502; x_wconf 79' lang='lat' dir='ltr'>locum</span> <span class='ocrx_word' id='word_1_285' title='bbox 1013 2468 1279 2513; x_wconf 73' lang='lat' dir='ltr'>principalibus</span> <span class='ocrx_word' id='word_1_286' title='bbox 1291 2478 1362 2502; x_wconf 88' lang='lat' dir='ltr'>non</span> <span class='ocrx_word' id='word_1_287' title='bbox 1376 2468 1594 2513; x_wconf 78' lang='lat' dir='ltr'>relinquant,</span> <span class='ocrx_word' id='word_1_288' title='bbox 1613 2468 1744 2514; x_wconf 73' lang='lat' dir='ltr'>quibus</span> <span class='ocrx_word' id='word_1_289' title='bbox 1760 2469 1892 2513; x_wconf 75' lang='lat' dir='ltr'>iynotie</span> 
     </span>
     <span class='ocr_line' id='line_1_35' title="bbox 419 2514 1890 2561; baseline 0.001 -10"><span class='ocrx_word' id='word_1_290' title='bbox 419 2525 491 2551; x_wconf 77' lang='lat' dir='ltr'>non</span> <span class='ocrx_word' id='word_1_291' title='bbox 520 2519 569 2549; x_wconf 73' lang='lat' dir='ltr'>eet</span> <span class='ocrx_word' id='word_1_292' title='bbox 597 2516 691 2560; x_wconf 81' lang='lat' dir='ltr'>quod</span> <span class='ocrx_word' id='word_1_293' title='bbox 717 2515 801 2550; x_wconf 80' lang='lat' dir='ltr'>huic</span> <span class='ocrx_word' id='word_1_294' title='bbox 826 2516 1084 2550; x_wconf 75' lang='lat' dir='ltr'>introducentis</span> <span class='ocrx_word' id='word_1_295' title='bbox 1111 2526 1237 2560; x_wconf 80' lang='lat' dir='ltr'>operae</span> <span class='ocrx_word' id='word_1_296' title='bbox 1264 2516 1384 2557; x_wconf 76' lang='lat' dir='ltr'>qratia</span> <span class='ocrx_word' id='word_1_297' title='bbox 1405 2515 1584 2551; x_wconf 82' lang='lat' dir='ltr'>debeatur.</span> <span class='ocrx_word' id='word_1_298' title='bbox 1633 2514 1691 2551; x_wconf 81' lang='lat' dir='ltr'>cf.</span> <span class='ocrx_word' id='word_1_299' title='bbox 1719 2515 1806 2551; x_wconf 76' lang='lat' dir='ltr'>ibid.</span> <span class='ocrx_word' id='word_1_300' title='bbox 1835 2524 1890 2561; x_wconf 86' lang='lat'>17,</span> 
     </span>
     <span class='ocr_line' id='line_1_36' title="bbox 420 2550 1891 2607; baseline 0.001 -10"><span class='ocrx_word' id='word_1_301' title='bbox 420 2571 468 2597; x_wconf 89' lang='lat'>20</span> <span class='ocrx_word' id='word_1_302' title='bbox 492 2562 539 2597; x_wconf 74' lang='lat' dir='ltr'>ad</span> <span class='ocrx_word' id='word_1_303' title='bbox 569 2561 644 2605; x_wconf 68' lang='lat' dir='ltr'>fin„</span> <span class='ocrx_word' id='word_1_304' title='bbox 672 2560 726 2597; x_wconf 92' lang='lat' dir='ltr'>iii.</span> <span class='ocrx_word' id='word_1_305' title='bbox 764 2572 793 2598; x_wconf 86' lang='lat'>1.</span> <span class='ocrx_word' id='word_1_306' title='bbox 955 2562 978 2597; x_wconf 93' lang='grc'>6</span> <span class='ocrx_word' id='word_1_307' title='bbox 1003 2563 1143 2607; x_wconf 72' lang='lat' dir='ltr'>apices:</span> <span class='ocrx_word' id='word_1_308' title='bbox 1183 2562 1232 2597; x_wconf 81' lang='lat' dir='ltr'>cf.</span> <span class='ocrx_word' id='word_1_309' title='bbox 1262 2550 1350 2598; x_wconf 74' lang='lat' dir='ltr'>Luc.</span> <span class='ocrx_word' id='word_1_310' title='bbox 1377 2560 1450 2597; x_wconf 85' lang='lat' dir='ltr'>xvi.</span> <span class='ocrx_word' id='word_1_311' title='bbox 1483 2571 1535 2607; x_wconf 83' lang='lat'>17.</span> <span class='ocrx_word' id='word_1_312' title='bbox 1706 2572 1744 2599; x_wconf 93' lang='lat'>11</span> <span class='ocrx_word' id='word_1_313' title='bbox 1785 2567 1818 2598; x_wconf 86' lang='lat' dir='ltr'>et</span> <span class='ocrx_word' id='word_1_314' title='bbox 1845 2563 1891 2599; x_wconf 82' lang='lat' dir='ltr'>ab</span> 
     </span>
     <span class='ocr_line' id='line_1_37' title="bbox 418 2606 1891 2655; baseline 0.002 -10"><span class='ocrx_word' id='word_1_315' title='bbox 418 2609 541 2645; x_wconf 81' lang='lat' dir='ltr'>eadem</span> <span class='ocrx_word' id='word_1_316' title='bbox 574 2620 612 2643; x_wconf 87' lang='lat' dir='ltr'>re</span> <span class='ocrx_word' id='word_1_317' title='bbox 644 2612 743 2645; x_wconf 57' lang='lat' dir='ltr'>cta:</span> <span class='ocrx_word' id='word_1_318' title='bbox 780 2607 1072 2655; x_wconf 83' lang='lat' dir='ltr'>Quadruplicem</span> <span class='ocrx_word' id='word_1_319' title='bbox 1107 2606 1324 2655; x_wconf 74' lang='lat' dir='ltr'>Scripturas</span> <span class='ocrx_word' id='word_1_320' title='bbox 1357 2620 1482 2646; x_wconf 72' lang='lat' dir='ltr'>sacrae</span> <span class='ocrx_word' id='word_1_321' title='bbox 1517 2620 1680 2654; x_wconf 83' lang='lat' dir='ltr'>sensum,</span> <span class='ocrx_word' id='word_1_322' title='bbox 1711 2608 1891 2648; x_wconf 83' lang='lat' dir='ltr'>videlicet</span> 
     </span>
     <span class='ocr_line' id='line_1_38' title="bbox 419 2654 1890 2710; baseline 0.002 -19"><span class='ocrx_word' id='word_1_323' title='bbox 419 2655 653 2700; x_wconf 72' lang='lat' dir='ltr'>historicum,</span> <span class='ocrx_word' id='word_1_324' title='bbox 682 2655 938 2702; x_wconf 79' lang='lat' dir='ltr'>allegoricum,</span> <span class='ocrx_word' id='word_1_325' title='bbox 975 2654 1251 2710; x_wconf 81' lang='lat' dir='ltr'>tropologicum</span> <span class='ocrx_word' id='word_1_326' title='bbox 1285 2655 1364 2692; x_wconf 77' lang='lat' dir='ltr'>siue</span> <span class='ocrx_word' id='word_1_327' title='bbox 1398 2656 1594 2702; x_wconf 75' lang='lat' dir='ltr'>moralem,</span> <span class='ocrx_word' id='word_1_328' title='bbox 1626 2656 1890 2704; x_wconf 78' lang='lat' dir='ltr'>anagogicum,</span> 
     </span>
     <span class='ocr_line' id='line_1_39' title="bbox 420 2703 1890 2750; baseline 0.001 -11"><span class='ocrx_word' id='word_1_329' title='bbox 420 2714 443 2739; x_wconf 94' lang='lat' dir='ltr'>o</span> <span class='ocrx_word' id='word_1_330' title='bbox 471 2703 563 2739; x_wconf 76' lang='lat' dir='ltr'>time</span> <span class='ocrx_word' id='word_1_331' title='bbox 596 2703 770 2750; x_wconf 72' lang='lat' dir='ltr'>exposuit</span> <span class='ocrx_word' id='word_1_332' title='bbox 802 2703 1002 2739; x_wconf 66' lang='lat' dir='ltr'>Cassianus</span> <span class='ocrx_word' id='word_1_333' title='bbox 1039 2715 1077 2739; x_wconf 86' lang='lat' dir='ltr'>m</span> <span class='ocrx_word' id='word_1_334' title='bbox 1115 2703 1199 2740; x_wconf 84' lang='lat' dir='ltr'>coll.</span> <span class='ocrx_word' id='word_1_335' title='bbox 1233 2714 1266 2749; x_wconf 80' lang='grc'>4,</span> <span class='ocrx_word' id='word_1_336' title='bbox 1302 2715 1383 2750; x_wconf 85' lang='lat' dir='ltr'>cap.</span> <span class='ocrx_word' id='word_1_337' title='bbox 1418 2706 1438 2739; x_wconf 94' lang='lat'>8</span> <span class='ocrx_word' id='word_1_338' title='bbox 1471 2706 1515 2739; x_wconf 78' lang='lat' dir='ltr'>de</span> <span class='ocrx_word' id='word_1_339' title='bbox 1547 2706 1710 2750; x_wconf 68' lang='lat' dir='ltr'>opii-itali</span> <span class='ocrx_word' id='word_1_340' title='bbox 1741 2706 1890 2741; x_wconf 70' lang='lat' dir='ltr'>scientia</span> 
     </span>
     <span class='ocr_line' id='line_1_40' title="bbox 422 2749 1888 2797; baseline 0.002 -11"><span class='ocrx_word' id='word_1_341' title='bbox 422 2752 434 2795; x_wconf 97' lang='lat'><strong>(</strong></span> <span class='ocrx_word' id='word_1_342' title='bbox 481 2750 567 2797; x_wconf 82' lang='lat' dir='ltr'>igne</span> <span class='ocrx_word' id='word_1_343' title='bbox 603 2752 641 2787; x_wconf 80' lang='lat'>1’.</span> <span class='ocrx_word' id='word_1_344' title='bbox 674 2753 714 2786; x_wconf 68' lang='grc'>1,.</span> <span class='ocrx_word' id='word_1_345' title='bbox 752 2750 840 2786; x_wconf 84' lang='lat' dir='ltr'>xlix.</span> <span class='ocrx_word' id='word_1_346' title='bbox 874 2753 983 2796; x_wconf 84' lang='lat'><strong>962);</strong></span> <span class='ocrx_word' id='word_1_347' title='bbox 1021 2749 1069 2787; x_wconf 77' lang='lat' dir='ltr'>cf.</span> <span class='ocrx_word' id='word_1_348' title='bbox 1095 2750 1232 2787; x_wconf 74' lang='lat' dir='ltr'>Gazaci</span> <span class='ocrx_word' id='word_1_349' title='bbox 1267 2751 1579 2787; x_wconf 85' lang='lat' dir='ltr'>commentarium</span> <span class='ocrx_word' id='word_1_350' title='bbox 1616 2752 1665 2788; x_wconf 86' lang='lat' dir='ltr'>ad</span> <span class='ocrx_word' id='word_1_351' title='bbox 1699 2751 1768 2788; x_wconf 85' lang='lat' dir='ltr'>loc.</span> <span class='ocrx_word' id='word_1_352' title='bbox 1832 2751 1888 2790; x_wconf 82' lang='lat' dir='ltr'>De</span> 
     </span>
     <span class='ocr_line' id='line_1_41' title="bbox 419 2797 1889 2844; baseline 0.001 -10"><span class='ocrx_word' id='word_1_353' title='bbox 419 2797 489 2834; x_wconf 79' lang='lat' dir='ltr'>hac</span> <span class='ocrx_word' id='word_1_354' title='bbox 515 2810 552 2835; x_wconf 79' lang='lat' dir='ltr'>re</span> <span class='ocrx_word' id='word_1_355' title='bbox 575 2798 777 2834; x_wconf 68' lang='lat' dir='ltr'>trmluntur</span> <span class='ocrx_word' id='word_1_356' title='bbox 801 2797 968 2835; x_wconf 72' lang='lat' dir='ltr'>verniculi</span> <span class='ocrx_word' id='word_1_357' title='bbox 993 2798 1143 2844; x_wconf 85' lang='lat' dir='ltr'>quidam</span> <span class='ocrx_word' id='word_1_358' title='bbox 1167 2799 1214 2834; x_wconf 80' lang='lat' dir='ltr'>ad</span> <span class='ocrx_word' id='word_1_359' title='bbox 1237 2798 1457 2835; x_wconf 81' lang='lat' dir='ltr'>memoriam</span> <span class='ocrx_word' id='word_1_360' title='bbox 1481 2798 1760 2836; x_wconf 81' lang='lat' dir='ltr'>informandam</span> <span class='ocrx_word' id='word_1_361' title='bbox 1786 2798 1889 2836; x_wconf 76' lang='lat' dir='ltr'>haud</span> 
     </span>
     <span class='ocr_line' id='line_1_42' title="bbox 418 2844 1889 2894; baseline 0.001 -13"><span class='ocrx_word' id='word_1_362' title='bbox 418 2844 597 2882; x_wconf 72' lang='lat' dir='ltr'>inutile-z</span> <span class='ocrx_word' id='word_1_363' title='bbox 626 2847 763 2881; x_wconf 78' lang='lat' dir='ltr'>Littera</span> <span class='ocrx_word' id='word_1_364' title='bbox 786 2851 882 2891; x_wconf 70' lang='lat' dir='ltr'>qma</span> <span class='ocrx_word' id='word_1_365' title='bbox 906 2847 1013 2889; x_wconf 81' lang='lat' dir='ltr'>docet,</span> <span class='ocrx_word' id='word_1_366' title='bbox 1034 2848 1121 2893; x_wconf 73' lang='lat' dir='ltr'>quid</span> <span class='ocrx_word' id='word_1_367' title='bbox 1145 2848 1268 2882; x_wconf 68' lang='lat' dir='ltr'>credas</span> <span class='ocrx_word' id='word_1_368' title='bbox 1290 2847 1476 2893; x_wconf 58' lang='lat' dir='ltr'>alleqoricn</span> <span class='ocrx_word' id='word_1_369' title='bbox 1501 2848 1656 2883; x_wconf 71' lang='lat' dir='ltr'>Moralie</span> <span class='ocrx_word' id='word_1_370' title='bbox 1678 2848 1765 2894; x_wconf 75' lang='lat' dir='ltr'>quid</span> <span class='ocrx_word' id='word_1_371' title='bbox 1788 2858 1889 2894; x_wconf 64' lang='lat' dir='ltr'>avae,</span> 
     </span>
     <span class='ocr_line' id='line_1_43' title="bbox 416 2895 1898 2940; baseline 0.002 -12"><span class='ocrx_word' id='word_1_372' title='bbox 416 2905 484 2940; x_wconf 75' lang='lat' dir='ltr'>quo</span> <span class='ocrx_word' id='word_1_373' title='bbox 508 2895 634 2929; x_wconf 73' lang='lat' dir='ltr'>undae</span> <span class='ocrx_word' id='word_1_374' title='bbox 657 2895 845 2939; x_wconf 71' lang='lat' dir='ltr'>anaqoqia.</span> <span class='ocrx_word' id='word_1_375' title='bbox 1895 2919 1898 2923; x_wconf 87' lang='lat'><em>-</em></span> 
     </span>
    </p>
   </div>
   <div class='ocr_carea' id='block_1_5' title="bbox 531 2974 594 3008">
    <p class='ocr_par' dir='ltr' id='par_1_5' title="bbox 531 2974 594 3008">
     <span class='ocr_line' id='line_1_44' title="bbox 531 2974 594 3008; baseline 0.048 -3"><span class='ocrx_word' id='word_1_376' title='bbox 531 2974 594 3008; x_wconf 77' lang='lat'>1⁴⁴</span> 
     </span>
    </p>
   </div>
  </div>
 </body>
</html>
