1988 3250
154 222 254 257 ear.
269 210 342 273 vx]
677 211 1119 258 POLICRATICVS
1649 225 1734 267 59⁷
1751 216 1782 255 b

155 346 286 390 saepe
306 331 417 376 facit
435 346 529 376 esse
547 331 776 376 uictorem.
834 331 955 385 Quid
975 333 1094 376 enim
1114 334 1295 391 prodest
1314 335 1352 378 si
1373 339 1635 379 exerceatur

155 400 376 460 ignobilis,
395 402 434 446 si
453 402 659 460 pluribus
685 401 920 459 stipendiis
947 405 1147 445 moretur
1175 403 1223 446 in
1243 404 1431 447 castris?
1491 404 1634 448 Num-

156 485 290 528 quam
311 472 532 516 exercitus
551 470 729 529 proficit
748 470 796 513 in
816 474 1015 528 tempore
1042 471 1160 523 belli,
1178 472 1306 516 cuius
1325 473 1373 515 in
1394 474 1635 530 probandis

157 539 379 584 tironibus
417 540 687 585 claudicauit
725 540 893 584 electio.
973 540 1033 584 Et
1072 544 1291 598 quantum
1336 555 1422 584 usu
1462 543 1634 599 experi-

120 628 141 663 5
157 610 406 668 mentisque
432 610 732 668 cognouimus,
753 610 858 654 hinc
881 612 952 653 tot
974 610 1140 667 ubique
1167 610 1226 653 ab
1252 611 1456 654 hostibus
1484 612 1634 655 illatae
1653 623 1678 652 c

157 683 264 724 sunt
288 680 446 730 clades,
466 680 574 723 dum
601 679 735 737 longa
760 694 851 737 pax
876 679 1065 723 militem
1092 679 1357 723 incuriosius
1384 680 1507 738 legit,
1527 680 1635 723 dum

156 749 339 794 inutiles
360 749 524 807 quique
548 749 700 794 ciuilia
728 752 958 792 sectantur
981 748 1136 800 officia,
1155 749 1263 792 dum
1286 749 1444 793 indicti
1468 764 1636 807 posses-

156 819 331 863 soribus
351 819 518 862 tirones
533 833 614 877 per
627 819 820 876 gratiam
837 821 918 862 aut
932 818 1332 862 dissimulationem
1349 819 1637 876 probantium

157 888 270 933 tales
289 889 517 932 sociantur
542 888 690 939 armis,
710 887 864 946 quales
890 888 1058 932 domini
1086 888 1249 931 habere
1279 887 1534 932 fastidiunt.
1595 888 1637 932 A

101 977 143 1003 xo
158 958 334 1016 magnis
368 972 473 1016 ergo
512 957 624 1002 uiris
662 972 912 1015 magnaque
946 957 1182 1015 diligentia
1214 957 1396 1001 idoneos
1427 958 1639 1002 conuenit

159 1027 264 1086 eligi
299 1027 506 1072 iuniores.
565 1026 680 1072 Cum
720 1042 828 1070 uero
867 1027 1059 1083 diligens
1098 1026 1255 1070 electio
1294 1027 1459 1070 iudicio
1499 1027 1639 1071 fuerit

159 1097 417 1156 approbata,
436 1096 645 1154 signandi
665 1100 772 1140 sunt
792 1099 838 1140 et
858 1096 1106 1141 ascribendi
1136 1097 1324 1140 militiae
1353 1097 1430 1154 qui
1458 1096 1515 1140 ad
1540 1111 1639 1140 eam

159 1166 448 1210 inuenientur
481 1166 639 1210 idonei.
715 1166 834 1210 Nam
870 1169 916 1210 et
947 1166 1159 1210 uelocitas
1192 1166 1458 1224 requirenda
1493 1170 1562 1210 est
1593 1170 1639 1210 et

161 1237 298 1280 robur
327 1238 372 1280 et
401 1239 554 1280 utrum
584 1250 810 1279 armorum
839 1234 1118 1294 disciplinam
1145 1236 1245 1293 quis
1271 1236 1462 1279 ediscere
1490 1235 1641 1280 ualeat

105 1326 145 1362 15
163 1308 209 1350 et
228 1321 286 1349 an
306 1305 470 1348 habeat
489 1305 802 1349 confidentiam
824 1306 1079 1349 militarem.
1123 1306 1327 1363 Plerique
1348 1305 1465 1348 enim
1486 1320 1640 1363 quam-

162 1376 233 1420 uis
264 1389 354 1419 non
389 1374 702 1432 improbabiles
739 1375 981 1418 uideantur
1015 1375 1062 1418 in
1093 1376 1248 1433 specie,
1282 1378 1435 1418 tamen
1467 1377 1640 1434 experi-

161 1445 325 1490 mentis
370 1444 715 1502 comprobantur
763 1445 949 1503 indigni.
1029 1445 1287 1502 Repellendi
1338 1460 1444 1502 ergo
1493 1446 1642 1488 minus

162 1514 297 1558 utiles
335 1517 382 1558 et
420 1514 468 1557 in
507 1514 652 1558 locum
693 1529 845 1557 eorum
886 1514 1182 1558 strenuissimi
1223 1515 1509 1572 subrogandi.
1585 1514 1641 1557 In
1659 1515 1688 1556 d

164 1583 286 1628 omni
330 1584 448 1628 enim
487 1584 696 1627 conflictu
739 1598 829 1627 non
868 1587 963 1628 tam
1003 1585 1184 1642 prodest
1222 1585 1468 1627 multitudo
1508 1599 1643 1641 quam

107 1672 150 1698 no
165 1653 322 1697 uirtus.
402 1653 459 1696 In
508 1666 597 1710 qua
645 1653 920 1710 exploranda
969 1653 1205 1697 formanda
1252 1658 1298 1697 et
1341 1653 1645 1711 promouenda

165 1722 290 1767 ducis
309 1723 505 1766 uertitur
525 1726 616 1766 tam
637 1737 772 1780 opera
791 1737 925 1780 quam
947 1723 1174 1766 iudicium.
1234 1723 1436 1781 Signatis
1451 1738 1645 1780 namque

166 1792 386 1836 tironibus
431 1806 511 1850 per
556 1792 781 1835 cotidiana
819 1792 1032 1836 exercitia
1075 1807 1301 1836 armorum
1345 1796 1413 1836 est
1463 1793 1643 1835 demon-

164 1861 350 1906 stranda
378 1861 581 1905 doctrina
610 1864 663 1905 ut
692 1862 781 1905 leui
812 1866 1042 1906 armatura
1074 1865 1119 1906 et
1148 1863 1290 1920 graui,
1310 1867 1431 1906 terra
1459 1862 1567 1906 item
1598 1865 1645 1905 et

165 1930 335 1990 pelago,
364 1931 536 1989 pedites
565 1930 657 1974 sint
686 1945 745 1974 an
775 1932 959 1989 equites,
989 1935 1221 1975 strenuum
1252 1932 1442 1975 militem
1472 1932 1645 1990 possint

109 2018 152 2054 ¹5
167 2000 361 2059 implere.

168 2119 274 2179 Cap.
306 2121 346 2164 6.
395 2120 520 2174 Quae
556 2119 685 2163 mla
719 2121 1003 2177 proueniant
1044 2122 1210 2165 ‘nostris
1248 2122 1437 2178 mylecto
1477 2122 1645 2165 delectu

291 2190 513 2244 militum,
532 2194 571 2233 et
591 2189 789 2246 qualum·
809 2191 1045 2234 Haroldus
1072 2192 1276 2235 Valensee
1295 2190 1527 2247 subeyerit.

228 2283 317 2327 Sed
337 2283 470 2325 huius
490 2282 749 2340 disciplinae
770 2297 875 2326 usus
895 2283 942 2325 in
970 2283 1308 2326 desuetudinem
1339 2283 1452 2326 abiit
1483 2286 1562 2326 aut
1589 2298 1646 2326 ex
1673 2293 1688 2313 ⁸

170 2353 450 2411 indulgentia
488 2352 647 2410 longae
686 2352 939 2396 securitatis
988 2357 1069 2396 aut
1117 2353 1315 2396 irruente
1365 2353 1551 2396 mollitie
1601 2358 1647 2396 et

111 2444 156 2480 30
171 2422 370 2466 uirorum
400 2421 570 2464 animos
600 2421 837 2479 frangente
867 2422 1047 2465 luxuria
1077 2426 1157 2465 aut
1186 2422 1368 2480 ignauia
1398 2422 1648 2465 iuuentutis

173 2493 220 2534 et
252 2490 415 2535 inertia
450 2490 611 2534 ducum
648 2491 860 2548 temporis
891 2491 1045 2534 nostri.
1107 2492 1248 2544 Quem
1281 2492 1399 2534 enim
1436 2492 1647 2541 inuenies,
1664 2491 1746 2541 598
1766 2501 1796 2529 a

173 2558 251 2616 qui
279 2562 459 2603 strenue
490 2559 643 2602 docere
673 2559 814 2617 possit
843 2560 961 2617 quod
990 2561 1085 2618 ipse
1115 2575 1205 2604 non
1235 2560 1422 2604 didicit?

175 2683 220 2712 22
244 2674 443 2721 tyronibus
460 2674 493 2710 A
636 2683 681 2719 27
706 2673 887 2711 walenses
903 2673 992 2710 A²M
1136 2685 1182 2721 29
1206 2674 1406 2712 molliente
1424 2673 1490 2710 SM

227 2787 267 2815 11
298 2779 389 2815 Cum
405 2789 491 2815 uero
508 2780 665 2825 diliyens
681 2780 776 2815 etc.:
801 2790 834 2814 v.
850 2778 984 2826 Veget.
1001 2778 1026 2815 i.
1045 2779 1066 2815 8
1084 2778 1132 2814 ad
1151 2778 1240 2816 init.
1363 2788 1404 2824 13
1431 2783 1463 2813 et
1480 2779 1651 2813 uelocitas

177 2826 274 2862 eta:
297 2825 432 2872 Veget.
449 2826 474 2862 i.
492 2827 525 2862 8.
656 2835 703 2861 20
727 2827 775 2861 In
789 2838 862 2873 qua
879 2829 953 2862 etc.
972 2837 1089 2872 usque
1108 2826 1155 2862 ad
1174 2827 1371 2862 iudicium:
1395 2837 1472 2860 non
1491 2828 1580 2860 sunt
1598 2824 1652 2870 ip·

176 2872 253 2910 sius
267 2872 421 2920 Vegetii
438 2873 560 2909 verba.
655 2883 698 2909 21
726 2875 890 2919 Sianatis
902 2876 976 2910 etc.
990 2878 1122 2920 (usque
1134 2874 1181 2909 ad
1192 2874 1373 2919 doctrina)
1388 2884 1397 2910 :
1424 2872 1556 2918 Veget.
1573 2871 1598 2909 i.
1617 2876 1651 2908 8.

235 2944 353 2964 mnu
885 2942 915 2969 1)
1498 2940 1538 2977 ι7
