1988 3250
151 209 250 242 cnr.
262 195 335 256 xx]
655 192 1095 238 POLICRATICVS

70 394 74 401 ,
152 350 258 409 Cap.
282 364 343 394 11.
381 347 505 404 Quid
537 347 596 392 sit
634 363 738 392 uere
762 346 1074 404 philosopham&
1086 365 1105 396 ‚·
1146 349 1185 389 et
1220 345 1282 389 ad
1316 360 1447 402 quem
1469 345 1615 403 finem

399 418 612 462 omnium
630 417 975 473 scripturarum
994 419 1155 471 uerqat
1175 415 1383 458 intentio.

209 507 306 551 Hoc
333 509 484 550 autem
523 519 679 548 reuera
716 504 1018 562 philosophari
1051 506 1130 553 est,
1159 506 1204 546 et
1239 503 1312 547 hic
1344 507 1412 546 est
1450 504 1619 547 multae

149 576 350 621 lectionis
399 574 737 619 iocundissimus
791 576 836 616 et
889 572 1206 616 saluberrimus
1257 571 1441 615 fructus,
1513 573 1619 630 Ipsa

113 663 133 699 3
150 645 365 704 siquidem
395 658 543 687 rerum
573 642 770 686 omnium
799 642 998 685 continet
1036 641 1315 698 disciplinam
1346 645 1392 684 et
1421 642 1618 685 omnium

149 713 420 759 moderatrix
459 712 680 756 uniuersis
708 712 928 754 humanae
957 711 1079 754 uitae
1108 710 1281 754 actibus
1311 714 1357 754 et
1386 711 1534 754 uerbis
1574 716 1620 755 et

149 783 491 843 cogitationibus
528 782 708 825 modum
748 784 794 824 et
832 780 1045 824 terminos
1083 780 1180 837 ipsa
1218 781 1462 824 constituit.
1538 780 1620 824 Est

149 857 298 898 tamen
317 852 388 896 cui
408 867 488 896 nec
508 851 605 909 ipsa
624 851 752 894 nouit
770 850 1011 893 terminum
1031 850 1290 907 praefinire;
1320 854 1388 893 est
1408 850 1478 893 cui
1499 850 1546 893 in
1567 865 1619 893 eo

150 922 410 982 praescribit
435 921 615 964 modum
642 923 695 963 ut
721 935 810 963 non
835 919 998 962 habeat
1024 919 1215 962 modum.
1278 919 1499 976 Quicquid
1524 920 1620 977 agit

95 1009 137 1035 ιο
152 997 231 1037 aut
259 992 467 1049 loquitur,
497 990 602 1033 illuc
631 989 777 1033 tendit
806 989 924 1046 quod
954 988 1074 1045 apud
1105 994 1222 1032 recte
1256 989 1619 1046 philosophantes

151 1077 240 1106 non
259 1061 395 1105 habet
414 1060 671 1112 terminum;
700 1074 804 1102 nam
825 1062 871 1102 et
891 1058 986 1102 eius
1006 1058 1258 1102 substantia
1278 1058 1324 1100 in
1346 1073 1397 1101 eo
1416 1059 1619 1102 consistit

150 1134 203 1176 ut
222 1131 333 1174 illud
352 1144 630 1187 nequaquam
650 1129 926 1172 terminetur.
987 1128 1036 1171 Si
1062 1128 1180 1171 enim
1210 1128 1450 1171 secundum
1474 1128 1618 1171 Plato-

150 1216 252 1245 nem
271 1199 557 1258 philosophus
577 1202 749 1242 amator
769 1198 853 1241 Dei
874 1202 952 1249 est,
973 1198 1080 1255 quid
1110 1197 1232 1240 aliud
1253 1200 1321 1240 est
1341 1198 1620 1255 philosophia

152 1270 238 1314 nisi
258 1269 509 1313 diuinitatis
529 1270 682 1312 amor?
742 1268 839 1311 Hoc
860 1271 928 1311 est
947 1268 1102 1324 utique
1126 1267 1244 1324 quod
1269 1267 1500 1310 terminari
1531 1282 1619 1310 non

94 1356 136 1394 15
153 1339 264 1390 uult,
292 1353 348 1383 ne
377 1342 423 1382 et
452 1338 559 1396 ipsa,
589 1337 707 1394 quod
736 1351 825 1380 non
855 1337 1047 1394 expedit,
1076 1337 1270 1382 finiatur.
1341 1336 1469 1390 Quod
1500 1337 1618 1380 enim

151 1409 318 1462 finitur,
331 1423 422 1452 esse
437 1407 618 1460 desinit3
647 1410 704 1457 et,
716 1407 754 1450 si
770 1421 894 1450 amor
909 1406 993 1450 Dei
1010 1406 1302 1464 extinguitur,
1315 1406 1619 1464 philosophiae

151 1491 310 1522 nomen
349 1477 583 1520 euanescit.
657 1476 730 1520 Sic
774 1480 820 1520 et
859 1477 1089 1520 incarnata
1126 1476 1209 1518 Dei
1246 1476 1487 1533 Sapientia,
1518 1491 1619 1519 cum

151 1547 304 1591 multis
323 1546 594 1605 praescribat
612 1546 804 1596 modum,
825 1545 969 1589 Deum
997 1545 1092 1588 sine
1117 1545 1247 1588 modo
1275 1545 1491 1603 praecipit
1520 1545 1620 1587 dili-

152 1616 369 1674 gendum3
397 1615 483 1659 nisi
504 1616 609 1673 quia
628 1615 806 1659 caritati
822 1615 979 1658 modus
999 1614 1074 1657 ille
1094 1615 1412 1672 praescribitur
1432 1617 1483 1657 ut
1499 1614 1621 1657 Deus

95 1701 139 1727 ιο
154 1685 248 1729 sine
287 1685 476 1728 termino
515 1684 677 1728 amoris
716 1684 942 1742 diligatur.
1015 1684 1103 1737 Qui
1154 1684 1271 1726 enim
1319 1684 1406 1726 ait:
1449 1683 1619 1740 Diliges

153 1754 413 1812 proximum,
434 1756 563 1797 tuum
595 1754 711 1797 sicut
744 1756 789 1797 te
819 1754 977 1811 ipsum,
1007 1753 1124 1796 idem
1155 1753 1406 1810 praemisit:
1447 1753 1620 1810 Diliges

153 1822 392 1867 Dominum
408 1822 551 1867 Deum
572 1826 700 1866 tuum
721 1838 778 1866 ex
797 1826 893 1866 toto
913 1822 1042 1867 corde
1063 1826 1153 1874 tuo,
1169 1838 1225 1866 ex
1246 1826 1343 1866 tota
1357 1823 1506 1866 anima
1525 1826 1618 1873 tua,

153 1907 210 1937 ex
223 1896 319 1937 tota
333 1896 480 1936 mente
495 1896 576 1936 tua
595 1896 640 1936 et
660 1907 716 1936 ex
732 1892 937 1936 omnibus
952 1892 1125 1935 uiribus
1140 1892 1241 1935 tuis.
1302 1892 1427 1935 Idem
1443 1907 1617 1949 quoque

153 1961 334 2006 adiecit:
364 1962 419 2005 In
439 1962 509 2005 his
533 1962 705 2006 duobus
728 1962 877 2005 uerbis
899 1962 1064 2019 pendet
1091 1965 1187 2005 tota
1207 1962 1279 2004 lex
1300 1966 1345 2005 et
1365 1962 1617 2019 prophetae.

97 2045 136 2080 25
155 2030 205 2075 Si
234 2046 338 2090 ergo
366 2031 515 2075 omnia
543 2046 655 2088 quae
684 2032 849 2089 scripta
872 2034 979 2075 sunt
1007 2031 1237 2088 prophetis
1266 2031 1545 2074 famulantur
1573 2035 1620 2075 et

153 2100 252 2159 legi,
271 2101 318 2144 id
338 2104 416 2151 est,
436 2101 473 2144 si
493 2101 636 2144 omnis
655 2101 856 2145 doctrina
875 2101 980 2144 illuc
1000 2101 1146 2144 tendit
1166 2104 1218 2144 ut
1238 2100 1369 2143 homo
1395 2100 1619 2144 subiectus

153 2169 213 2213 sit
250 2169 338 2227 legi
369 2169 465 2221 Dei,
499 2170 598 2226 quis
635 2171 824 2228 ambigit
861 2170 919 2213 ad
958 2185 1145 2227 regnum
1179 2170 1379 2214 caritatis
1410 2170 1620 2213 uniuersa

157 2267 202 2296 10
223 2258 299 2304 phy
300 2257 541 2304 Iosophantes
558 2256 598 2293 M
783 2266 824 2302 13
851 2255 1108 2303 phylosophus
1125 2255 1165 2292 M
1308 2255 1561 2303 phylosophia
1578 2257 1618 2294 M

157 2306 201 2341 16
224 2304 496 2359 phylosophiae
514 2304 554 2341 M
701 2313 742 2349 17
768 2303 959 2350 sapientia
975 2303 1037 2340 dei
1053 2303 1199 2340 c‘BSM
1354 2314 1395 2340 21
1423 2306 1531 2340 tuum
1548 2316 1616 2341 om.

154 2349 210 2388 OS
351 2363 397 2397 24
420 2351 493 2388 hiis
510 2352 535 2388 S
630 2353 714 2388 tota
729 2351 792 2388 lex
809 2352 950 2398 pendet
966 2352 1000 2386 A

201 2432 226 2467 4
249 2423 360 2468 Ipsa:
386 2434 435 2459 sc.
453 2421 663 2467 Sapientia.
699 2448 705 2452 -
745 2423 747 2426 ⁴
807 2431 826 2469 5
852 2434 974 2458 remm
997 2424 1159 2458 omnium
1183 2424 1275 2459 etc-z
1302 2421 1348 2458 cf.
1373 2421 1459 2458 Sen
1484 2424 1553 2468 Ep.
1575 2424 1619 2459 88

157 2467 190 2524 ξ
197 2478 261 2524 33,
278 2471 322 2516 85
349 2469 391 2515 ξξ
418 2480 473 2515 32,
498 2480 564 2516 33;
588 2468 835 2506 recentiorem
859 2472 988 2506 autem
1013 2470 1140 2506 nescio
1164 2481 1278 2515 quem
1303 2472 1506 2514 auctorem,
1533 2469 1621 2517 Sap.

155 2515 232 2553 vin.
254 2525 269 2552 1
289 2516 414 2552 forsan
430 2516 738 2564 interpretatum,
756 2516 862 2563 sequi
879 2517 1024 2553 videtur
1040 2517 1212 2554 Ioannes
1359 2527 1475 2563 12,13
1501 2529 1621 2553 secun·

156 2564 545 2600 dumPlatonemetca
571 2576 602 2600 v.
615 2563 674 2599 Au
704 2565 827 2600 ..deC'
842 2566 887 2600 D.
903 2563 980 2600 viii.
996 2574 1028 2611 5,
1041 2567 1072 2606 8,
1092 2575 1157 2609 ιι;
1185 2564 1230 2601 cf.
1245 2575 1288 2599 eu
1317 2575 1407 2600 rac.
1427 2566 1447 2600 8
1467 2566 1620 2611 (6523).

160 2620 204 2655 14
227 2612 434 2647 diuinitati-s
449 2623 572 2648 amor.
605 2611 653 2648 cf.
706 2611 807 2648 oeth.
825 2613 866 2647 in
883 2613 1056 2658 Porphyr.
1076 2593 1175 2648 Dia'l.
1201 2612 1225 2648 i.
1240 2615 1257 2665 .(
1304 2611 1393 2658 igne
1410 2613 1452 2648 P.
1469 2613 1512 2648 L.
1530 2612 1618 2648 lxiv.

160 2658 232 2700 ιι).
373 2668 428 2700 20,
447 2668 488 2695 21
517 2660 655 2704 Diliyee
677 2661 882 2704 proximum
907 2661 1003 2695 etc.:
1039 2659 1151 2696 Matt.
1172 2658 1261 2695 xxii.
1283 2669 1339 2704 39.
1499 2670 1554 2702 21,
1574 2671 1619 2696 22

156 2705 293 2748 Dinaea
317 2686 513 2741 Dominum
536 2707 630 2742 etc.:
672 2705 785 2742 Matt.
810 2705 901 2742 xxii.
929 2715 984 2751 37.
1126 2716 1171 2750 24
1200 2708 1248 2742 In
1275 2708 1334 2741 his
1356 2707 1495 2742 duobus
1519 2710 1617 2743 etc.:

158 2750 268 2787 Matt.
278 2750 366 2787 xxii.
379 2762 437 2796 40.
499 2754 639 2788 uerbis.
657 2755 842 2788 mandatis
851 2753 964 2799 Vulg.
1034 2755 1168 2798 pendet
1180 2759 1254 2789 tota
1271 2755 1350 2788 lex:
1368 2756 1542 2789 uniuorsa
1561 2756 1622 2789 lex

154 2800 285 2844 pendet
313 2798 449 2844 Vulg.;
486 2799 640 2835 Ioannis
672 2801 801 2836 tamen
827 2800 1028 2837 lectionem
1066 2799 1106 2836 in
1142 2800 1270 2837 codice
1307 2811 1384 2836 uno
1414 2805 1524 2846 (saec.
1552 2801 1620 2838 viii

157 2845 242 2882 vel
231 2857 271 2881 ix
287 2845 442 2892 scripto)
460 2848 606 2883 exstare
622 2848 813 2883 testantur
830 2847 1084 2884 Wordaworth
1099 2848 1132 2883 &
1151 2848 1282 2884 White
1300 2848 1348 2884 ad
1365 2847 1437 2884 loc.

1446 2911 1509 2946 1³⁵
1548 2915 1553 2921 '

1636 192 1716 232 661
1734 201 1764 230 a

1636 1066 1665 1105 b

1636 1907 1661 1937 c
