1988 3250
235 175 322 224 665
340 184 371 214 a
718 174 874 219 IOAN
877 175 921 218 N
923 175 981 219 IS
1022 175 1539 222 SARESBERIENSIS
1660 177 1771 239 [ΗΒ.
1785 188 1858 224 vn

386 293 554 337 salibus
584 293 750 338 dicitur
777 295 990 339 referunt.
1049 296 1140 339 Alii
1168 297 1415 340 discutiunt
1437 298 1689 342 intellectus
1715 303 1762 358 et
1785 291 1858 344 eos

386 363 707 406 uniuersalium
742 365 996 408 nominibus
1028 366 1195 410 censeri
1226 367 1502 412 confirmant.
1573 369 1774 413 Fuerunt
1813 373 1860 413 et

387 431 465 487 qui
485 446 614 475 uoces
634 432 753 490 ipsas
776 448 940 491 genera
967 434 1164 478 dicerent
1191 450 1284 478 esse
1309 438 1355 478 et
1382 436 1573 492 species;
1603 438 1679 480 sed
1706 453 1858 481 eorum

387 501 477 544 iam
498 502 679 559 explosa
699 504 921 546 sententia
941 507 1009 547 est
1029 507 1075 547 et
1095 503 1226 547 facile
1247 519 1347 547 cum
1362 510 1541 548 auctore
1562 521 1642 550 suo
1662 508 1859 550 euanuit.

387 570 506 614 Sunt
527 574 678 614 tamen
707 572 852 616 adhuc
879 573 956 629 qui
983 573 1377 630 deprehenduntur
1402 575 1449 616 in
1473 575 1675 632 uestigiis
1695 591 1858 626 eorum,
1878 590 1898 627 5

386 639 490 683 licet
524 641 786 684 erubescant
825 645 1049 685 auctorem
1090 643 1162 685 uel
1202 644 1470 686 sententiam
1509 645 1720 701 profiteri,
1755 645 1860 688 solis

385 709 640 753 nominibus
655 710 919 762 inherentes,
935 712 1052 768 quod
1068 712 1199 755 rebus
1215 716 1261 755 et
1275 713 1574 757 intellectibus
1587 714 1860 758 subtrahunt

385 779 661 822 sermonibus
681 780 942 825 asscribunt.

338 883 368 922 b
706 877 871 935 Magno
900 892 946 920 se
977 878 1121 921 iudice
1152 879 1338 936 quisque
1368 882 1522 922 tuetur

387 970 433 1010 et
459 982 515 1010 ex
539 968 689 1011 uerbis
713 972 956 1020 auctorum,
978 970 1054 1026 qui
1075 970 1380 1014 indifferenter
1409 972 1591 1015 nomina
1616 987 1698 1030 pro
1727 973 1859 1016 rebus
1880 989 1922 1014 ιο

385 1037 459 1079 uel
480 1051 550 1080 res
570 1052 651 1094 pro
671 1038 925 1081 nominibus
945 1043 1202 1096 posuerunt,
1223 1055 1349 1083 suam
1369 1041 1565 1085 adstruit
1591 1042 1860 1086 sententiam

386 1106 459 1149 uel
490 1121 694 1150 errorem.
756 1107 977 1151 Oriuntur
1011 1109 1115 1153 hinc
1146 1125 1312 1167 magna
1341 1111 1580 1155 seminaria
1614 1112 1861 1170 iurgiorum

387 1179 433 1218 et
468 1176 639 1233 colligit
673 1177 860 1234 quisque
899 1192 988 1234 quo
1022 1193 1149 1221 suam
1183 1180 1324 1236 possit
1362 1181 1553 1224 heresim
1588 1182 1861 1226 confirmare.

386 1245 428 1287 A
467 1246 704 1302 generibus
744 1249 790 1289 et
829 1247 1057 1304 speciebus
1096 1263 1377 1306 nequaquam
1417 1251 1649 1302 receditur,
1689 1251 1767 1294 sed
1807 1266 1860 1295 eo

386 1315 630 1371 applicabis
669 1315 976 1373 undecumque
1022 1317 1258 1362 institutus
1304 1319 1364 1362 sit
1406 1334 1561 1364 sermo.
1631 1321 1859 1365 Poeticum
1879 1336 1920 1373 ¹⁵

386 1383 514 1426 illum
540 1387 585 1427 te
610 1384 759 1427 subito
779 1385 1011 1429 miraberis
1036 1387 1258 1431 inuenisse
1278 1388 1491 1445 pictorem
1517 1390 1594 1447 qui
1622 1390 1678 1433 ad
1699 1390 1861 1443 omnia,

389 1468 502 1510 quae
541 1453 779 1497 necessitas
818 1455 972 1512 exigit,
1007 1456 1091 1500 scit
1125 1456 1314 1501 fortasse
1352 1459 1561 1502 simulare
1592 1475 1860 1517 cupressum.

389 1522 566 1580 Desipit
592 1523 658 1565 ita
678 1522 824 1566 Rufus
845 1524 892 1566 in
913 1525 1071 1577 Neuia,
1091 1541 1119 1569 a
1142 1541 1231 1583 qua
1251 1542 1363 1579 eum,
1385 1531 1499 1572 teste
1519 1528 1683 1586 Coquo,
1709 1530 1860 1574 nullus

387 1606 515 1635 casus
538 1592 726 1645 auertit;
756 1607 860 1635 nam

505 1684 716 1741 quicquid
746 1685 842 1742 agit
872 1684 1030 1738 Rufus,
1061 1687 1197 1730 nichil
1227 1691 1295 1731 est
1324 1688 1410 1732 nisi
1441 1689 1587 1732 Neuia
1617 1690 1760 1744 Ruf03
1878 1706 1923 1730 20

562 1743 600 1785 si
629 1743 808 1801 gaudet,
838 1744 876 1786 si
906 1744 995 1795 flet,
1025 1744 1063 1787 si
1092 1748 1221 1797 tacet,
1251 1746 1366 1790 hanc
1395 1747 1604 1804 loquitur.

387 1886 408 1921 3
435 1886 513 1912 esse
530 1887 598 1911 om.
615 1874 656 1910 Μ
799 1884 819 1920 7
838 1877 878 1912 et
894 1887 961 1911 om.
978 1875 1024 1912 Αι
1168 1878 1190 1914 8
1214 1877 1411 1915 ascribunt
1427 1878 1501 1915 AM
1654 1890 1677 1926 9
1701 1880 1858 1928 quisque

385 1935 425 1959 se
443 1922 569 1959 iudice
586 1921 668 1959 0¹8¹
685 1933 694 1958 :
721 1922 881 1968 quisque
898 1922 1022 1960 iudice
1041 1934 1078 1961 se
1096 1923 1126 1959 B
1287 1935 1327 1972 15
1354 1937 1377 1962 a
1406 1926 1538 1963 licabis
1555 1926 1657 1964 CB¹S
1816 1931 1858 1967 18

386 1970 504 2006 ruffus
521 1969 568 2004 A¹
715 1980 757 2016 19
781 1970 924 2008 auertit
941 1982 1046 2007 casus
1062 1971 1107 2007 A¹
1252 1983 1299 2009 20
1324 1985 1342 2009 r
1399 1986 1440 2010 us
1456 1974 1503 2009 A¹

434 2107 457 2141 4
482 2101 627 2131 auctore
643 2107 728 2132 suo:
755 2096 826 2133 i.e.
846 2096 1057 2141 Roscelino,
1074 2097 1278 2135 Abaelardi
1301 2099 1506 2147 magistro;
1532 2101 1581 2138 cf.
1605 2104 1728 2139 Metal.
1754 2102 1793 2140 ii.
1817 2114 1859 2149 17

387 2144 473 2190 (874
486 2147 525 2188 c)
544 2145 655 2179 Alius
671 2155 752 2188 erqo
769 2147 929 2180 consistit
946 2145 1136 2191 [naturam
1155 2146 1441 2196 uniuersalium]
1458 2150 1499 2184 in
1515 2150 1667 2194 vocibus,
1682 2152 1762 2187 licet
1774 2153 1861 2188 haee

385 2193 510 2237 opinio
527 2203 607 2226 cum
625 2192 791 2228 Rocelino
807 2204 871 2227 suo
878 2194 961 2238 fere
977 2195 1123 2229 omnino
1140 2195 1215 2229 iam
1231 2197 1392 2231 euanuit.
1587 2206 1604 2279 f
1632 2199 1725 2233 Sunt
1739 2204 1860 2235 tamen

386 2240 505 2275 adhuc
517 2241 580 2286 qui
597 2240 693 2275 etc.:
721 2239 778 2274 Ad
796 2239 1050 2276 Abaelardum
1064 2240 1189 2287 ipsum
1204 2241 1381 2289 respicit;
1406 2254 1438 2279 v.
1453 2244 1574 2279 Metal.
1603 2255 1656 2281 oc.
1670 2258 1783 2292 supra
1794 2246 1860 2284 cit.

387 2288 496 2322 Alius
521 2298 700 2322 sermones
726 2288 890 2322 intuetur
912 2292 945 2322 et
969 2289 1019 2323 ad
1046 2289 1128 2324 illos
1151 2290 1330 2335 detorquet
1356 2292 1525 2337 quicquid
1548 2293 1684 2328 alicubi
1711 2295 1754 2329 de
1782 2296 1860 2330 uni·

386 2334 590 2370 umalibus
621 2336 784 2368 meminit
811 2336 995 2380 scriptum.
1045 2337 1091 2371 In
1126 2337 1192 2372 hac
1220 2338 1388 2382 opinione
1415 2339 1653 2384 deprehensus
1683 2347 1734 2377 est
1763 2342 1861 2378 Peri-

381 2382 563 2427 pateticus
595 2382 788 2416 Palatinus
819 2383 1050 2417 Abaelardus
1081 2388 1208 2426 noster,
1242 2386 1306 2430 qui
1338 2386 1467 2421 multos
1498 2388 1643 2432 reliquit
1677 2393 1709 2423 et
1741 2390 1861 2426 adhuc

385 2430 530 2475 quidem
546 2429 689 2474 aliquos
705 2429 807 2463 habet
818 2431 1057 2483 professionis
1072 2431 1184 2466 huius
1197 2437 1384 2468 sectatores
1400 2437 1431 2467 et
1453 2438 1564 2469 testes.
1678 2446 1701 2481 9
1724 2437 1860 2482 Mayno

386 2488 423 2512 se
439 2477 535 2512 etc.:
564 2474 651 2511 Luc.
669 2476 795 2511 Pharo.
814 2487 839 2511 ι.
863 2485 938 2519 127.
1158 2487 1198 2514 12
1222 2481 1421 2515 seminaria
1440 2482 1663 2525 iamim-um:
1690 2482 1737 2519 cf.
1759 2486 1862 2520 semi-

388 2526 537 2559 narium
556 2524 726 2557 victarum
742 2522 896 2560 Hieron.
912 2525 981 2569 Ep.
994 2524 1106 2561 xxvii.
1125 2534 1145 2560 2
1164 2524 1310 2572 (Migne
1327 2528 1368 2563 P.
1380 2528 1422 2563 L.
1438 2526 1527 2565 xxii.
1540 2532 1638 2574 432).
1741 2540 1795 2577 15,
1817 2532 1859 2569 16

388 2571 569 2607 Poeticum
586 2571 691 2604 illum
708 2572 779 2607 etc.
797 2583 805 2607 ι
837 2583 867 2607 v.
889 2570 978 2607 Hor.
995 2573 1041 2607 A.
1060 2573 1098 2608 P.
1120 2582 1172 2618 19,
1189 2583 1243 2609 20.
1363 2576 1403 2610 18
1424 2576 1561 2621 coquo:
1585 2575 1608 2612 i.
1620 2588 1651 2613 e.
1666 2577 1858 2624 Martiali3

388 2618 438 2655 cf.
472 2617 574 2653 infra
606 2616 684 2653 viii.
712 2618 745 2663 6,
782 2628 822 2663 ¹3
855 2619 990 2663 (7243,
1022 2620 1091 2663 764
1104 2624 1169 2663 n);
1206 2620 1252 2658 de
1286 2620 1356 2657 hoc
1391 2622 1615 2667 cognomine
1644 2624 1728 2662 vide
1763 2638 1860 2672 quae

386 2664 568 2702 disseruit
610 2664 647 2700 F.
686 2663 729 2700 G.
768 2663 1032 2702 Schneidewin
1072 2666 1255 2712 (Martial.
1293 2669 1422 2715 Epiyr.
1460 2670 1517 2706 ed.
1559 2670 1713 2710 Grimae
1759 2676 1859 2719 1842.

388 2712 413 2750 i.
433 2723 470 2759 p.
489 2722 528 2748 21
546 2711 639 2757 seq.)
666 2711 731 2757 qui
757 2712 1057 2759 appellationem
1082 2717 1205 2751 ortam
1229 2726 1306 2752 esse
1334 2718 1445 2762 putat
1470 2729 1515 2754 ex
1542 2730 1720 2764 peruersa
1744 2721 1861 2758 inter-

417 2758 603 2796 retatione
622 2760 748 2805 Epiyr.
768 2759 816 2797 vi.
833 2762 893 2804 60,
905 2762 926 2796 8
942 2761 990 2796 Ee
1003 2762 1433 2799 redimuntsoln‘camnina
1444 2766 1546 2800 docta
1557 2768 1629 2802 coci
1643 2779 1651 2811 ;
1678 2768 1726 2804 cf.
1740 2768 1858 2806 etiam

387 2772 519 2844 Eut-th.
533 2808 685 2843 Acium.
701 2806 747 2843 vi.
766 2817 794 2845 ι.
871 2818 917 2844 20
939 2810 1108 2856 quiequid
1124 2811 1200 2856 wit
1216 2813 1310 2848 etc-2
1339 2810 1506 2849 Martial.
1518 2814 1648 2861 Epiyr.
1662 2814 1689 2853 i.
1702 2816 1761 2863 68,
1778 2827 1858 2863 1-4.

501 2888 562 2921 ¹⁴²
