1988 3250
222 201 311 249 646
333 210 358 240 c
710 199 973 244 IOANNIS
1004 197 1519 244 SARESBERIENSIS
1649 197 1761 254 [LIB.
1774 207 1847 240 VII

376 321 555 364 homine
585 321 763 379 quidem
793 322 976 379 planum
1006 324 1075 364 est
1104 321 1210 378 quia
1237 321 1335 364 uita
1364 321 1459 364 eius
1487 334 1578 363 non
1607 322 1752 362 status
1782 319 1851 361 est

377 391 455 448 qui
493 391 632 434 uerbo
675 391 958 434 substantiuo
992 391 1152 434 debeat
1191 390 1381 447 exprimi
1421 382 1505 432 sed*
1538 389 1754 432 transitus
1794 387 1849 430 de

375 464 504 504 utero
547 460 605 503 ad
640 460 864 503 tumulum
903 463 950 504 et
984 460 1111 517 quasi
1151 460 1261 517 fuga
1301 464 1381 503 aut
1419 459 1578 502 umbra
1617 457 1849 501 existendi.

377 529 506 572 Plato
535 530 714 586 quidem
749 531 796 573 id
826 545 1000 587 quoque
1031 530 1172 572 solum
1203 529 1433 586 proprium
1467 528 1577 571 dicit
1608 541 1701 570 esse
1731 525 1850 583 quod

376 613 550 656 semper
584 602 652 643 est
691 600 808 643 idem
847 615 927 643 nec
966 600 1161 642 motibus
1181 599 1394 642 uariatur.
1456 598 1579 651 Quae
1607 611 1714 639 uero
1743 597 1851 638 sunt
1869 611 1888 646 5

377 669 571 712 obnoxia
609 670 752 713 motui
792 685 881 713 non
926 670 1104 727 quidem
1144 671 1251 712 sunt
1293 668 1370 711 sed
1409 667 1621 710 uidentur
1660 680 1765 717 esse,
1805 668 1851 708 et

375 754 656 796 nequaquam
683 743 867 782 manent
893 740 970 782 sed
997 739 1163 796 iugiter
1189 741 1460 782 euanescunt
1486 740 1532 780 et
1560 735 1745 794 fugiunt
1770 748 1851 778 nec

377 812 582 866 spectant
629 809 983 866 appellationem.
1073 808 1190 851 Sunt
1238 810 1468 865 praeterea
1517 804 1756 848 Platonicis
1805 806 1852 847 et

378 879 542 921 nostris
562 878 706 921 multa
725 879 987 929 communia,
1007 881 1060 921 ut
1084 878 1176 921 sint
1195 877 1375 920 omnino
1400 875 1722 918 inexcusabiles
1743 873 1850 916 dum

331 950 361 990 d
377 947 614 990 ueritatem
644 947 728 991 Dei
763 948 811 990 in
840 948 1068 991 mendacio
1099 947 1313 990 detinent.
1373 946 1564 1002 Magnus
1595 946 1723 1001 pater
1757 943 1850 985 Au·
1872 958 1914 982 10

376 1017 585 1074 gustinus
609 1020 765 1060 auctor
794 1020 862 1060 est
892 1017 946 1071 (si
978 1021 1129 1059 tamen
1159 1031 1271 1073 quae
1301 1015 1385 1058 sub
1413 1014 1592 1057 nomine
1622 1013 1717 1056 eius
1747 1027 1849 1055 con·

376 1089 506 1143 cepta
544 1086 632 1144 legi
677 1086 820 1129 recolo
859 1085 1067 1144 fideliter)
1106 1086 1224 1143 quod
1270 1085 1319 1127 in
1357 1084 1484 1127 libris
1524 1082 1852 1126 Platonicorum

376 1155 611 1198 inuentum
641 1155 701 1198 sit
728 1156 845 1212 quod
867 1156 1022 1199 beatus
1049 1155 1325 1212 euangelista
1350 1154 1572 1197 Iohannes
1598 1152 1734 1195 altius
1759 1151 1853 1195 celo

377 1224 576 1267 intonuit
600 1227 647 1267 et
671 1239 804 1281 quam
825 1226 1020 1267 humana
1039 1239 1164 1268 mens
1190 1224 1414 1282 percipere
1435 1226 1580 1280 queat,
1600 1222 1704 1265 licet
1730 1220 1852 1264 auris

377 1296 617 1350 utcumque
651 1294 791 1351 possit
820 1294 999 1347 audire;
1041 1295 1276 1337 inuentum
1305 1297 1385 1346 est,
1413 1293 1608 1349 inquam,
1637 1290 1756 1348 quod
1785 1290 1852 1333 ait
1870 1305 1912 1341 15

377 1364 435 1406 ab
461 1363 592 1406 initio
620 1363 875 1421 Euangelii:
911 1364 968 1407 In
995 1365 1212 1422 principio
1240 1366 1337 1407 erat
1361 1362 1558 1406 Verbum
1583 1357 1628 1404 et
1654 1361 1852 1404 Verbum

377 1441 475 1476 erat
495 1433 614 1490 apud
641 1433 786 1476 Deum
814 1436 859 1476 et
891 1434 1012 1477 Deus
1039 1437 1137 1477 erat
1157 1433 1365 1483 Verbum,
1386 1435 1432 1475 et
1455 1433 1602 1475 cetera
1627 1445 1768 1487 usque
1794 1429 1853 1472 ad

377 1502 522 1545 locum
539 1517 626 1559 quo
641 1502 728 1545 ait:
761 1502 820 1545 Et
835 1503 914 1544 lux
935 1503 983 1545 in
998 1503 1193 1546 tenebris
1213 1502 1331 1546 lucet
1351 1505 1396 1545 et
1416 1501 1624 1545 tenebrae
1645 1515 1742 1543 eam
1762 1513 1853 1542 non

377 1571 818 1628 comprehenderunt.
877 1572 971 1630 Ego
1010 1572 1201 1629 quidem,
1241 1572 1328 1615 nisi
1368 1572 1415 1614 in
1455 1574 1635 1628 patrum
1674 1568 1852 1626 scriptis

379 1641 611 1698 legeretur,
632 1655 911 1698 nequaquam
931 1642 1063 1685 alicui
1085 1642 1331 1685 infidelium
1352 1655 1603 1685 concessum
1630 1638 1851 1682 crederem
1871 1655 1916 1680 ιο

379 1713 433 1752 ut
471 1724 520 1752 os
559 1710 607 1751 in
652 1713 805 1753 tantae
849 1711 959 1754 lucis
1005 1711 1231 1754 oraculum
1278 1710 1472 1768 aperiret
1519 1724 1653 1767 quam
1699 1707 1853 1752 oculus

380 1779 633 1822 mundanus
673 1794 762 1822 non
802 1780 964 1823 sufficit
1008 1781 1187 1824 intueri.
1265 1780 1570 1838 Apostolicum
1610 1781 1761 1821 tamen
1807 1779 1854 1820 et

381 1917 484 1961 fidei
515 1917 619 1960 boni
648 1918 793 1974 operis
823 1920 1154 1975 perseuerantia
1184 1919 1441 1971 illustrauit,
1470 1932 1570 1961 cum
1600 1915 1851 1974 philosophi

380 1987 647 2032 euanuerint
674 2001 762 2029 non
793 1988 923 2031 modo
957 1988 1003 2031 in
1034 1989 1378 2046 cogitationibus
1406 1987 1483 2030 sed
1513 1987 1719 2044 operibus
1748 1985 1851 2029 suis.
1872 2001 1914 2036 25

383 2056 572 2114 Scripsit
611 2056 746 2098 libros
786 2057 1011 2114 plurimos,
1047 2062 1092 2101 ct
1132 2058 1300 2115 politici
1333 2056 1525 2100 hominis
1556 2056 1717 2099 merita
1750 2070 1852 2099 con-

383 2125 614 2183 templatio
634 2140 721 2168 non
744 2127 964 2182 repressit,
985 2130 1030 2170 et
1054 2126 1439 2184 contemplationis
1459 2140 1643 2169 acumen
1667 2125 1855 2168 actionis

382 2195 619 2239 necessitas
639 2209 727 2237 non
748 2195 954 2238 extinxit.
1016 2196 1064 2239 Si
1095 2196 1207 2239 liber
1236 2197 1313 2253 qui
1340 2196 1394 2239 de
1422 2195 1642 2253 Dogmate
1670 2194 1764 2237 eius
1787 2195 1856 2237 est

381 2264 723 2321 contempnitur,
744 2264 790 2306 in
812 2265 985 2308 laudem
1003 2266 1097 2308 eius
1114 2265 1340 2323 Origenes,
1362 2265 1620 2315 Ieronimus,
1636 2263 1855 2322 Augusti·

382 2348 479 2383 nus,
499 2333 696 2376 omnium
718 2333 1078 2391 philosophorum
1094 2335 1466 2378 adtestationibus
1481 2333 1599 2384 freti,
1614 2333 1851 2378 sufficiunt.
1873 2352 1917 2387 30

383 2410 406 2470 {3
442 2432 713 2479 apellationem
743 2431 767 2469 S
915 2443 956 2478 13
995 2432 1261 2479 ewangelista
1286 2433 1342 2469 A.
1382 2431 1608 2478 evengelista
1637 2430 1661 2467 S
1811 2432 1855 2470 16

384 2479 604 2525 euuangelii
621 2480 682 2516 CA
826 2490 873 2525 24
898 2480 1126 2527 phylosophi
1145 2480 1183 2516 M
1329 2491 1377 2527 30
1400 2479 1692 2517 atestationibus
1709 2478 1734 2515 S

436 2578 448 2604 1
480 2579 553 2603 non
577 2573 692 2603 statua
716 2573 765 2603 ese
791 2569 887 2603 etc.:
915 2580 946 2603 v.
966 2567 1030 2604 Iob
1050 2581 1083 2604 x.
1110 2578 1150 2614 19
1167 2568 1331 2604 Fuissem
1396 2569 1453 2603 asa·
1468 2579 1542 2603 non
1560 2578 1677 2610 essem,
1695 2567 1739 2602 de
1754 2570 1856 2603 utero

385 2617 585 2651 translatus
601 2617 649 2651 ad
665 2617 855 2651 tumulum
977 2626 999 2660 9
1023 2621 1060 2651 ut
1073 2617 1146 2651 sint
1157 2617 1253 2652 etc.:
1282 2628 1314 2652 v.
1362 2627 1435 2651 om.
1447 2614 1472 2652 i.
1491 2615 1542 2657 18,
1557 2624 1613 2650 20
1740 2623 1853 2657 10,11

387 2664 616 2708 Auquotr‘nue
643 2665 738 2699 etc..
778 2675 807 2698 v.
837 2663 930 2709 Aug.
962 2665 1065 2709 Cous.
1091 2662 1115 2699 i.
1141 2674 1164 2708 9
1195 2662 1452 2710 §13(Migne
1480 2663 1519 2698 Ρ
1547 2663 1587 2697 L.
1614 2660 1730 2698 xxxii.
1757 2660 1855 2706 740).

390 2711 432 2747 16
457 2711 504 2746 In
552 2712 705 2756 m'ncu'pr'o
724 2712 816 2747 etc:
846 2710 973 2746 Ioann.
988 2710 1011 2746 i.
1031 2721 1068 2747 1-
1075 2720 1105 2757 5.
1252 2721 1294 2756 23
1312 2710 1777 2756 fi1miliam'tamintimaae:
1804 2719 1854 2745 sc.

385 2769 471 2795 cum
489 2758 516 2793 C
549 2757 660 2799 τίιιος
688 2769 720 2794 v.
738 2758 866 2794 loann.
888 2757 962 2793 xxi.
976 2769 1033 2796 20.
1161 2767 1203 2805 25
1231 2760 1447 2794 euenum-int
1461 2759 1554 2794 etc:
1581 2769 1612 2793 v.
1631 2755 1737 2792 Rom.
1754 2755 1780 2791 i.
1795 2765 1854 2794 21.

387 2807 433 2842 26
457 2807 631 2851 ser-ipen.
658 2816 705 2841 ιο.
726 2804 843 2841 Plato.
998 2808 1042 2842 28
1069 2806 1177 2841 luber:
1203 2817 1251 2842 nc.
1271 2804 1438 2859 Apuleii..
1592 2814 1637 2850 29
1665 2805 1855 2849 Origenes.

385 2865 416 2889 v.
438 2852 592 2889 Hieron.
612 2854 716 2899 Apol.
735 2855 813 2889 adv
832 2853 918 2899 Rus.
938 2851 990 2888 111.
1010 2864 1058 2898 ⁴0
1074 2852 1222 2900 (Migne
1240 2854 1281 2891 P.
1301 2854 1343 2889 L.
1364 2851 1468 2889 xxiii.
1485 2851 1584 2898 487).

497 2933 563 2958 uo
