1988 3250
175 226 274 265 σΑΡ.
289 215 374 279 1x]
679 217 1082 264 POLICRATICV
1084 218 1117 263 S
1656 231 1728 272 741
1747 232 1778 263 a

173 341 255 382 aut
272 337 536 381 hostiarium
555 350 611 380 ne
631 336 732 394 quis
751 336 945 380 insulsus
964 336 1109 380 irruat
1131 339 1178 380 et
1206 340 1260 381 ut
1289 338 1349 382 sit
1375 339 1452 396 qui
1479 339 1639 398 dignos

173 409 220 452 et
258 405 556 450 admittendos
598 407 853 449 reuerenter
901 405 1106 462 excipiat,
1144 406 1328 449 honeste
1371 407 1637 465 alloquatur,

172 475 406 520 solatietur
423 475 600 532 ignotis,
619 474 815 518 instruat
833 474 1050 517 nouitatis
1069 474 1248 532 ignaros
1278 478 1335 526 et,
1354 490 1455 519 cum
1476 492 1635 535 oppor-
1652 485 1683 526 b

172 545 343 589 tunitas
359 543 508 595 fuerit,
526 543 583 586 ad
603 543 831 586 dominum
851 542 1116 586 introducat.
1177 543 1258 587 Est
1277 548 1323 587 et
1342 560 1490 588 rerum
1509 547 1638 604 copia

134 629 156 666 3
171 613 266 658 sine
285 613 408 664 luxu,
427 612 675 656 iocunditas
694 612 789 655 sine
809 611 1002 662 lasciuia,
1017 615 1064 655 et
1083 626 1191 656 usus
1214 628 1362 656 rerum
1382 614 1638 659 licentiosus

170 683 305 726 immo
323 682 436 725 liber
454 681 531 725 sed
551 681 721 724 uirtute
740 681 962 725 incolumi.
1020 680 1139 724 Nam
1166 683 1422 726 conuiuium
1445 683 1637 729 Herodis

169 755 251 796 aut
271 751 523 803 Pharaonis,
543 751 650 794 dum
670 750 1006 794 immoderatam
1033 750 1090 794 ad
1118 754 1272 809 gestus
1295 752 1536 796 saltatricis
1555 758 1637 797 aut

170 821 391 865 feruorem
406 820 502 863 uini
517 819 707 864 letitiam
721 819 924 877 concipit,
939 820 1027 862 fine
1043 820 1213 878 tragico
1228 821 1324 864 exit
1338 824 1384 864 et
1399 821 1637 866 homicidio

169 890 427 934 maculatur.
500 889 596 933 Hoc
627 904 708 933 nec
741 889 876 932 etiam
907 889 1143 946 gentilium
1173 890 1376 947 grauitas
1406 892 1637 949 approbat.

115 973 157 1000 ιο
169 959 373 1004 Valerius
403 962 558 1003 auctor
588 961 657 1003 est
688 958 806 1016 quod
826 958 1006 1002 Porcius
1025 958 1140 1003 Cato
1160 959 1345 1003 Lucium
1367 960 1636 1004 Flaminium

170 1029 353 1074 sustulit
390 1043 418 1072 a
451 1043 635 1072 numero
673 1032 927 1072 senatorum
966 1029 1072 1086 quia
1109 1029 1303 1086 aliquem
1343 1029 1635 1087 dampnatum

170 1099 305 1156 impie
333 1098 474 1143 securi
503 1100 789 1156 percusserat,
818 1101 1015 1155 tempore
1044 1101 1195 1142 tamen
1225 1098 1443 1156 supplicii,
1469 1098 1546 1143 sed
1577 1100 1634 1142 ad

169 1168 404 1212 arbitrium
444 1171 490 1211 et
527 1167 824 1225 spectaculum
863 1168 1147 1211 eonuiuantis
1178 1168 1474 1219 mulierculae,
1508 1169 1635 1212 cuius

170 1252 318 1282 amore
337 1237 572 1281 tenebatur
590 1240 636 1280 et
655 1237 778 1282 lecto.
837 1237 925 1280 Sed
950 1241 996 1281 et
1017 1237 1179 1281 Lucius
1200 1237 1382 1281 Flaccus
1402 1240 1448 1281 et
1467 1237 1636 1296 collega

115 1319 154 1356 15
169 1306 264 1350 eius
289 1320 487 1350 censores
515 1306 781 1349 Durionium
804 1309 963 1350 senatu
994 1310 1242 1357 mouerunt,
1267 1307 1385 1364 quod
1413 1307 1555 1366 legem
1579 1308 1634 1351 de
1653 1321 1677 1352 c

169 1375 448 1420 cohemendis
475 1375 781 1419 conuiuiorum
810 1376 1062 1434 sumptibus
1086 1376 1224 1420 latam
1255 1377 1464 1420 tribunus
1493 1377 1636 1435 plebis

170 1445 471 1502 abrogauerat.
513 1444 702 1489 Mirifica
716 1447 848 1489 notae
863 1459 1009 1489 causa.
1058 1445 1202 1499 Quam
1218 1446 1335 1489 enim
1352 1446 1637 1504 impudenter

170 1513 413 1558 Durionius
432 1515 576 1557 rostra
594 1514 859 1567 conscendit,
873 1514 951 1558 illa
966 1515 1191 1559 dicturus:
1212 1515 1248 1557 F
1250 1516 1345 1559 reni
1361 1520 1468 1560 sunt
1483 1516 1634 1560 iniecti

170 1584 308 1635 nobis,
338 1584 546 1638 Quirites,
574 1584 698 1627 nullo
738 1584 868 1627 modo
909 1584 1198 1642 perpetiendi,
1227 1585 1401 1642 alligati
1446 1589 1493 1629 et
1533 1600 1635 1630 con·

112 1667 156 1692 ιο
170 1652 314 1698 stricti
343 1653 449 1697 estis
478 1668 630 1697 amaro
657 1653 836 1697 uinculo
864 1654 1125 1706 seruitutis3
1164 1655 1238 1697 lex
1270 1655 1389 1698 enim
1429 1655 1537 1698 data
1566 1659 1636 1699 est

170 1737 281 1781 quae
300 1737 381 1766 uos
400 1722 522 1780 frugi
540 1737 632 1766 esse
655 1723 791 1766 iubet.
851 1723 1131 1780 Abrogemus
1155 1738 1262 1781 ergo
1286 1724 1399 1767 illud
1428 1725 1636 1768 horridae

167 1792 405 1836 uetustatis
430 1792 634 1850 rubigine
663 1792 856 1836 obsitum
886 1793 1146 1851 imperium;
1185 1794 1351 1837 etenim
1382 1794 1491 1851 quid
1523 1809 1635 1852 opus

168 1863 236 1905 est
264 1861 470 1905 libertate
499 1860 537 1904 si
566 1861 820 1904 uolentibus
848 1861 959 1905 luxu
990 1862 1134 1919 perire
1164 1877 1253 1906 non
1283 1862 1416 1908 licet?
1476 1863 1559 1908 Est
1588 1868 1635 1908 et

167 1930 256 1974 alia
274 1930 322 1974 in
341 1930 476 1974 sacris
495 1930 657 1974 litteris
686 1931 917 1975 ciuilitatis
937 1934 1044 1974 nota
1070 1935 1122 1975 ut
1145 1932 1203 1975 ab
1229 1932 1360 1976 initio
1383 1933 1632 1990 gratiarum

111 2009 152 2045 ⁸⁵
167 1999 431 2057 praecedant
450 2000 654 2045 actioneS.
714 1999 832 2044 Nam
860 2004 906 2044 et
931 2001 1044 2044 illud
1068 2005 1243 2045 constat
1269 2002 1388 2058 quod
1414 2002 1632 2046 liberalis-

168 2068 305 2112 simus
344 2071 390 2112 et
427 2068 709 2114 ciuilissimus
742 2073 823 2113 aut
854 2070 1150 2114 facetissimus
1185 2071 1521 2128 paterfamilias,
1553 2073 1630 2129 qui

168 2136 223 2180 de
254 2137 447 2194 quinque
480 2138 670 2195 panibus
704 2139 890 2183 satiauit
928 2140 1124 2198 quinque
1163 2141 1289 2184 milia
1326 2140 1631 2195 conuiuarum,
1647 2142 1680 2188 d

172 2278 188 2306 1
215 2268 410 2306 ostiarium
428 2269 514 2306 ΝΜ
678 2282 699 2309 2
727 2274 766 2309 et
783 2284 850 2309 om.
869 2271 945 2308 (ΡΑ
1111 2282 1145 2318 3,
1162 2283 1185 2317 ⁴
1210 2273 1450 2319 oportunitas
1466 2273 1630 2311 CBASM

169 2326 193 2363 9
216 2317 373 2363 aprobat
388 2317 477 2354 GBS
617 2328 659 2356 2ι
688 2319 793 2356 iubet
810 2330 884 2356 esse
901 2319 948 2356 A¹
1042 2321 1148 2368 ergo]
1164 2319 1283 2368 igitur
1300 2321 1325 2358 S
1438 2331 1482 2367 27
1499 2334 1521 2359 v
1538 2322 1630 2360 CBS

215 2431 238 2467 6
264 2433 474 2467 conuiuium
488 2433 664 2470 Herodis:
690 2445 723 2471 v.
740 2433 856 2470 Marc.
874 2433 921 2470 vi.
938 2444 978 2471 21
996 2446 1098 2481 seqq.
1275 2444 1295 2480 7
1321 2441 1387 2471 aut
1403 2437 1629 2474 Pharaonis:

169 2488 202 2513 v.
220 2476 313 2514 Gen.
330 2478 382 2515 xl.
399 2489 446 2515 20
457 2490 556 2526 seqq.
744 2491 789 2518 ιο
811 2483 961 2518 Porcius
987 2484 1075 2519 cato
1100 2485 1195 2520 etc.:
1220 2482 1304 2519 Val.
1331 2483 1431 2519 Max.
1458 2483 1499 2520 ii.
1515 2484 1574 2539 9·§
1594 2495 1629 2523 2.

172 2534 215 2561 12
240 2530 380 2578 tamqn:
403 2537 479 2562 non
495 2526 609 2563 habet
623 2527 707 2565 Val.
725 2528 848 2571 Max.;
874 2528 1076 2566 inseruisse
1092 2530 1242 2566 videtur
1262 2533 1330 2567 aut
1356 2531 1521 2568 Ioannes
1546 2543 1628 2579 ipse

169 2573 237 2608 aut
253 2573 414 2618 scriptor
429 2574 652 2620 exemplaris
676 2575 774 2622 quod
791 2576 832 2612 in
849 2576 1024 2613 manibus
1041 2577 1186 2620 habuit,
1203 2580 1257 2620 ut,
1277 2591 1362 2615 cum
1388 2585 1421 2614 et
1444 2581 1530 2615 lecto
1559 2591 1629 2626 pro

168 2619 272 2654 electo
297 2618 465 2661 haberet.
483 2625 635 2667 tempore
661 2622 708 2660 de
737 2628 890 2670 tempore
914 2626 1029 2661 debito
1052 2624 1228 2673 intellegi
1256 2628 1395 2672 posset.
1442 2629 1524 2662 sed:
1549 2638 1629 2663 non

167 2664 292 2722 habet·
317 2665 399 2703 Val.
434 2666 534 2704 Max.
693 2680 736 2715 14
772 2676 805 2706 et
834 2672 939 2708 lecto:
976 2671 1059 2708 val.
1088 2673 1189 2708 Max.
1220 2674 1349 2716 elect0;
1389 2685 1438 2710 sc.
1475 2680 1630 2720 tempore

166 2714 352 2758 supplucii.
490 2716 627 2752 Lucius
651 2717 805 2754 Flaccus
831 2720 925 2755 etc.:
960 2718 1044 2755 Val.
1078 2719 1179 2756 Max.
1209 2719 1248 2756 ii.
1275 2731 1298 2766 9
1324 2719 1342 2766 ξ
1373 2729 1390 2767 5
1418 2722 1485 2762 (Μ.
1510 2728 1630 2758 autem

167 2761 351 2796 Antonius
375 2765 406 2796 ei
429 2762 472 2798 L.
497 2763 648 2816 Flaccus
678 2776 836 2802 censores
867 2766 970 2811 etc.).
1112 2778 1160 2803 20
1183 2769 1291 2804 data:
1316 2769 1393 2803 lata
1417 2768 1500 2804 Val.
1526 2768 1629 2805 Max.

168 2808 215 2860 24}
234 2810 524 2853 paterfamilias:
542 2820 566 2844 ι.
579 2820 609 2846 e.
620 2809 797 2849 Christus.
922 2815 978 2856 26,
991 2822 1035 2858 27
1053 2816 1117 2860 qui
1129 2816 1172 2849 de
1180 2817 1337 2861 quinque
1349 2817 1444 2852 etc.:
1470 2828 1502 2851 v.
1516 2816 1628 2853 Matt-

167 2865 240 2891 xiv.
265 2862 306 2900 13
317 2865 433 2904 seqq„
449 2854 564 2894 Marc.
581 2856 630 2894 vi.
651 2867 696 2904 32
707 2870 819 2906 seqq„
840 2859 930 2897 Luc.
952 2860 1002 2898 ix.
1023 2871 1066 2899 ιο
1076 2872 1192 2908 seqq„
1209 2862 1341 2899 Ioann.
1358 2862 1406 2899 vi.
1427 2873 1443 2900 1
1458 2874 1559 2910 seqq.

224 2925 306 2946 '¹¹⁸¹
319 2926 341 2947 ¹¹
851 2927 877 2955 0
903 2928 928 2956 0
1453 2927 1515 2958 281
