<?xml version="1.0" encoding="UTF-8"?>
<!DOCTYPE html PUBLIC "-//W3C//DTD XHTML 1.0 Transitional//EN"
    "http://www.w3.org/TR/xhtml1/DTD/xhtml1-transitional.dtd">
<html xmlns="http://www.w3.org/1999/xhtml" xml:lang="en" lang="en">
 <head>
  <title>
</title>
<meta http-equiv="Content-Type" content="text/html;charset=utf-8" />
  <meta name='ocr-system' content='tesseract 3.04.00' />
  <meta name='ocr-capabilities' content='ocr_page ocr_carea ocr_par ocr_line ocrx_word'/>
</head>
<body>
  <div class='ocr_page' id='page_1' title='image "./policraticisived02john_0165.png"; bbox 0 0 1988 3250; ppageno 0'>
   <div class='ocr_carea' id='block_1_1' title="bbox 169 221 1113 286">
    <p class='ocr_par' dir='ltr' id='par_1_1' title="bbox 169 221 1113 286">
     <span class='ocr_line' id='line_1_1' title="bbox 169 221 1113 286; baseline -0.005 -15"><span class='ocrx_word' id='word_1_1' title='bbox 169 238 265 272; x_wconf 75' lang='grc' dir='ltr'><strong>οΑΡ.</strong></span> <span class='ocrx_word' id='word_1_2' title='bbox 281 223 365 286; x_wconf 80' lang='lat' dir='ltr'>xv}</span> <span class='ocrx_word' id='word_1_3' title='bbox 674 221 1113 270; x_wconf 82' lang='lat' dir='ltr'><strong>POLICRATICVS</strong></span> 
     </span>
    </p>
   </div>
   <div class='ocr_carea' id='block_1_2' title="bbox 109 342 1642 1097">
    <p class='ocr_par' dir='ltr' id='par_1_2' title="bbox 109 342 1642 1097">
     <span class='ocr_line' id='line_1_2' title="bbox 166 342 1638 401; baseline -0.003 -12"><span class='ocrx_word' id='word_1_4' title='bbox 166 345 283 390; x_wconf 88' lang='lat' dir='ltr'>cium</span> <span class='ocrx_word' id='word_1_5' title='bbox 303 347 371 388; x_wconf 87' lang='lat' dir='ltr'>est</span> <span class='ocrx_word' id='word_1_6' title='bbox 389 344 556 398; x_wconf 90' lang='lat' dir='ltr'>docere,</span> <span class='ocrx_word' id='word_1_7' title='bbox 576 344 638 388; x_wconf 88' lang='lat' dir='ltr'>sic</span> <span class='ocrx_word' id='word_1_8' title='bbox 658 344 912 388; x_wconf 88' lang='lat' dir='ltr'>auditorum</span> <span class='ocrx_word' id='word_1_9' title='bbox 933 343 1143 401; x_wconf 84' lang='lat' dir='ltr'>praebere</span> <span class='ocrx_word' id='word_1_10' title='bbox 1163 357 1209 386; x_wconf 88' lang='lat' dir='ltr'>se</span> <span class='ocrx_word' id='word_1_11' title='bbox 1228 343 1411 394; x_wconf 88' lang='lat' dir='ltr'>dociles;</span> <span class='ocrx_word' id='word_1_12' title='bbox 1440 342 1638 400; x_wconf 90' lang='lat' dir='ltr'>alioquin</span> 
     </span>
     <span class='ocr_line' id='line_1_3' title="bbox 167 413 1639 463; baseline -0.002 -5"><span class='ocrx_word' id='word_1_13' title='bbox 167 417 374 458; x_wconf 86' lang='lat' dir='ltr'>neutrum</span> <span class='ocrx_word' id='word_1_14' title='bbox 413 414 508 457; x_wconf 88' lang='lat' dir='ltr'>sine</span> <span class='ocrx_word' id='word_1_15' title='bbox 548 413 689 457; x_wconf 87' lang='lat' dir='ltr'>altero</span> <span class='ocrx_word' id='word_1_16' title='bbox 727 413 902 457; x_wconf 89' lang='lat' dir='ltr'>sufficit.</span> <span class='ocrx_word' id='word_1_17' title='bbox 960 413 1090 463; x_wconf 92' lang='lat' dir='ltr'>Nam,</span> <span class='ocrx_word' id='word_1_18' title='bbox 1126 413 1243 456; x_wconf 92' lang='lat' dir='ltr'>sicut</span> <span class='ocrx_word' id='word_1_19' title='bbox 1280 413 1473 455; x_wconf 91' lang='lat' dir='ltr'>hominis</span> <span class='ocrx_word' id='word_1_20' title='bbox 1513 415 1639 455; x_wconf 88' lang='lat' dir='ltr'>ortus</span> 
     </span>
     <span class='ocr_line' id='line_1_4' title="bbox 166 481 1639 541; baseline -0.003 -14"><span class='ocrx_word' id='word_1_21' title='bbox 166 497 223 528; x_wconf 87' lang='lat' dir='ltr'>ex</span> <span class='ocrx_word' id='word_1_22' title='bbox 251 486 440 540; x_wconf 89' lang='lat' dir='ltr'>utroque</span> <span class='ocrx_word' id='word_1_23' title='bbox 469 483 749 541; x_wconf 73' lang='lat' dir='ltr'>gignentium</span> <span class='ocrx_word' id='word_1_24' title='bbox 780 486 848 526; x_wconf 90' lang='lat' dir='ltr'>est</span> <span class='ocrx_word' id='word_1_25' title='bbox 876 481 1115 532; x_wconf 84' lang='lat' dir='ltr'>confectus,</span> <span class='ocrx_word' id='word_1_26' title='bbox 1145 485 1191 525; x_wconf 91' lang='lat' dir='ltr'>et</span> <span class='ocrx_word' id='word_1_27' title='bbox 1221 482 1391 524; x_wconf 83' lang='lat' dir='ltr'>frustra</span> <span class='ocrx_word' id='word_1_28' title='bbox 1425 481 1639 538; x_wconf 82' lang='lat' dir='ltr'>sparseris</span> 
     </span>
     <span class='ocr_line' id='line_1_5' title="bbox 167 551 1640 609; baseline -0.003 -12"><span class='ocrx_word' id='word_1_29' title='bbox 167 552 335 597; x_wconf 82' lang='lat' dir='ltr'>semina</span> <span class='ocrx_word' id='word_1_30' title='bbox 363 552 450 595; x_wconf 90' lang='lat' dir='ltr'>nisi</span> <span class='ocrx_word' id='word_1_31' title='bbox 480 567 532 595; x_wconf 89' lang='lat' dir='ltr'>ea</span> <span class='ocrx_word' id='word_1_32' title='bbox 560 552 866 609; x_wconf 89' lang='lat' dir='ltr'>praemollitus</span> <span class='ocrx_word' id='word_1_33' title='bbox 894 551 1061 595; x_wconf 84' lang='lat' dir='ltr'>fouerit</span> <span class='ocrx_word' id='word_1_34' title='bbox 1096 551 1253 602; x_wconf 90' lang='lat' dir='ltr'>sulcus,</span> <span class='ocrx_word' id='word_1_35' title='bbox 1286 553 1352 594; x_wconf 90' lang='lat' dir='ltr'>ita</span> <span class='ocrx_word' id='word_1_36' title='bbox 1387 551 1640 608; x_wconf 87' lang='lat' dir='ltr'>eloquentia</span> 
     </span>
     <span class='ocr_line' id='line_1_6' title="bbox 130 621 1640 679; baseline -0.002 -13"><span class='ocrx_word' id='word_1_37' title='bbox 130 642 150 677; x_wconf 74' lang='lat'><strong>5</strong></span> <span class='ocrx_word' id='word_1_38' title='bbox 168 622 405 666; x_wconf 80' lang='lat' dir='ltr'>coalescere</span> <span class='ocrx_word' id='word_1_39' title='bbox 429 621 586 679; x_wconf 91' lang='lat' dir='ltr'>nequit</span> <span class='ocrx_word' id='word_1_40' title='bbox 609 621 695 664; x_wconf 92' lang='lat' dir='ltr'>nisi</span> <span class='ocrx_word' id='word_1_41' title='bbox 722 622 888 665; x_wconf 89' lang='lat' dir='ltr'>sociata</span> <span class='ocrx_word' id='word_1_42' title='bbox 914 621 1134 664; x_wconf 86' lang='lat' dir='ltr'>tradentis</span> <span class='ocrx_word' id='word_1_43' title='bbox 1163 621 1506 678; x_wconf 73' lang='lat' dir='ltr'>accipientisque</span> <span class='ocrx_word' id='word_1_44' title='bbox 1535 635 1640 664; x_wconf 88' lang='lat' dir='ltr'>con-</span> 
     </span>
     <span class='ocr_line' id='line_1_7' title="bbox 167 690 1640 750; baseline -0.003 -14"><span class='ocrx_word' id='word_1_45' title='bbox 167 693 326 737; x_wconf 86' lang='lat' dir='ltr'>cordia.</span> <span class='ocrx_word' id='word_1_46' title='bbox 366 692 488 736; x_wconf 90' lang='lat' dir='ltr'>Haec</span> <span class='ocrx_word' id='word_1_47' title='bbox 509 692 687 750; x_wconf 90' lang='lat' dir='ltr'>quidem</span> <span class='ocrx_word' id='word_1_48' title='bbox 704 692 1009 746; x_wconf 72' lang='lat' dir='ltr'>Quintilianus</span> <span class='ocrx_word' id='word_1_49' title='bbox 1025 691 1072 733; x_wconf 93' lang='lat' dir='ltr'>in</span> <span class='ocrx_word' id='word_1_50' title='bbox 1088 691 1336 748; x_wconf 77' lang='lat' dir='ltr'>praeceptis</span> <span class='ocrx_word' id='word_1_51' title='bbox 1351 690 1640 746; x_wconf 80' lang='lat' dir='ltr'>eloquentiae,</span> 
     </span>
     <span class='ocr_line' id='line_1_8' title="bbox 167 759 1639 818; baseline -0.003 -13"><span class='ocrx_word' id='word_1_52' title='bbox 167 762 243 806; x_wconf 81' lang='lat' dir='ltr'>sed</span> <span class='ocrx_word' id='word_1_53' title='bbox 274 762 586 805; x_wconf 86' lang='lat' dir='ltr'>nichilominus</span> <span class='ocrx_word' id='word_1_54' title='bbox 617 765 723 805; x_wconf 90' lang='lat' dir='ltr'>sunt</span> <span class='ocrx_word' id='word_1_55' title='bbox 759 762 817 804; x_wconf 88' lang='lat' dir='ltr'>ad</span> <span class='ocrx_word' id='word_1_56' title='bbox 849 761 1179 804; x_wconf 86' lang='lat' dir='ltr'>institutionem</span> <span class='ocrx_word' id='word_1_57' title='bbox 1214 760 1458 818; x_wconf 83' lang='lat' dir='ltr'>sapientiae</span> <span class='ocrx_word' id='word_1_58' title='bbox 1498 759 1639 816; x_wconf 88' lang='lat' dir='ltr'>appli-</span> 
     </span>
     <span class='ocr_line' id='line_1_9' title="bbox 166 826 1639 888; baseline -0.004 -12"><span class='ocrx_word' id='word_1_59' title='bbox 166 831 317 876; x_wconf 83' lang='lat' dir='ltr'>canda.</span> <span class='ocrx_word' id='word_1_60' title='bbox 378 830 581 874; x_wconf 85' lang='lat' dir='ltr'>Profecto</span> <span class='ocrx_word' id='word_1_61' title='bbox 610 846 690 876; x_wconf 88' lang='lat' dir='ltr'>nec</span> <span class='ocrx_word' id='word_1_62' title='bbox 720 826 973 888; x_wconf 84' lang='lat' dir='ltr'>eloquentia</span> <span class='ocrx_word' id='word_1_63' title='bbox 1002 830 1089 873; x_wconf 89' lang='lat' dir='ltr'>nisi</span> <span class='ocrx_word' id='word_1_64' title='bbox 1119 830 1365 887; x_wconf 84' lang='lat' dir='ltr'>praeceptis</span> <span class='ocrx_word' id='word_1_65' title='bbox 1395 829 1639 886; x_wconf 85' lang='lat' dir='ltr'>sapientiae</span> 
     </span>
     <span class='ocr_line' id='line_1_10' title="bbox 167 899 1640 958; baseline -0.003 -14"><span class='ocrx_word' id='word_1_66' title='bbox 167 903 460 958; x_wconf 89' lang='lat' dir='ltr'>comparatur,</span> <span class='ocrx_word' id='word_1_67' title='bbox 480 902 525 944; x_wconf 91' lang='lat' dir='ltr'>et</span> <span class='ocrx_word' id='word_1_68' title='bbox 545 900 593 943; x_wconf 90' lang='lat' dir='ltr'>in</span> <span class='ocrx_word' id='word_1_69' title='bbox 614 900 761 944; x_wconf 83' lang='lat' dir='ltr'>forum</span> <span class='ocrx_word' id='word_1_70' title='bbox 782 900 960 944; x_wconf 89' lang='lat' dir='ltr'>illorum</span> <span class='ocrx_word' id='word_1_71' title='bbox 993 900 1069 957; x_wconf 92' lang='lat' dir='ltr'>qui</span> <span class='ocrx_word' id='word_1_72' title='bbox 1091 914 1221 942; x_wconf 90' lang='lat' dir='ltr'>aures</span> <span class='ocrx_word' id='word_1_73' title='bbox 1242 899 1450 942; x_wconf 89' lang='lat' dir='ltr'>audiendi</span> <span class='ocrx_word' id='word_1_74' title='bbox 1473 899 1640 941; x_wconf 88' lang='lat' dir='ltr'>habent</span> 
     </span>
     <span class='ocr_line' id='line_1_11' title="bbox 109 968 1642 1026; baseline -0.001 -13"><span class='ocrx_word' id='word_1_75' title='bbox 109 987 152 1013; x_wconf 83' lang='grc' dir='ltr'>1ο</span> <span class='ocrx_word' id='word_1_76' title='bbox 169 984 257 1014; x_wconf 82' lang='grc'><strong>11011</strong></span> <span class='ocrx_word' id='word_1_77' title='bbox 288 970 418 1014; x_wconf 89' lang='lat' dir='ltr'>modo</span> <span class='ocrx_word' id='word_1_78' title='bbox 450 970 711 1014; x_wconf 82' lang='lat' dir='ltr'>ridiculosus</span> <span class='ocrx_word' id='word_1_79' title='bbox 744 970 820 1012; x_wconf 90' lang='lat' dir='ltr'>sed</span> <span class='ocrx_word' id='word_1_80' title='bbox 853 969 1177 1026; x_wconf 90' lang='lat' dir='ltr'>quodammodo</span> <span class='ocrx_word' id='word_1_81' title='bbox 1208 983 1400 1012; x_wconf 89' lang='lat' dir='ltr'>uesanus</span> <span class='ocrx_word' id='word_1_82' title='bbox 1430 968 1642 1025; x_wconf 84' lang='lat' dir='ltr'>irrumpit</span> 
     </span>
     <span class='ocr_line' id='line_1_12' title="bbox 168 1038 1641 1097; baseline -0.001 -15"><span class='ocrx_word' id='word_1_83' title='bbox 168 1053 486 1097; x_wconf 89' lang='lat' dir='ltr'>quemcumque</span> <span class='ocrx_word' id='word_1_84' title='bbox 524 1039 805 1097; x_wconf 85' lang='lat' dir='ltr'>philosophia</span> <span class='ocrx_word' id='word_1_85' title='bbox 847 1042 901 1082; x_wconf 93' lang='lat' dir='ltr'>ut</span> <span class='ocrx_word' id='word_1_86' title='bbox 947 1039 1204 1096; x_wconf 91' lang='lat' dir='ltr'>loqueretur</span> <span class='ocrx_word' id='word_1_87' title='bbox 1246 1038 1506 1096; x_wconf 88' lang='lat' dir='ltr'>diligentius</span> <span class='ocrx_word' id='word_1_88' title='bbox 1551 1052 1641 1081; x_wconf 91' lang='lat' dir='ltr'>non</span> 
     </span>
    </p>
   </div>
   <div class='ocr_carea' id='block_1_3' title="bbox 1652 220 1788 271">
    <p class='ocr_par' dir='ltr' id='par_1_3' title="bbox 1652 220 1788 271">
     <span class='ocr_line' id='line_1_13' title="bbox 1652 220 1788 271; baseline -0.007 -10"><span class='ocrx_word' id='word_1_89' title='bbox 1652 221 1739 271; x_wconf 86' lang='lat'>670</span> <span class='ocrx_word' id='word_1_90' title='bbox 1757 220 1788 260; x_wconf 85' lang='lat' dir='ltr'>d</span> 
     </span>
    </p>
   </div>
   <div class='ocr_carea' id='block_1_4' title="bbox 167 1106 1784 1166">
    <p class='ocr_par' dir='ltr' id='par_1_4' title="bbox 167 1106 1784 1166">
     <span class='ocr_line' id='line_1_14' title="bbox 167 1106 1784 1166; baseline -0.002 -14"><span class='ocrx_word' id='word_1_91' title='bbox 167 1108 393 1152; x_wconf 83' lang='lat' dir='ltr'>instruxit.</span> <span class='ocrx_word' id='word_1_92' title='bbox 453 1108 632 1166; x_wconf 88' lang='lat' dir='ltr'>Septem</span> <span class='ocrx_word' id='word_1_93' title='bbox 679 1109 790 1152; x_wconf 83' lang='lat' dir='ltr'>alias</span> <span class='ocrx_word' id='word_1_94' title='bbox 833 1109 993 1160; x_wconf 90' lang='lat' dir='ltr'>claues,</span> <span class='ocrx_word' id='word_1_95' title='bbox 1038 1123 1149 1166; x_wconf 88' lang='lat' dir='ltr'>quas</span> <span class='ocrx_word' id='word_1_96' title='bbox 1195 1108 1251 1151; x_wconf 82' lang='lat' dir='ltr'>ad</span> <span class='ocrx_word' id='word_1_97' title='bbox 1296 1108 1639 1165; x_wconf 87' lang='lat' dir='ltr'>intelligentiam</span> <span class='ocrx_word' id='word_1_98' title='bbox 1660 1106 1734 1156; x_wconf 86' lang='lat'>671</span> <span class='ocrx_word' id='word_1_99' title='bbox 1754 1116 1784 1144; x_wconf 80' lang='lat' dir='ltr'>a</span> 
     </span>
    </p>
   </div>
   <div class='ocr_carea' id='block_1_5' title="bbox 111 1177 1644 1932">
    <p class='ocr_par' dir='ltr' id='par_1_5' title="bbox 111 1177 1644 1932">
     <span class='ocr_line' id='line_1_15' title="bbox 169 1177 1641 1236; baseline -0.001 -15"><span class='ocrx_word' id='word_1_100' title='bbox 169 1177 499 1235; x_wconf 88' lang='lat' dir='ltr'>Scripturarum</span> <span class='ocrx_word' id='word_1_101' title='bbox 526 1179 733 1222; x_wconf 87' lang='lat' dir='ltr'>Ticonius</span> <span class='ocrx_word' id='word_1_102' title='bbox 762 1179 923 1236; x_wconf 87' lang='lat' dir='ltr'>posuit,</span> <span class='ocrx_word' id='word_1_103' title='bbox 943 1178 991 1221; x_wconf 93' lang='lat' dir='ltr'>in</span> <span class='ocrx_word' id='word_1_104' title='bbox 1021 1178 1163 1222; x_wconf 88' lang='lat' dir='ltr'>lucem</span> <span class='ocrx_word' id='word_1_105' title='bbox 1194 1178 1392 1236; x_wconf 86' lang='lat' dir='ltr'>proferet</span> <span class='ocrx_word' id='word_1_106' title='bbox 1421 1178 1534 1220; x_wconf 86' lang='lat' dir='ltr'>liber</span> <span class='ocrx_word' id='word_1_107' title='bbox 1564 1177 1641 1234; x_wconf 92' lang='lat' dir='ltr'>qui</span> 
     </span>
     <span class='ocr_line' id='line_1_16' title="bbox 169 1247 1642 1305; baseline 0 -15"><span class='ocrx_word' id='word_1_108' title='bbox 169 1247 223 1292; x_wconf 88' lang='lat' dir='ltr'>de</span> <span class='ocrx_word' id='word_1_109' title='bbox 252 1248 466 1292; x_wconf 86' lang='lat' dir='ltr'>Doctrina</span> <span class='ocrx_word' id='word_1_110' title='bbox 500 1248 759 1292; x_wconf 83' lang='lat' dir='ltr'>Christiana</span> <span class='ocrx_word' id='word_1_111' title='bbox 792 1249 1074 1300; x_wconf 89' lang='lat' dir='ltr'>inscribitur;</span> <span class='ocrx_word' id='word_1_112' title='bbox 1114 1248 1190 1291; x_wconf 89' lang='lat' dir='ltr'>sed</span> <span class='ocrx_word' id='word_1_113' title='bbox 1230 1262 1511 1305; x_wconf 90' lang='lat' dir='ltr'>nequaquam</span> <span class='ocrx_word' id='word_1_114' title='bbox 1542 1247 1642 1290; x_wconf 86' lang='lat' dir='ltr'>istis</span> 
     </span>
     <span class='ocr_line' id='line_1_17' title="bbox 111 1317 1642 1376; baseline 0.001 -19"><span class='ocrx_word' id='word_1_115' title='bbox 111 1329 150 1364; x_wconf 85' lang='lat'>15</span> <span class='ocrx_word' id='word_1_116' title='bbox 169 1317 364 1368; x_wconf 88' lang='lat' dir='ltr'>obuiant,</span> <span class='ocrx_word' id='word_1_117' title='bbox 383 1333 534 1361; x_wconf 91' lang='lat' dir='ltr'>omnes</span> <span class='ocrx_word' id='word_1_118' title='bbox 554 1319 703 1376; x_wconf 91' lang='lat' dir='ltr'>potius</span> <span class='ocrx_word' id='word_1_119' title='bbox 728 1322 965 1362; x_wconf 90' lang='lat' dir='ltr'>uersantur</span> <span class='ocrx_word' id='word_1_120' title='bbox 990 1318 1037 1361; x_wconf 91' lang='lat' dir='ltr'>in</span> <span class='ocrx_word' id='word_1_121' title='bbox 1062 1333 1152 1361; x_wconf 88' lang='lat' dir='ltr'>una</span> <span class='ocrx_word' id='word_1_122' title='bbox 1179 1318 1394 1369; x_wconf 88' lang='lat' dir='ltr'>istarum;</span> <span class='ocrx_word' id='word_1_123' title='bbox 1424 1331 1497 1360; x_wconf 82' lang='lat' dir='ltr'>eas</span> <span class='ocrx_word' id='word_1_124' title='bbox 1522 1331 1642 1359; x_wconf 90' lang='lat' dir='ltr'>nam-</span> 
     </span>
     <span class='ocr_line' id='line_1_18' title="bbox 169 1386 1642 1446; baseline -0.001 -16"><span class='ocrx_word' id='word_1_125' title='bbox 169 1400 254 1444; x_wconf 90' lang='lat' dir='ltr'>que</span> <span class='ocrx_word' id='word_1_126' title='bbox 273 1387 470 1430; x_wconf 91' lang='lat' dir='ltr'>studium</span> <span class='ocrx_word' id='word_1_127' title='bbox 491 1388 729 1445; x_wconf 87' lang='lat' dir='ltr'>quaerendi</span> <span class='ocrx_word' id='word_1_128' title='bbox 745 1388 1062 1446; x_wconf 90' lang='lat' dir='ltr'>complectitur.</span> <span class='ocrx_word' id='word_1_129' title='bbox 1103 1386 1313 1431; x_wconf 88' lang='lat' dir='ltr'>Ceterum</span> <span class='ocrx_word' id='word_1_130' title='bbox 1329 1387 1384 1430; x_wconf 92' lang='lat' dir='ltr'>de</span> <span class='ocrx_word' id='word_1_131' title='bbox 1400 1386 1642 1430; x_wconf 86' lang='lat' dir='ltr'>traditione</span> 
     </span>
     <span class='ocr_line' id='line_1_19' title="bbox 169 1456 1643 1514; baseline -0.002 -14"><span class='ocrx_word' id='word_1_132' title='bbox 169 1456 402 1514; x_wconf 87' lang='lat' dir='ltr'>gentilium</span> <span class='ocrx_word' id='word_1_133' title='bbox 423 1471 566 1500; x_wconf 92' lang='lat' dir='ltr'>sermo</span> <span class='ocrx_word' id='word_1_134' title='bbox 591 1456 740 1500; x_wconf 85' lang='lat' dir='ltr'>fuerat</span> <span class='ocrx_word' id='word_1_135' title='bbox 766 1458 1014 1507; x_wconf 89' lang='lat' dir='ltr'>institutus,</span> <span class='ocrx_word' id='word_1_136' title='bbox 1035 1457 1101 1499; x_wconf 91' lang='lat' dir='ltr'>ita</span> <span class='ocrx_word' id='word_1_137' title='bbox 1125 1461 1275 1500; x_wconf 90' lang='lat' dir='ltr'>tamen</span> <span class='ocrx_word' id='word_1_138' title='bbox 1295 1460 1348 1499; x_wconf 91' lang='lat' dir='ltr'>ut</span> <span class='ocrx_word' id='word_1_139' title='bbox 1378 1456 1434 1498; x_wconf 86' lang='lat' dir='ltr'>ad</span> <span class='ocrx_word' id='word_1_140' title='bbox 1463 1456 1643 1498; x_wconf 89' lang='lat' dir='ltr'>institu-</span> 
     </span>
     <span class='ocr_line' id='line_1_20' title="bbox 170 1526 1643 1585; baseline -0.001 -15"><span class='ocrx_word' id='word_1_141' title='bbox 170 1526 334 1570; x_wconf 89' lang='lat' dir='ltr'>tionem</span> <span class='ocrx_word' id='word_1_142' title='bbox 354 1526 552 1570; x_wconf 89' lang='lat' dir='ltr'>fidelium</span> <span class='ocrx_word' id='word_1_143' title='bbox 573 1542 629 1570; x_wconf 85' lang='lat' dir='ltr'>ex</span> <span class='ocrx_word' id='word_1_144' title='bbox 654 1527 880 1585; x_wconf 89' lang='lat' dir='ltr'>proposito</span> <span class='ocrx_word' id='word_1_145' title='bbox 907 1527 1140 1570; x_wconf 84' lang='lat' dir='ltr'>referatur.</span> <span class='ocrx_word' id='word_1_146' title='bbox 1201 1527 1301 1568; x_wconf 91' lang='lat' dir='ltr'>Vna</span> <span class='ocrx_word' id='word_1_147' title='bbox 1328 1530 1478 1569; x_wconf 88' lang='lat' dir='ltr'>tamen</span> <span class='ocrx_word' id='word_1_148' title='bbox 1503 1528 1572 1568; x_wconf 90' lang='lat' dir='ltr'>est</span> <span class='ocrx_word' id='word_1_149' title='bbox 1597 1529 1643 1568; x_wconf 89' lang='lat' dir='ltr'>et</span> 
     </span>
     <span class='ocr_line' id='line_1_21' title="bbox 171 1595 1644 1654; baseline -0.001 -16"><span class='ocrx_word' id='word_1_150' title='bbox 171 1595 408 1653; x_wconf 85' lang='lat' dir='ltr'>singularis</span> <span class='ocrx_word' id='word_1_151' title='bbox 429 1599 474 1640; x_wconf 92' lang='lat' dir='ltr'>et</span> <span class='ocrx_word' id='word_1_152' title='bbox 494 1597 620 1654; x_wconf 86' lang='lat' dir='ltr'>quasi</span> <span class='ocrx_word' id='word_1_153' title='bbox 640 1597 834 1640; x_wconf 88' lang='lat' dir='ltr'>clauium</span> <span class='ocrx_word' id='word_1_154' title='bbox 854 1597 993 1640; x_wconf 88' lang='lat' dir='ltr'>clauis</span> <span class='ocrx_word' id='word_1_155' title='bbox 1017 1597 1156 1640; x_wconf 90' lang='lat' dir='ltr'>clauis</span> <span class='ocrx_word' id='word_1_156' title='bbox 1184 1596 1261 1639; x_wconf 89' lang='lat' dir='ltr'>illa</span> <span class='ocrx_word' id='word_1_157' title='bbox 1289 1611 1401 1653; x_wconf 88' lang='lat' dir='ltr'>quae</span> <span class='ocrx_word' id='word_1_158' title='bbox 1429 1596 1574 1652; x_wconf 87' lang='lat' dir='ltr'>aperit</span> <span class='ocrx_word' id='word_1_159' title='bbox 1598 1598 1644 1638; x_wconf 89' lang='lat' dir='ltr'>et</span> 
     </span>
     <span class='ocr_line' id='line_1_22' title="bbox 112 1664 1643 1724; baseline -0.001 -16"><span class='ocrx_word' id='word_1_160' title='bbox 112 1676 156 1703; x_wconf 64' lang='grc' dir='ltr'><strong>ὀ</strong></span> <span class='ocrx_word' id='word_1_161' title='bbox 171 1679 300 1708; x_wconf 90' lang='lat' dir='ltr'>nemo</span> <span class='ocrx_word' id='word_1_162' title='bbox 319 1665 498 1717; x_wconf 89' lang='lat' dir='ltr'>claudit,</span> <span class='ocrx_word' id='word_1_163' title='bbox 518 1666 686 1710; x_wconf 89' lang='lat' dir='ltr'>claudit</span> <span class='ocrx_word' id='word_1_164' title='bbox 706 1670 751 1710; x_wconf 89' lang='lat' dir='ltr'>et</span> <span class='ocrx_word' id='word_1_165' title='bbox 770 1682 900 1710; x_wconf 91' lang='lat' dir='ltr'>nemo</span> <span class='ocrx_word' id='word_1_166' title='bbox 920 1666 1076 1724; x_wconf 90' lang='lat' dir='ltr'>aperit,</span> <span class='ocrx_word' id='word_1_167' title='bbox 1097 1669 1143 1709; x_wconf 90' lang='lat' dir='ltr'>et</span> <span class='ocrx_word' id='word_1_168' title='bbox 1165 1666 1260 1709; x_wconf 88' lang='lat' dir='ltr'>sine</span> <span class='ocrx_word' id='word_1_169' title='bbox 1288 1680 1376 1722; x_wconf 87' lang='lat' dir='ltr'>qua</span> <span class='ocrx_word' id='word_1_170' title='bbox 1397 1665 1453 1708; x_wconf 90' lang='lat' dir='ltr'>ad</span> <span class='ocrx_word' id='word_1_171' title='bbox 1479 1664 1643 1707; x_wconf 89' lang='lat' dir='ltr'>intelli-</span> 
     </span>
     <span class='ocr_line' id='line_1_23' title="bbox 171 1734 1643 1794; baseline -0.001 -16"><span class='ocrx_word' id='word_1_172' title='bbox 171 1734 368 1792; x_wconf 89' lang='lat' dir='ltr'>gentiam</span> <span class='ocrx_word' id='word_1_173' title='bbox 404 1735 501 1778; x_wconf 85' lang='lat' dir='ltr'>ueri</span> <span class='ocrx_word' id='word_1_174' title='bbox 543 1736 693 1779; x_wconf 90' lang='lat' dir='ltr'>nullus</span> <span class='ocrx_word' id='word_1_175' title='bbox 728 1737 908 1789; x_wconf 87' lang='lat' dir='ltr'>accedit,</span> <span class='ocrx_word' id='word_1_176' title='bbox 944 1751 1077 1794; x_wconf 89' lang='lat' dir='ltr'>quam</span> <span class='ocrx_word' id='word_1_177' title='bbox 1121 1736 1322 1792; x_wconf 89' lang='lat' dir='ltr'>quisquis</span> <span class='ocrx_word' id='word_1_178' title='bbox 1359 1750 1449 1778; x_wconf 89' lang='lat' dir='ltr'>non</span> <span class='ocrx_word' id='word_1_179' title='bbox 1484 1748 1643 1792; x_wconf 87' lang='lat' dir='ltr'>appre-</span> 
     </span>
     <span class='ocr_line' id='line_1_24' title="bbox 171 1803 1641 1863; baseline -0.001 -17"><span class='ocrx_word' id='word_1_180' title='bbox 171 1803 327 1847; x_wconf 89' lang='lat' dir='ltr'>hendit</span> <span class='ocrx_word' id='word_1_181' title='bbox 365 1808 445 1848; x_wconf 89' lang='lat' dir='ltr'>aut</span> <span class='ocrx_word' id='word_1_182' title='bbox 483 1819 572 1848; x_wconf 90' lang='lat' dir='ltr'>non</span> <span class='ocrx_word' id='word_1_183' title='bbox 612 1810 747 1857; x_wconf 89' lang='lat' dir='ltr'>tenet,</span> <span class='ocrx_word' id='word_1_184' title='bbox 782 1806 930 1863; x_wconf 91' lang='lat' dir='ltr'>potius</span> <span class='ocrx_word' id='word_1_185' title='bbox 970 1805 1165 1849; x_wconf 88' lang='lat' dir='ltr'>insanire</span> <span class='ocrx_word' id='word_1_186' title='bbox 1205 1805 1467 1849; x_wconf 88' lang='lat' dir='ltr'>crediderim</span> <span class='ocrx_word' id='word_1_187' title='bbox 1508 1818 1641 1861; x_wconf 87' lang='lat' dir='ltr'>quam</span> 
     </span>
     <span class='ocr_line' id='line_1_25' title="bbox 170 1873 483 1932; baseline 0.01 -16"><span class='ocrx_word' id='word_1_188' title='bbox 170 1873 483 1932; x_wconf 87' lang='lat' dir='ltr'>philosophari.</span> 
     </span>
    </p>
   </div>
   <div class='ocr_carea' id='block_1_6' title="bbox 173 2031 1640 2161">
    <p class='ocr_par' dir='ltr' id='par_1_6' title="bbox 173 2031 1640 2161">
     <span class='ocr_line' id='line_1_26' title="bbox 173 2031 1640 2092; baseline -0.001 -15"><span class='ocrx_word' id='word_1_189' title='bbox 173 2031 278 2091; x_wconf 85' lang='lat' dir='ltr'>Cap.</span> <span class='ocrx_word' id='word_1_190' title='bbox 303 2042 365 2090; x_wconf 85' lang='lat'>15.</span> <span class='ocrx_word' id='word_1_191' title='bbox 394 2033 459 2078; x_wconf 76' lang='lat' dir='ltr'>In</span> <span class='ocrx_word' id='word_1_192' title='bbox 485 2049 572 2092; x_wconf 78' lang='lat' dir='ltr'>quo</span> <span class='ocrx_word' id='word_1_193' title='bbox 592 2034 828 2091; x_wconf 74' lang='lat' dir='ltr'>Epicurus</span> <span class='ocrx_word' id='word_1_194' title='bbox 854 2037 891 2078; x_wconf 78' lang='lat' dir='ltr'>et</span> <span class='ocrx_word' id='word_1_195' title='bbox 919 2034 996 2078; x_wconf 78' lang='lat' dir='ltr'>sui</span> <span class='ocrx_word' id='word_1_196' title='bbox 1019 2048 1255 2078; x_wconf 79' lang='lat' dir='ltr'>summum</span> <span class='ocrx_word' id='word_1_197' title='bbox 1283 2032 1451 2077; x_wconf 78' lang='lat' dir='ltr'>bonum</span> <span class='ocrx_word' id='word_1_198' title='bbox 1478 2032 1640 2076; x_wconf 81' lang='lat' dir='ltr'>consti-</span> 
     </span>
     <span class='ocr_line' id='line_1_27' title="bbox 241 2103 1567 2161; baseline 0 -16"><span class='ocrx_word' id='word_1_199' title='bbox 241 2105 404 2154; x_wconf 77' lang='lat' dir='ltr'>tuant;</span> <span class='ocrx_word' id='word_1_200' title='bbox 435 2108 473 2148; x_wconf 84' lang='lat' dir='ltr'>et</span> <span class='ocrx_word' id='word_1_201' title='bbox 492 2105 611 2161; x_wconf 80' lang='lat' dir='ltr'>quod</span> <span class='ocrx_word' id='word_1_202' title='bbox 624 2119 710 2161; x_wconf 78' lang='lat' dir='ltr'>per</span> <span class='ocrx_word' id='word_1_203' title='bbox 729 2104 896 2148; x_wconf 80' lang='lat' dir='ltr'>labores</span> <span class='ocrx_word' id='word_1_204' title='bbox 916 2104 1080 2148; x_wconf 80' lang='lat' dir='ltr'>multos</span> <span class='ocrx_word' id='word_1_205' title='bbox 1099 2105 1202 2147; x_wconf 75' lang='lat' dir='ltr'>itur</span> <span class='ocrx_word' id='word_1_206' title='bbox 1221 2104 1283 2147; x_wconf 79' lang='lat' dir='ltr'>ad</span> <span class='ocrx_word' id='word_1_207' title='bbox 1305 2103 1567 2159; x_wconf 77' lang='lat' dir='ltr'>uoluptates.</span> 
     </span>
    </p>
   </div>
   <div class='ocr_carea' id='block_1_7' title="bbox 173 2205 1643 2472">
    <p class='ocr_par' dir='ltr' id='par_1_7' title="bbox 173 2205 1643 2472">
     <span class='ocr_line' id='line_1_28' title="bbox 230 2205 1642 2264; baseline 0 -16"><span class='ocrx_word' id='word_1_208' title='bbox 230 2205 375 2249; x_wconf 85' lang='lat' dir='ltr'>Multa</span> <span class='ocrx_word' id='word_1_209' title='bbox 403 2207 580 2264; x_wconf 85' lang='lat' dir='ltr'>quidem</span> <span class='ocrx_word' id='word_1_210' title='bbox 611 2211 716 2251; x_wconf 90' lang='lat' dir='ltr'>sunt</span> <span class='ocrx_word' id='word_1_211' title='bbox 746 2210 791 2250; x_wconf 89' lang='lat' dir='ltr'>et</span> <span class='ocrx_word' id='word_1_212' title='bbox 820 2207 1017 2251; x_wconf 90' lang='lat' dir='ltr'>difficilia</span> <span class='ocrx_word' id='word_1_213' title='bbox 1044 2207 1205 2264; x_wconf 89' lang='lat' dir='ltr'>quibus</span> <span class='ocrx_word' id='word_1_214' title='bbox 1231 2206 1642 2264; x_wconf 88' lang='lat' dir='ltr'>philosophantium</span> 
     </span>
     <span class='ocr_line' id='line_1_29' title="bbox 173 2275 1643 2334; baseline 0.001 -17"><span class='ocrx_word' id='word_1_215' title='bbox 173 2275 387 2332; x_wconf 87' lang='lat' dir='ltr'>probatur</span> <span class='ocrx_word' id='word_1_216' title='bbox 419 2277 576 2327; x_wconf 87' lang='lat' dir='ltr'>uirtus,</span> <span class='ocrx_word' id='word_1_217' title='bbox 604 2277 709 2334; x_wconf 88' lang='lat' dir='ltr'>quia</span> <span class='ocrx_word' id='word_1_218' title='bbox 742 2277 799 2319; x_wconf 90' lang='lat' dir='ltr'>ad</span> <span class='ocrx_word' id='word_1_219' title='bbox 839 2292 1061 2320; x_wconf 90' lang='lat' dir='ltr'>summum</span> <span class='ocrx_word' id='word_1_220' title='bbox 1096 2292 1186 2319; x_wconf 90' lang='lat' dir='ltr'>non</span> <span class='ocrx_word' id='word_1_221' title='bbox 1220 2279 1286 2319; x_wconf 90' lang='lat' dir='ltr'>est</span> <span class='ocrx_word' id='word_1_222' title='bbox 1326 2277 1413 2318; x_wconf 89' lang='lat' dir='ltr'>iter</span> <span class='ocrx_word' id='word_1_223' title='bbox 1444 2276 1529 2317; x_wconf 85' lang='lat' dir='ltr'>nisi</span> <span class='ocrx_word' id='word_1_224' title='bbox 1563 2290 1643 2332; x_wconf 91' lang='lat' dir='ltr'>per</span> 
     </span>
     <span class='ocr_line' id='line_1_30' title="bbox 173 2343 1642 2403; baseline 0.001 -17"><span class='ocrx_word' id='word_1_225' title='bbox 173 2343 323 2387; x_wconf 86' lang='lat' dir='ltr'>ardua.</span> <span class='ocrx_word' id='word_1_226' title='bbox 386 2345 442 2387; x_wconf 91' lang='lat' dir='ltr'>In</span> <span class='ocrx_word' id='word_1_227' title='bbox 475 2360 552 2403; x_wconf 89' lang='lat' dir='ltr'>spe</span> <span class='ocrx_word' id='word_1_228' title='bbox 582 2350 732 2390; x_wconf 89' lang='lat' dir='ltr'>tamen</span> <span class='ocrx_word' id='word_1_229' title='bbox 763 2346 1020 2403; x_wconf 90' lang='lat' dir='ltr'>proficiendi</span> <span class='ocrx_word' id='word_1_230' title='bbox 1052 2346 1202 2388; x_wconf 90' lang='lat' dir='ltr'>omnia</span> <span class='ocrx_word' id='word_1_231' title='bbox 1236 2348 1550 2388; x_wconf 87' lang='lat' dir='ltr'>mansuescunt</span> <span class='ocrx_word' id='word_1_232' title='bbox 1585 2349 1642 2395; x_wconf 89' lang='lat' dir='ltr'>et,</span> 
     </span>
     <span class='ocr_line' id='line_1_31' title="bbox 174 2412 1643 2472; baseline 0.003 -18"><span class='ocrx_word' id='word_1_233' title='bbox 174 2412 281 2455; x_wconf 88' lang='lat' dir='ltr'>dum</span> <span class='ocrx_word' id='word_1_234' title='bbox 314 2413 475 2458; x_wconf 80' lang='lat' dir='ltr'>laboris</span> <span class='ocrx_word' id='word_1_235' title='bbox 506 2419 719 2472; x_wconf 88' lang='lat' dir='ltr'>pensatur</span> <span class='ocrx_word' id='word_1_236' title='bbox 749 2417 934 2466; x_wconf 88' lang='lat' dir='ltr'>utilitas,</span> <span class='ocrx_word' id='word_1_237' title='bbox 964 2431 1088 2458; x_wconf 91' lang='lat' dir='ltr'>mens</span> <span class='ocrx_word' id='word_1_238' title='bbox 1122 2416 1179 2458; x_wconf 88' lang='lat' dir='ltr'>ad</span> <span class='ocrx_word' id='word_1_239' title='bbox 1211 2415 1360 2458; x_wconf 88' lang='lat' dir='ltr'>omnia</span> <span class='ocrx_word' id='word_1_240' title='bbox 1394 2414 1643 2459; x_wconf 90' lang='lat' dir='ltr'>roboratur.</span> 
     </span>
    </p>
   </div>
   <div class='ocr_carea' id='block_1_8' title="bbox 177 2520 1643 2618">
    <p class='ocr_par' dir='ltr' id='par_1_8' title="bbox 177 2520 1643 2618">
     <span class='ocr_line' id='line_1_32' title="bbox 178 2520 1643 2570; baseline 0.002 -15"><span class='ocrx_word' id='word_1_241' title='bbox 178 2529 195 2556; x_wconf 87' lang='lat'>1</span> <span class='ocrx_word' id='word_1_242' title='bbox 214 2531 253 2555; x_wconf 77' lang='lat' dir='ltr'>se</span> <span class='ocrx_word' id='word_1_243' title='bbox 270 2520 422 2567; x_wconf 87' lang='lat' dir='ltr'>prebere</span> <span class='ocrx_word' id='word_1_244' title='bbox 434 2521 522 2558; x_wconf 80' lang='lat' dir='ltr'>A¹M</span> <span class='ocrx_word' id='word_1_245' title='bbox 618 2533 638 2559; x_wconf 91' lang='lat'>2</span> <span class='ocrx_word' id='word_1_246' title='bbox 657 2529 740 2569; x_wconf 77' lang='lat' dir='ltr'>post</span> <span class='ocrx_word' id='word_1_247' title='bbox 752 2523 872 2560; x_wconf 86' lang='lat' dir='ltr'>altero</span> <span class='ocrx_word' id='word_1_248' title='bbox 886 2525 971 2560; x_wconf 79' lang='lat' dir='ltr'>add.</span> <span class='ocrx_word' id='word_1_249' title='bbox 986 2535 1061 2560; x_wconf 88' lang='lat' dir='ltr'>non</span> <span class='ocrx_word' id='word_1_250' title='bbox 1075 2522 1184 2558; x_wconf 85' lang='lat' dir='ltr'><strong>CBA¹</strong></span> <span class='ocrx_word' id='word_1_251' title='bbox 1281 2533 1312 2567; x_wconf 91' lang='lat'>7,</span> <span class='ocrx_word' id='word_1_252' title='bbox 1333 2524 1354 2559; x_wconf 90' lang='lat'>8</span> <span class='ocrx_word' id='word_1_253' title='bbox 1380 2522 1585 2570; x_wconf 85' lang='lat' dir='ltr'>aplicanda</span> <span class='ocrx_word' id='word_1_254' title='bbox 1603 2522 1643 2558; x_wconf 87' lang='lat' dir='ltr'>S¹</span> 
     </span>
     <span class='ocr_line' id='line_1_33' title="bbox 177 2567 1642 2618; baseline 0.001 -14"><span class='ocrx_word' id='word_1_255' title='bbox 177 2567 198 2604; x_wconf 93' lang='lat'><em>8</em></span> <span class='ocrx_word' id='word_1_256' title='bbox 221 2572 305 2613; x_wconf 77' lang='lat' dir='ltr'>post</span> <span class='ocrx_word' id='word_1_257' title='bbox 321 2579 389 2604; x_wconf 89' lang='lat' dir='ltr'>nec</span> <span class='ocrx_word' id='word_1_258' title='bbox 407 2571 492 2606; x_wconf 82' lang='lat' dir='ltr'>add.</span> <span class='ocrx_word' id='word_1_259' title='bbox 505 2570 712 2616; x_wconf 84' lang='lat' dir='ltr'>sapientiae</span> <span class='ocrx_word' id='word_1_260' title='bbox 730 2571 769 2607; x_wconf 83' lang='lat' dir='ltr'><strong>M</strong></span> <span class='ocrx_word' id='word_1_261' title='bbox 861 2581 899 2608; x_wconf 90' lang='lat'>11</span> <span class='ocrx_word' id='word_1_262' title='bbox 928 2570 1181 2618; x_wconf 78' lang='lat' dir='ltr'>phylosophia.</span> <span class='ocrx_word' id='word_1_263' title='bbox 1199 2570 1239 2606; x_wconf 84' lang='lat' dir='ltr'>M</span> <span class='ocrx_word' id='word_1_264' title='bbox 1328 2581 1368 2617; x_wconf 88' lang='lat'>13</span> <span class='ocrx_word' id='word_1_265' title='bbox 1395 2571 1583 2618; x_wconf 87' lang='lat' dir='ltr'>proferret</span> <span class='ocrx_word' id='word_1_266' title='bbox 1602 2568 1642 2605; x_wconf 87' lang='grc' dir='ltr'><strong>Μ</strong></span> 
     </span>
    </p>
   </div>
   <div class='ocr_carea' id='block_1_9' title="bbox 176 2614 1644 2886">
    <p class='ocr_par' dir='ltr' id='par_1_9' title="bbox 176 2614 1644 2707">
     <span class='ocr_line' id='line_1_34' title="bbox 177 2614 1644 2698; baseline 0.003 -49"><span class='ocrx_word' id='word_1_267' title='bbox 177 2624 218 2650; x_wconf 87' lang='lat'>21</span> <span class='ocrx_word' id='word_1_268' title='bbox 242 2619 325 2696; x_wconf 54' lang='lat' dir='ltr'>{met</span> <span class='ocrx_word' id='word_1_269' title='bbox 341 2614 508 2698; x_wconf 55' lang='lat' dir='ltr'>quisqiliis</span> <span class='ocrx_word' id='word_1_270' title='bbox 524 2620 607 2653; x_wconf 84' lang='lat' dir='ltr'>add.</span> <span class='ocrx_word' id='word_1_271' title='bbox 626 2621 694 2655; x_wconf 88' lang='lat' dir='ltr'>aut</span> <span class='ocrx_word' id='word_1_272' title='bbox 712 2617 752 2654; x_wconf 76' lang='lat'>8²</span> <span class='ocrx_word' id='word_1_273' title='bbox 900 2629 944 2664; x_wconf 88' lang='lat'>23</span> <span class='ocrx_word' id='word_1_274' title='bbox 970 2618 1241 2666; x_wconf 84' lang='lat' dir='ltr'>phylosophari</span> <span class='ocrx_word' id='word_1_275' title='bbox 1259 2618 1299 2654; x_wconf 88' lang='lat' dir='ltr'>M</span> <span class='ocrx_word' id='word_1_276' title='bbox 1442 2619 1489 2654; x_wconf 90' lang='lat'>26</span> <span class='ocrx_word' id='word_1_277' title='bbox 1513 2618 1644 2665; x_wconf 86' lang='lat' dir='ltr'>phylo·</span> 
     </span>
     <span class='ocr_line' id='line_1_35' title="bbox 176 2663 416 2707; baseline 0.004 -10"><span class='ocrx_word' id='word_1_278' title='bbox 176 2672 241 2707; x_wconf 68' lang='lat' dir='ltr'>cop</span> <span class='ocrx_word' id='word_1_279' title='bbox 271 2663 416 2698; x_wconf 76' lang='lat' dir='ltr'>antium</span> 
     </span>
    </p>

    <p class='ocr_par' dir='ltr' id='par_1_10' title="bbox 178 2745 1644 2886">
     <span class='ocr_line' id='line_1_36' title="bbox 226 2745 1640 2794; baseline 0.005 -19"><span class='ocrx_word' id='word_1_280' title='bbox 226 2751 246 2786; x_wconf 92' lang='lat'>3</span> <span class='ocrx_word' id='word_1_281' title='bbox 271 2746 321 2776; x_wconf 76' lang='lat' dir='ltr'>est</span> <span class='ocrx_word' id='word_1_282' title='bbox 337 2745 532 2788; x_wconf 77' lang='lat' dir='ltr'>consectus:</span> <span class='ocrx_word' id='word_1_283' title='bbox 558 2748 743 2791; x_wconf 79' lang='lat' dir='ltr'>confertur</span> <span class='ocrx_word' id='word_1_284' title='bbox 759 2745 915 2790; x_wconf 87' lang='lat' dir='ltr'>Quintil.</span> <span class='ocrx_word' id='word_1_285' title='bbox 1039 2757 1081 2782; x_wconf 87' lang='lat'>12</span> <span class='ocrx_word' id='word_1_286' title='bbox 1107 2748 1246 2793; x_wconf 78' lang='lat' dir='ltr'>Septem</span> <span class='ocrx_word' id='word_1_287' title='bbox 1264 2748 1359 2783; x_wconf 78' lang='lat' dir='ltr'>alias</span> <span class='ocrx_word' id='word_1_288' title='bbox 1375 2747 1469 2783; x_wconf 89' lang='lat' dir='ltr'>etc.:</span> <span class='ocrx_word' id='word_1_289' title='bbox 1494 2759 1527 2782; x_wconf 87' lang='lat' dir='ltr'>v.</span> <span class='ocrx_word' id='word_1_290' title='bbox 1545 2747 1640 2794; x_wconf 85' lang='lat' dir='ltr'>Aug.</span> 
     </span>
     <span class='ocr_line' id='line_1_37' title="bbox 178 2789 1641 2842; baseline 0.003 -18"><span class='ocrx_word' id='word_1_291' title='bbox 178 2789 221 2824; x_wconf 81' lang='lat' dir='ltr'>de</span> <span class='ocrx_word' id='word_1_292' title='bbox 245 2789 361 2842; x_wconf 66' lang='lat' dir='ltr'>Docfr.</span> <span class='ocrx_word' id='word_1_293' title='bbox 392 2791 522 2827; x_wconf 62' lang='lat' dir='ltr'>(flu-ist.</span> <span class='ocrx_word' id='word_1_294' title='bbox 539 2791 593 2828; x_wconf 88' lang='lat' dir='ltr'>iii.</span> <span class='ocrx_word' id='word_1_295' title='bbox 617 2803 662 2838; x_wconf 90' lang='lat'>30</span> <span class='ocrx_word' id='word_1_296' title='bbox 688 2793 706 2840; x_wconf 68' lang='grc' dir='ltr'><strong>ξ</strong></span> <span class='ocrx_word' id='word_1_297' title='bbox 733 2804 779 2838; x_wconf 85' lang='lat'>42</span> <span class='ocrx_word' id='word_1_298' title='bbox 806 2794 952 2839; x_wconf 84' lang='lat' dir='ltr'>(Migne</span> <span class='ocrx_word' id='word_1_299' title='bbox 971 2795 1014 2829; x_wconf 90' lang='lat' dir='ltr'>P.</span> <span class='ocrx_word' id='word_1_300' title='bbox 1032 2795 1074 2829; x_wconf 90' lang='lat' dir='ltr'>L.</span> <span class='ocrx_word' id='word_1_301' title='bbox 1099 2794 1224 2832; x_wconf 82' lang='lat' dir='ltr'>xxxiv.</span> <span class='ocrx_word' id='word_1_302' title='bbox 1250 2794 1324 2840; x_wconf 90' lang='lat'>81).</span> <span class='ocrx_word' id='word_1_303' title='bbox 1470 2804 1513 2837; x_wconf 86' lang='lat'>14</span> <span class='ocrx_word' id='word_1_304' title='bbox 1539 2796 1641 2829; x_wconf 72' lang='lat' dir='ltr'>istis:</span> 
     </span>
     <span class='ocr_line' id='line_1_38' title="bbox 179 2835 1644 2886; baseline 0.005 -17"><span class='ocrx_word' id='word_1_305' title='bbox 179 2846 272 2880; x_wconf 85' lang='lat' dir='ltr'>quas</span> <span class='ocrx_word' id='word_1_306' title='bbox 294 2835 467 2874; x_wconf 78' lang='lat' dir='ltr'>videlicet</span> <span class='ocrx_word' id='word_1_307' title='bbox 492 2842 687 2876; x_wconf 84' lang='lat' dir='ltr'>enumerat</span> <span class='ocrx_word' id='word_1_308' title='bbox 713 2839 929 2877; x_wconf 81' lang='lat' dir='ltr'>Bernardus</span> <span class='ocrx_word' id='word_1_309' title='bbox 954 2840 1207 2878; x_wconf 79' lang='lat' dir='ltr'>Carnotensis.</span> <span class='ocrx_word' id='word_1_310' title='bbox 1365 2850 1409 2886; x_wconf 91' lang='grc'>19</span> <span class='ocrx_word' id='word_1_311' title='bbox 1435 2842 1551 2877; x_wconf 73' lang='lat' dir='ltr'>clauis</span> <span class='ocrx_word' id='word_1_312' title='bbox 1577 2843 1644 2877; x_wconf 84' lang='lat' dir='ltr'>illa</span> 
     </span>
    </p>
   </div>
   <div class='ocr_carea' id='block_1_10' title="bbox 179 2886 1533 2993">
    <p class='ocr_par' dir='ltr' id='par_1_11' title="bbox 179 2886 1533 2993">
     <span class='ocr_line' id='line_1_39' title="bbox 179 2886 821 2933; baseline 0.012 -17"><span class='ocrx_word' id='word_1_313' title='bbox 179 2893 269 2930; x_wconf 72' lang='lat' dir='ltr'>quae</span> <span class='ocrx_word' id='word_1_314' title='bbox 285 2887 403 2927; x_wconf 80' lang='lat' dir='ltr'>aperit</span> <span class='ocrx_word' id='word_1_315' title='bbox 417 2887 510 2922; x_wconf 85' lang='lat' dir='ltr'>etc.:</span> <span class='ocrx_word' id='word_1_316' title='bbox 534 2897 568 2924; x_wconf 87' lang='lat' dir='ltr'>v.</span> <span class='ocrx_word' id='word_1_317' title='bbox 583 2886 697 2933; x_wconf 84' lang='lat' dir='ltr'>Apoc.</span> <span class='ocrx_word' id='word_1_318' title='bbox 714 2886 770 2924; x_wconf 83' lang='lat' dir='ltr'>iii.</span> <span class='ocrx_word' id='word_1_319' title='bbox 788 2897 821 2933; x_wconf 92' lang='lat'>7.</span> 
     </span>
     <span class='ocr_line' id='line_1_40' title="bbox 228 2953 1533 2993; baseline 0.015 -22"><span class='ocrx_word' id='word_1_320' title='bbox 228 2953 309 2972; x_wconf 72' lang='lat' dir='ltr'>wun</span> <span class='ocrx_word' id='word_1_321' title='bbox 327 2953 348 2972; x_wconf 86' lang='lat' dir='ltr'>n</span> <span class='ocrx_word' id='word_1_322' title='bbox 884 2957 914 2985; x_wconf 84' lang='lat' dir='ltr'>x</span> <span class='ocrx_word' id='word_1_323' title='bbox 1468 2958 1533 2993; x_wconf 79' lang='lat'>¹53</span> 
     </span>
    </p>
   </div>
  </div>
 </body>
</html>
