1988 3250
164 246 263 280 car.
280 231 382 292 xm]
674 230 1113 276 POLICRATICVS

159 367 276 411 pune
291 351 464 395 faciunt
483 354 528 394 et
547 350 672 407 quasi
688 349 893 394 cornibus
912 349 1114 406 geminae
1129 349 1364 406 potestatis
1384 349 1623 401 ecclesiam,

159 423 207 465 in
237 421 362 466 cuius
395 421 497 463 sinu
531 419 762 476 quiescunt
793 421 840 461 et
873 419 1170 474 proteguntur
1202 418 1372 469 umbra,
1405 418 1623 461 uentilare

158 505 247 534 non
266 491 450 533 cessant.
510 487 583 530 Ad
610 486 836 530 eeclesiam
862 500 1054 542 namque
1076 486 1322 529 Romanam
1346 486 1625 543 confugiunt,

159 574 271 617 quae
293 557 473 616 pietatis
496 558 640 599 mater
666 554 869 612 religioni
895 554 1126 597 consueuit
1152 555 1386 611 prouidere
1417 556 1622 611 quietem.

120 647 140 681 5
159 628 405 685 Iniplorant
434 641 562 683 opem
597 625 703 676 eius,
733 624 1019 681 protectionis
1057 624 1301 680 impetrant
1335 623 1537 680 clipeum,
1567 639 1622 667 ne

157 697 415 754 cuiusquam
454 695 625 753 possint
662 694 942 751 malignitate
980 693 1135 736 uexari
1175 696 1231 743 et,
1271 696 1324 736 ut
1361 707 1407 736 se
1451 693 1623 750 possint

157 766 330 825 plenius
361 764 568 808 exhibere
602 767 649 807 et
678 763 879 807 caritatis
913 762 1096 820 implere
1129 777 1305 813 munus,
1338 776 1394 804 ne
1429 762 1622 805 decimas

157 836 266 880 dent
290 834 528 893 apostolico
557 833 791 891 priuilegio
818 833 1094 875 muniuntur.
1155 831 1404 875 Procedunt
1433 832 1621 875 ulterius

157 909 213 956 et,
239 919 327 962 quo
352 904 436 947 sibi
465 903 595 961 plura
621 903 801 960 impune
829 902 1004 954 liceant,
1034 917 1063 944 a
1088 901 1392 944 iurisdictione
1422 901 1620 944 omnium

99 994 140 1020 ιο
157 974 434 1019 eeclesiarum
455 973 619 1030 seipsos
635 973 839 1015 eximunt
855 974 901 1014 et
912 971 1164 1015 efficiuntur
1178 971 1402 1014 Romanae
1417 970 1620 1014 ecclesiae

1640 231 1729 280 693
1748 240 1779 270 a.

155 1044 237 1088 filii
257 1043 490 1101 speciales;
518 1043 584 1086 ita
603 1045 753 1084 tamen
774 1044 827 1084 ut
849 1055 930 1098 pro
950 1039 1049 1084 foro
1068 1040 1132 1083 rei
1154 1040 1319 1096 ubique
1339 1040 1620 1090 conueniant,
1638 1047 1667 1084 b

156 1113 233 1157 sed
251 1116 401 1156 tamen
415 1111 641 1155 conueniri
657 1125 746 1154 non
761 1112 947 1168 possunt
961 1109 1048 1152 nisi
1065 1109 1229 1152 Romae
1251 1109 1323 1152 uel
1340 1109 1620 1152 Ieromlimis.

155 1182 327 1226 Deinde
357 1181 619 1226 secularium
652 1182 926 1237 potestatum
962 1179 1203 1236 implorant
1234 1178 1453 1221 auxilium
1483 1182 1529 1222 et
1559 1179 1622 1221 eis

155 1252 355 1295 diuinam
388 1250 580 1308 gratiam
610 1249 885 1307 pollicentur.
945 1248 1170 1304 Fiuntque
1204 1247 1468 1291 mediatores
1504 1248 1623 1290 inter

98 1337 139 1372 ιε,
157 1321 300 1365 Deum
319 1323 365 1364 et
383 1319 582 1364 homines
602 1322 647 1362 et
667 1333 740 1362 eos
766 1319 843 1375 qui
869 1318 1002 1361 uenia
1028 1317 1231 1374 indigent
1255 1317 1347 1360 suis
1374 1320 1622 1374 aggregant

155 1389 449 1441 societatibus,
477 1387 782 1432 'confessiones
832 1387 1062 1444 excipiunt
1110 1390 1167 1440 et,
1202 1386 1350 1430 claues
1402 1386 1620 1430 Ecclesiae

153 1462 418 1516 usurpantes
452 1460 532 1502 aut
569 1458 866 1515 subripientes
902 1456 1046 1507 Petro,
1074 1456 1214 1514 ligare
1248 1459 1541 1513 praesumunt
1575 1461 1622 1499 et

154 1529 323 1573 soluere
354 1532 399 1572 et
431 1528 621 1571 Domino
654 1527 917 1584 prohibente
949 1525 1107 1569 falcem
1138 1526 1328 1568 mittunt
1358 1525 1405 1567 in
1435 1539 1619 1568 messem

154 1598 356 1642 alienam.
416 1598 689 1642 Potentiores
712 1600 862 1640 tamen
884 1599 930 1640 et
949 1596 1133 1639 ditiores
1153 1596 1307 1638 fauore
1328 1595 1400 1638 uel
1422 1595 1620 1639 mercede

97 1685 140 1714 ιο
156 1670 330 1725 recepta
372 1666 548 1711 facilius
593 1669 838 1710 exonerant
884 1668 939 1716 et,
971 1665 1164 1722 peccatis
1210 1665 1367 1708 alienis
1413 1665 1620 1708 humeros

155 1737 459 1794 subponentes,
479 1736 635 1780 iubent
658 1736 781 1779 abire
807 1736 855 1778 in
882 1735 1057 1778 tunicas
1083 1738 1130 1777 et
1156 1737 1303 1777 uestes
1327 1734 1472 1791 pullas
1499 1734 1619 1791 quic-

154 1805 262 1863 quid
272 1805 338 1848 illi
350 1820 396 1849 se
411 1805 676 1849 commisisse
689 1805 932 1862 deplorant.
972 1803 1261 1861 Amplifieant
1272 1803 1619 1846 misericordiam

155 1874 344 1926 Domini,
370 1874 446 1932 qui
474 1874 695 1918 neminem
724 1874 826 1917 uult
848 1873 1008 1931 perire,
1034 1886 1167 1929 quam
1198 1872 1314 1916 sicut
1342 1877 1543 1930 apertam
1575 1876 1620 1916 et

154 1947 378 2002 patentem
412 1944 713 2001 penitentibus
741 1944 804 1988 sic
833 1942 938 1986 solis
973 1942 1310 1999 desperantibus
1345 1943 1617 1999 praeclusam
1637 1959 1661 1988 e

98 2035 140 2071 ²5
155 2027 248 2057 esse
275 2013 575 2070 pronuntiant.
635 2012 877 2070 Indulgent
910 2011 1092 2054 interim
1123 2011 1222 2060 hiis,
1252 2011 1329 2068 qui
1359 2011 1619 2054 criminibus

155 2081 382 2125 ardentius
409 2084 457 2125 et
484 2081 683 2126 tenacius
722 2081 1028 2130 inuoluuntur‚
1063 2094 1243 2137 peccare
1283 2080 1331 2122 in
1372 2094 1472 2137 spe;
1511 2080 1619 2123 dum

154 2154 303 2194 tamen
333 2150 417 2194 sibi
446 2151 494 2193 in
522 2150 867 2207 redemptionem
898 2164 1049 2192 eorum
1079 2149 1249 2206 aliquid
1279 2152 1545 2206 praerogent
1575 2153 1621 2192 et

155 2219 583 2284 W
694 2246 709 2274 ι
719 2245 735 2283 5
762 2238 948 2282 agregant
964 2235 1053 2272 CBS
1212 2244 1253 2279 17
1280 2235 1528 2282 surripientes
1544 2235 1617 2271 AM

156 2294 199 2320 21
226 2287 478 2330 supponentes
494 2284 533 2320 M
677 2294 719 2331 25
745 2283 804 2319 his
820 2283 895 2319 AM
1143 2293 1149 2299 ·

208 2369 223 2396 1
263 2361 424 2405 yeminae
458 2361 662 2407 potestatis:
703 2359 728 2395 i.
746 2369 780 2396 e.
819 2358 1011 2396 Ecclesiae
1053 2357 1248 2395 Romanae
1289 2359 1329 2395 et
1367 2356 1618 2394 saecularium

156 2408 399 2454 potestatum.
590 2417 611 2452 3
635 2408 695 2442 Aa
712 2408 893 2443 ecclesiam
909 2409 981 2443 ete.
999 2419 1007 2442 :
1034 2405 1090 2442 De
1107 2405 1217 2441 malis
1235 2417 1283 2442 ex
1299 2406 1417 2442 abusu
1433 2405 1620 2451 dispensa-

156 2453 271 2491 tionis
288 2453 380 2490 ortis
396 2453 442 2491 cf.
457 2454 492 2490 S.
505 2454 617 2491 Bern.
632 2456 675 2491 de
694 2454 838 2490 consid.
857 2453 913 2489 iii.
930 2463 953 2498 4
967 2453 1113 2499 (Migne
1126 2454 1167 2489 P.
1178 2455 1220 2488 L.
1235 2452 1387 2489 clxxxii.
1407 2454 1476 2497 766
1489 2458 1620 2498 seqq.)-

161 2511 202 2538 11
237 2503 290 2536 ita
315 2506 432 2536 tamen
461 2503 552 2538 etc.:
585 2500 632 2537 cf.
661 2512 756 2547 quae
783 2501 830 2537 de
856 2499 1037 2537 fratribus
1064 2500 1276 2546 Hospitalis
1304 2512 1373 2547 pro
1402 2501 1619 2537 Theobaldo

159 2547 441 2594 archiepiscopo
457 2549 505 2585 ad
519 2548 743 2585 loscelinum
753 2548 972 2594 episcopum
980 2547 1298 2585 Saresberiensem
1315 2547 1447 2584 scribit
1458 2548 1620 2584 Ioannes

157 2594 238 2642 ipse
262 2594 303 2630 in
331 2597 401 2641 Ep.
431 2604 497 2641 95:
534 2597 575 2632 Sa·
599 2607 684 2632 uero
712 2598 979 2632 conueniantur
1001 2596 1044 2631 ab
1067 2597 1154 2639 alio,
1172 2597 1398 2641 pontificalis
1421 2599 1620 2631 auctoritas

158 2644 346 2684 euanescit,
365 2654 444 2678 cum
467 2648 628 2679 asserant
650 2654 686 2678 se
701 2645 830 2688 sorum
852 2655 926 2679 mm
951 2644 1078 2678 habere
1096 2644 1169 2678 nisi
1185 2644 1390 2678 Romanum
1406 2645 1465 2678 uel
1487 2645 1616 2679 Hiero-

156 2691 421 2735 solymannum.
605 2699 658 2734 14,
681 2699 720 2736 15
747 2692 958 2726 mediatores
973 2692 1069 2726 etc.:
1094 2701 1126 2726 v.
1148 2701 1163 2727 1
1183 2689 1279 2725 Tim.
1298 2690 1338 2726 ii.
1362 2699 1391 2736 5.
1574 2692 1616 2726 16

158 2738 277 2773 claues
298 2738 393 2773 eta:
417 2748 450 2773 v.
465 2735 576 2773 Matt.
594 2737 667 2774 xvi.
696 2747 748 2782 19.
957 2738 999 2774 18
1023 2738 1180 2774 Domino
1194 2739 1425 2783 prohibente:
1450 2749 1482 2773 v.
1506 2736 1614 2773 Dent.

158 2783 264 2819 xxiii.
281 2793 337 2829 25.
432 2793 473 2819 21
500 2785 597 2819 abire
613 2786 654 2819 in
669 2786 833 2820 tunicas:
858 2795 892 2821 v.
909 2784 986 2820 Iuv.
1001 2786 1076 2821 Sat.
1095 2783 1141 2819 vi.
1161 2793 1239 2830 521.
1333 2790 1447 2820 uestes
1464 2786 1615 2830 pullas:

161 2830 220 2866 Ad
238 2830 416 2876 lugubres
433 2830 706 2876 paenitentiam
722 2831 943 2868 sollemnem
959 2831 1155 2884 agentium
1174 2834 1290 2868 vestes
1307 2831 1471 2878 respicit.
1572 2842 1616 2878 23

157 2879 221 2924 qui
236 2880 413 2914 neminem
428 2880 524 2915 etc.:
549 2890 580 2915 v.
598 2877 708 2914 Matt.
726 2878 830 2916 xviii.
852 2889 904 2923 14,
927 2889 941 2914 1
960 2878 1055 2914 Tim.
1074 2877 1115 2915 ii.
1132 2889 1167 2923 4.

1444 2950 1504 2983 ¹95
