1988 3250
175 213 278 248 ou».
293 201 344 262 v]
693 201 1131 246 POLIORATIOVS
1660 206 1749 255 646
1769 215 1800 245 a

177 325 222 366 et
255 322 397 365 dulcis
425 322 608 365 affectus
637 321 755 364 dixit
783 321 982 364 omnium
1015 322 1272 378 genitorem,
1303 337 1433 379 quem
1463 326 1646 381 propter

175 391 444 434 infinitatem
460 390 718 440 maiestatis,
729 389 965 446 potentiae,
981 390 1225 446 sapientiae
1245 394 1291 434 et
1306 392 1518 435 bonitatis
1539 408 1644 436 suae

174 462 267 503 tam
309 461 377 502 est
411 459 612 502 inuenire
646 458 822 501 difficile
844 468 988 514 'quam
1028 459 1263 502 inuentum
1303 460 1437 518 digne
1475 462 1645 518 profari

175 528 454 586 impossibile.
527 527 727 570 Eundem
759 542 932 584 quoque
963 531 1339 571 remuneratorem
1369 531 1645 586 sperantium

137 610 156 644 5
174 597 287 640 inse
307 612 400 641 esse
420 600 466 640 et
490 597 728 640 colentium
749 611 802 654 ¹se
832 596 1013 639 uidetur
1037 596 1278 648 adstruere,
1298 598 1448 641 dicens
1472 600 1645 656 sapien-

174 669 265 710 tem
303 681 396 710 esse
435 666 649 710 cultorem
689 666 772 709 Dei
808 666 1119 723 philosophum
1153 667 1230 723 qui
1265 667 1414 711 animo
1455 671 1500 711 et
1539 673 1645 712 uoto

174 736 343 780 accedit
380 735 439 778 ad
474 736 750 792 sapientiam,
791 738 836 778 et
867 750 967 778 eum
1007 750 1101 778 esse
1140 740 1382 780 amatorem
1413 737 1496 780 Dei
1511 752 1520 790 ;
1556 739 1644 794 qui,

130 807 133 809 ’
173 805 288 849 sicut
326 805 594 848 constitutae
633 805 941 848 uniuersitatis
980 819 1114 849 causa
1154 808 1222 848 est
1261 806 1546 857 admirabilis,
1580 808 1646 850 ita

172 875 387 918 bibendae
415 874 644 918 felicitatis
670 875 787 917 idem
816 877 884 917 est
911 874 1012 917 fons
1039 875 1295 918 indeficiens
1322 880 1367 919 et
1394 876 1643 934 singularis.

113 953 156 980 ιο
174 941 349 999 Moyses
383 944 538 985 auctor
569 944 636 987 est
668 942 774 998 quia
805 941 852 983 in
887 941 1105 998 principio
1135 943 1307 985 creauit
1346 942 1467 986 Deus
1501 943 1642 986 celum
1660 948 1690 986 b

173 1013 219 1054 et
247 1014 412 1054 terram
443 1014 488 1055 et
517 1011 564 1054 in
595 1011 739 1054 medio
768 1025 919 1054 eorum
950 1026 1111 1068 aquam
1138 1011 1372 1055 collocauit
1398 1016 1444 1055 et
1473 1028 1643 1065 aerem;

172 1078 300 1123 Plato
331 1080 448 1137 quod
482 1080 539 1123 ab
574 1080 715 1130 initio,
745 1082 798 1122 ut
832 1079 1037 1132 mundus,
1069 1080 1146 1136 qui
1181 1081 1348 1124 solidus
1378 1085 1422 1124 et
1453 1082 1643 1132 uisibilis

172 1147 353 1192 futurus
383 1152 490 1200 erat,
511 1149 654 1192 uideri
684 1151 832 1206 posset
862 1150 908 1191 et
938 1148 1075 1206 tangi,
1096 1148 1217 1192 Deus
1248 1149 1351 1192 iecit
1380 1150 1469 1194 duo
1498 1152 1643 1208 prima

171 1217 384 1261 mundani
404 1218 598 1275 corporis
619 1217 912 1260 fundamenta
936 1217 1084 1274 ignem
1112 1220 1158 1260 et
1185 1221 1350 1260 terram
1378 1222 1423 1262 et
1450 1220 1513 1262 eis
1540 1235 1641 1263 con-

112 1300 152 1335 15
171 1287 291 1331 cordi
312 1288 594 1345 proportione
615 1287 760 1330 media
776 1287 942 1330 sociata
963 1286 1189 1330 insolubili
1210 1288 1389 1331 uinculo
1409 1289 1641 1341 interiecit,

170 1355 256 1399 nisi
277 1358 426 1399 tamen
441 1356 649 1400 uoluntas
668 1356 920 1406 conditoris,
934 1370 1046 1412 quae
1067 1356 1160 1399 sola
1179 1359 1332 1400 tantae
1353 1358 1643 1402 firmitudinis

98 1479 102 1484 ¹
171 1439 312 1468 nexus
350 1425 631 1468 fidelissimus
670 1428 750 1476 est,
783 1428 837 1468 ut
868 1425 1171 1468 dissoluantur
1204 1426 1427 1470 admittat.
1498 1427 1642 1471 Omne

170 1493 386 1551 siquidem
418 1495 535 1551 quod
562 1495 763 1538 iunctum
791 1498 859 1538 est
884 1498 1049 1538 natura
1075 1495 1330 1539 dissolubile
1357 1500 1446 1549 est3
1485 1498 1562 1540 sed
1589 1502 1642 1541 ut

170 1561 311 1607 bonae
349 1564 669 1608 conciliationis
710 1564 839 1607 fedus
878 1568 1031 1621 pereat
1070 1579 1159 1607 non
1199 1569 1268 1608 est
1307 1566 1516 1610 uoluntas
1557 1567 1641 1610 Dei

111 1645 153 1675 ao
171 1631 361 1675 uolentis
381 1632 497 1676 bona
516 1633 765 1676 dumtaxat.
825 1633 906 1676 Ait
926 1634 1129 1690 Moyses:
1159 1634 1267 1687 QVI
1299 1635 1407 1677 EST
1428 1636 1550 1678 misit
1571 1651 1641 1678 me

170 1700 227 1744 ad
255 1715 362 1754 uos3
391 1704 437 1745 et
466 1701 592 1744 illum
623 1702 839 1760 singulari
864 1703 1001 1747 uerbo
1022 1707 1068 1747 et
1087 1705 1400 1762 praerogatiua
1419 1705 1639 1762 significa-

169 1769 289 1814 tione
308 1771 480 1815 censuit
499 1786 592 1815 esse
613 1772 689 1829 qui
705 1787 876 1830 semper
895 1772 1012 1815 idem
1033 1777 1101 1816 est
1115 1776 1168 1816 ut
1188 1773 1228 1816 ei
1249 1789 1328 1817 nec
1347 1775 1640 1831 praeteritum

169 1841 367 1883 transeat
397 1855 477 1884 nec
509 1840 713 1884 futurum
744 1842 976 1885 immineat
1010 1843 1156 1900 sitque
1191 1843 1402 1887 immunis
1441 1845 1638 1887 omnium
1656 1860 1682 1890 c

170 1911 382 1953 motuum.
441 1910 559 1953 Nam
579 1911 658 1954 illa
677 1911 946 1954 subsistendi
974 1911 1242 1970 dedignatus
1268 1917 1336 1956 est
1362 1914 1499 1956 uerbo
1526 1929 1640 1971 quae

111 1989 153 2024 ²5
171 1991 270 2021 cum
300 1982 496 2036 tempore
526 1979 743 2024 festinant
772 1981 829 2023 ad
859 1996 948 2024 non
979 1996 1072 2024 esse
1103 1985 1148 2025 et
1177 1982 1365 2040 singulis
1404 1984 1641 2026 momentis

170 2060 250 2104 per
279 2048 427 2092 uarios
461 2052 608 2092 motus
642 2050 711 2093 sui
751 2050 1092 2108 proficiscuntur
1130 2052 1178 2094 in
1217 2055 1416 2096 mortem.
1491 2053 1550 2096 Et
1583 2053 1639 2096 de

170 2181 192 2209 2
211 2178 294 2219 post
310 2174 503 2221 potentiae
520 2177 604 2212 add.
622 2178 661 2213 et
678 2176 718 2212 M
824 2187 848 2223 9
871 2176 897 2213 i.
918 2176 1020 2223 (=id
1038 2178 1110 2225 est)
1130 2176 1267 2214 CBAM
1392 2188 1436 2215 ιο
1459 2179 1596 2217 Moises
1614 2179 1639 2216 S

170 2230 218 2256 20
241 2221 375 2258 moises
392 2221 416 2258 S
590 2234 637 2269 24
661 2223 842 2271 dignatus
859 2223 908 2259 A·

222 2334 238 2361 1
263 2327 475 2370 yenitorem:
501 2326 598 2364 Plat-
621 2328 712 2364 Tim.
727 2326 799 2364 loc.
814 2327 879 2364 cit.
1022 2338 1044 2374 3
1069 2334 1144 2364 tam
1161 2334 1211 2364 est
1228 2332 1396 2365 inuenire
1413 2332 1513 2367 etc.:
1540 2331 1640 2368 Plat.

174 2372 265 2409 Tim.
284 2372 354 2410 loc.
371 2373 436 2410 cit.
610 2387 634 2420 4
657 2380 960 2410 remuneratorem
977 2377 1071 2412 etc.:
1097 2375 1144 2412 cf.
1165 2376 1260 2413 Heb.
1278 2376 1329 2413 xi.
1346 2378 1384 2413 6.
1566 2389 1595 2425 5,
1615 2381 1639 2416 6

170 2421 367 2474 sapientem
387 2432 459 2457 esee
481 2422 578 2458 etc.:
602 2434 634 2457 v.
652 2421 764 2468 Apul.
788 2424 831 2457 de
854 2424 980 2468 Doqm.
999 2425 1093 2460 Plat.
1117 2422 1157 2458 ii.
1184 2434 1240 2466 22,
1259 2435 1328 2470 233
1355 2425 1451 2472 Aug.
1470 2427 1512 2461 de
1532 2427 1570 2462 C.
1590 2428 1637 2463 D.

171 2466 249 2503 vixi.
270 2477 284 2503 1
305 2469 345 2504 et
364 2476 396 2514 5.
532 2479 555 2514 9
579 2470 747 2505 bibendae
754 2471 946 2515 felicitatis
962 2471 1056 2507 etc.:
1083 2471 1133 2508 cf.
1149 2471 1206 2507 ΡΒ.
1222 2483 1329 2508 xxxv.
1345 2482 1379 2518 9,
1396 2483 1451 2509 10.
1595 2485 1639 2510 10

171 2514 311 2568 ngyses
333 2517 430 2552 etc.:
463 2528 496 2552 v.
515 2515 609 2553 Gen.
627 2516 653 2552 i.
677 2527 705 2559 1,
725 2526 770 2562 73
806 2516 904 2553 Plat.
935 2519 1027 2554 Tim.
1054 2529 1094 2564 31
1116 2528 1143 2554 B
1168 2531 1293 2565 seqq.;
1329 2520 1423 2574 Aug.
1452 2522 1495 2555 de
1523 2522 1560 2557 C.
1587 2523 1634 2558 D.

171 2571 324 2614 vum-11.
477 2572 529 2607 17,
553 2564 595 2600 18
621 2568 732 2600 Omne
747 2566 922 2611 siquidem
940 2567 1034 2602 etc.:
1061 2566 1158 2602 Plat.
1180 2568 1272 2602 Tim.
1291 2577 1333 2611 41
1351 2578 1377 2603 Β
1393 2580 1434 2603 ιιι
1452 2568 1639 2604 Chalcidii

171 2619 352 2644 versione.
483 2611 539 2652 18,
560 2621 602 2656 19
617 2613 678 2647 sed
693 2617 734 2647 ut
750 2613 860 2647 bonae
884 2615 981 2649 etc.:
1009 2613 1112 2650 Haec
1138 2613 1256 2650 etiam
1282 2626 1328 2651 ex
1354 2614 1523 2652 Platonis
1544 2618 1638 2652 Tim.

173 2664 215 2698 41
233 2663 263 2690 A
279 2654 475 2703 desumpta
491 2660 570 2693 est:
594 2657 636 2694 in
654 2657 842 2695 Chalcidii
858 2661 988 2695 tamen
1001 2660 1167 2697 versione
1187 2661 1349 2708 legimus
1363 2675 1371 2707 ;
1398 2668 1436 2698 at
1448 2675 1533 2698 uero
1544 2666 1639 2710 quod

173 2702 266 2737 bona
282 2704 420 2738 ratione
438 2706 602 2740 iunctum
618 2711 722 2752 atque
738 2708 962 2742 modulatum
983 2713 1033 2743 est
1055 2710 1209 2744 dissolui
1224 2721 1298 2744 non
1315 2715 1364 2745 est
1382 2711 1462 2746 Dei.
1511 2710 1638 2747 Verba

175 2747 345 2785 Platonis
360 2749 454 2787 haec
470 2754 582 2788 sunt:
606 2756 647 2788 τό
662 2768 703 2800 γε
719 2755 785 2798 μὴν
809 2757 920 2790 καλῶς
945 2755 1118 2801 ἁρμοσθὲν
1143 2758 1197 2791 καὶ
1222 2758 1304 2801 ἕχον
1327 2754 1365 2792 εὖ
1387 2759 1482 2792 λύειν
1503 2758 1637 2794 ἐθέλειν

176 2798 289 2832 κακοῦ.
433 2808 479 2834 20
501 2800 655 2834 uolentis
670 2801 781 2835 bona:
807 2812 839 2836 v.
857 2800 956 2837 Plat.
978 2803 1068 2838 Tim.
1086 2812 1133 2847 30
1145 2812 1174 2838 A
1190 2802 1232 2838 in
1250 2803 1376 2841 Chalc.
1395 2816 1488 2841 vers.
1570 2807 1638 2841 Ait

174 2843 313 2889 Moyses
327 2844 423 2881 etc.:
447 2856 479 2881 v.
498 2844 616 2883 Exod.
631 2845 687 2882 iii.
709 2857 774 2892 143
798 2847 895 2894 Aug.
912 2850 956 2884 de
976 2850 1014 2886 G.
1028 2851 1074 2885 D.
1094 2849 1171 2886 viii.
1194 2859 1247 2887 ιι.

1466 2932 1529 2966 ¹09
