1988 3250
219 213 305 253 688
324 223 353 254 c
686 215 947 261 IOANNIS
988 216 1500 262 SARESBERIENSIS
1629 216 1742 280 [ΜΒ.
1755 229 1826 262 vn

424 334 547 379 Haec
596 337 774 394 quidem
819 337 955 382 seculi
996 338 1228 396 principes.
1299 339 1418 381 Nam
1462 339 1565 383 licet
1610 339 1828 384 Ecclesiae

366 404 566 450 doctores
591 407 699 451 haec
721 407 857 451 latius
882 411 1217 465 prosequantur,
1237 408 1446 465 quoniam
1466 409 1598 452 nimis
1618 409 1830 452 uidentur

367 475 521 528 ardua,
560 491 672 533 quae
720 477 930 520 dicuntur
974 477 1032 520 ab
1080 477 1188 534 ipsis
1236 477 1468 520 uilescunt.
1539 478 1704 535 Vtique
1752 477 1830 534 qui

368 544 442 587 uel
472 545 582 588 istos
612 561 702 590 non
730 547 872 599 audit,
893 547 1033 590 cecior
1061 550 1129 590 est
1156 547 1324 604 Hipsea
1353 550 1399 590 et
1424 546 1631 591 Dulichio
1665 547 1831 604 remige

370 614 555 666 surdior,
586 619 632 659 et
670 617 747 674 qui
785 617 943 660 merito
982 616 1341 674 praecipitandus
1375 619 1455 668 est,
1486 620 1735 673 prostratus
1774 616 1832 659 ab
1850 632 1869 666 5

325 684 356 725 d
371 684 540 742 angelo,
567 700 698 742 quem
724 686 1009 743 contempnit,
1036 686 1083 728 in
1110 685 1334 728 infernum
1362 685 1627 729 inferiorem.
1672 685 1834 728 Nadab

371 757 418 797 et
444 754 563 797 Abiu
595 755 697 812 igne
726 769 806 798 suo
837 770 1065 799 succensos
1095 758 1140 798 et
1170 758 1298 798 extra
1326 754 1660 798 tabernaculum
1695 755 1834 798 elatos

371 822 563 867 Domino
594 824 834 868 mandante
867 825 1093 877 audieras;
1134 824 1211 867 sed
1249 825 1297 867 hi
1327 824 1542 882 templum
1577 824 1757 867 Domini
1789 826 1836 867 et

371 896 526 936 sancta
558 897 810 936 sanctorum
841 894 995 950 Moyse
1027 897 1315 951 repugnante,
1344 894 1391 936 id
1427 896 1495 937 est
1527 894 1623 951 lege
1653 893 1834 937 Domini

371 963 645 1021 prohibente,
692 963 901 1006 nituntur
949 963 1204 1020 irrumpere.
1286 963 1506 1006 Successit
1554 963 1618 1006 eis
1666 963 1836 1006 soboles
1855 976 1897 1000 10

372 1047 617 1083 numerosa,
649 1032 790 1089 replet
828 1033 993 1075 atrium
1032 1032 1188 1075 domus
1227 1032 1420 1083 Domini,
1455 1033 1648 1076 alienum
1687 1033 1836 1090 ignem

372 1102 628 1145 accendunt.
692 1101 880 1144 Adolere
912 1102 1048 1145 thura
1082 1102 1292 1145 nituntur
1323 1102 1539 1160 prohibiti
1569 1105 1614 1145 et
1648 1102 1834 1145 Datani-
1880 1114 1887 1121 ·

374 1174 523 1213 tarum
572 1174 618 1214 et
661 1171 996 1214 Abironitarum
1040 1172 1249 1214 societate
1292 1174 1519 1215 contracta
1567 1171 1747 1214 irruunt
1789 1170 1838 1213 in

375 1240 572 1297 Moysen,
607 1239 854 1283 scindentes
894 1240 1144 1291 Ecclesiam,
1183 1241 1478 1284 sacerdotium
1516 1240 1839 1298 perturbanoes,

375 1309 635 1352 seditionem
675 1308 887 1352 facientes
926 1310 973 1351 in
1012 1310 1175 1367 populo
1206 1310 1292 1354 nisi
1324 1310 1382 1353 ad
1416 1310 1710 1354 sacerdotium
1741 1324 1838 1367 per-
1859 1326 1900 1360 15

375 1379 615 1421 mittantur
638 1379 853 1422 accedere.
914 1378 1027 1423 Cum
1049 1380 1166 1422 enim
1187 1380 1272 1423 sibi
1293 1380 1627 1423 conciliauerint
1645 1379 1840 1437 gratiam

377 1451 660 1506 potestatum,
684 1448 738 1491 de
765 1448 860 1491 iure
886 1452 1038 1505 patere
1065 1449 1149 1492 sibi
1176 1453 1380 1493 esserunt
1405 1449 1626 1499 uniuersa,
1645 1463 1696 1492 eo
1723 1447 1841 1506 quod

224 1522 312 1572 689
332 1533 362 1562 a
377 1517 579 1576 princeps
600 1518 670 1572 (ut
694 1518 866 1575 dicunt)
887 1518 1058 1576 legibus
1081 1533 1170 1561 non
1197 1518 1415 1563 subicitur
1440 1521 1485 1562 et
1512 1517 1629 1576 quod
1649 1517 1839 1575 principi

378 1587 523 1645 placet
554 1586 664 1645 legis
698 1587 832 1630 habet
863 1587 1072 1645 uigorem.
1133 1587 1247 1632 Cum
1283 1602 1389 1646 ergo
1422 1588 1614 1645 populus
1645 1587 1687 1631 ei
1718 1590 1765 1630 et
1794 1587 1842 1629 in

380 1671 480 1700 eum
493 1670 667 1699 omnem
679 1657 988 1700 auctoritatem
1001 1672 1126 1700 suam
1139 1658 1419 1709 contulerint,
1431 1658 1471 1701 ei
1484 1657 1664 1702 obuiare
1676 1657 1843 1702 crimen
1863 1672 1906 1697 no

381 1724 626 1768 maiestatis
641 1729 708 1768 est
720 1729 766 1769 et
780 1726 1017 1769 manifesta
1031 1727 1260 1771 subuersio
1279 1727 1563 1785 principatus
1614 1726 1844 1784 Siquidem

380 1795 598 1852 sacrilegii
619 1795 760 1838 instar
779 1798 847 1839 est
865 1795 1070 1839 dubitare
1091 1811 1149 1838 an
1170 1796 1207 1840 is
1227 1797 1389 1855 dignus
1409 1797 1470 1840 sit
1489 1811 1621 1854 quem
1640 1796 1844 1854 princeps

382 1864 587 1922 elegerit;
631 1878 710 1907 nec
745 1865 1010 1908 temeritatis
1042 1865 1199 1923 effugit
1232 1870 1397 1919 notam,
1431 1870 1478 1910 et
1516 1866 1626 1910 bene
1660 1879 1760 1910 cum
1795 1879 1847 1909 eo

381 1934 532 1992 agitur
558 1933 595 1977 si
623 1933 694 1977 uel
722 1947 892 1991 penam,
913 1934 1111 1992 quisquis
1136 1950 1192 1978 ex
1222 1950 1498 1994 quacumque
1528 1950 1661 1979 causa
1689 1934 1847 1978 uolun-

383 2007 522 2047 tatem
562 2003 774 2061 principis
819 2018 1032 2048 euacuare
1071 2009 1213 2063 parat.
1292 2005 1452 2050 Nullas
1498 2005 1617 2064 leges
1661 2004 1848 2049 credunt
1869 2026 1910 2063 ²⁵

384 2144 408 2181 6
433 2142 647 2182 contemnit
664 2143 725 2180 CB
873 2153 926 2187 12,
949 2154 990 2190 13
1014 2143 1300 2181 dathanitarum
1317 2143 1356 2180 Μ
1502 2154 1543 2190 13
1561 2142 1850 2191 abyronitarum

387 2191 427 2228 M
546 2202 594 2229 20
617 2190 859 2229 contulerunt
878 2190 919 2228 0¹

436 2346 459 2381 4
483 2338 621 2373 caecior
638 2341 687 2371 est
705 2336 867 2382 Hipaea:
894 2347 927 2371 v.
946 2334 1037 2371 Hor.
1055 2336 1129 2371 Sat.
1149 2333 1173 2371 i.
1193 2344 1224 2370 2.
1244 2342 1301 2380 91.
1325 2329 1341 2357 ⁹
1509 2335 1681 2370 Dulichio
1697 2337 1851 2381 remige:

388 2382 411 2420 i.
426 2395 457 2421 e.
484 2383 617 2425 Vlixe:
642 2383 689 2420 cf.
714 2395 783 2430 nup
787 2395 829 2419 ra
853 2383 997 2419 Enthet.
1017 2384 1066 2418 ad
1092 2383 1217 2418 Poln'cr.
1236 2381 1370 2427 (3830)
1388 2382 1437 2418 Et
1461 2383 1507 2417 m't
1529 2383 1698 2418 Duln'chio
1721 2384 1854 2429 remim

386 2432 501 2468 eunio
517 2432 641 2477 mavis.
724 2431 747 2467 6
771 2431 905 2476 anqelo.
915 2442 1017 2477 quem
1033 2430 1271 2475 contempnit:
1297 2440 1382 2465 meu
1412 2430 1537 2466 ra686
1549 2438 1589 2465 Α.
1667 2431 1855 2475 infernum

389 2480 621 2525 infamer-em:
659 2490 690 2514 v.
715 2477 771 2514 Pu.
798 2477 919 2514 lxxxv.
945 2487 997 2523 ¹3·
1110 2477 1239 2513 Nadab
1265 2477 1363 2513 etc.:
1422 2487 1582 2513 ev.x.1
1611 2487 1712 2523 seqq.
1811 2487 1851 2515 ιι

388 2527 526 2563 aerium
535 2527 660 2562 domus
673 2527 843 2562 Domini:
870 2524 910 2561 in
927 2523 1059 2561 Ezech.
1073 2523 1149 2560 viii.
1168 2525 1210 2560 16
1223 2526 1262 2561 ct
1276 2534 1387 2569 saepe
1401 2523 1441 2559 in
1453 2523 1588 2561 Vetere
1601 2523 1854 2563 Testamento.

393 2583 448 2619 η,
479 2583 521 2619 13
547 2574 806 2610 Datos-stanam
831 2578 862 2608 σε
891 2573 1187 2609 Abirom'tarum:
1215 2582 1246 2607 v.
1277 2571 1386 2607 Num.
1416 2570 1487 2607 xvi.
1519 2581 1532 2608 1
1561 2582 1666 2618 seqq.
1812 2572 1855 2609 18

385 2622 558 2668 prato-cap·
573 2623 670 2658 etca
697 2632 728 2657 v.
889 2618 947 2667 3§
1189 2620 1284 2668 quod
1294 2620 1460 2665 prinecps·
1476 2620 1567 2655 etc:
1596 2620 1679 2665 Περ.
1699 2617 1724 2656 i.
1741 2629 1764 2664 4
1782 2616 1800 2666 ξ
1825 2629 1856 2657 1.

390 2678 432 2706 οι
461 2669 503 2705 8'
552 2669 645 2703 idom
669 2670 762 2705 etc..
788 2680 820 2704 v.
845 2667 933 2703 Cod.
961 2630 1091 2702 ful-t.
1081 2665 1131 2702 ix.
1160 2676 1206 2711 29
1237 2665 1254 2712 §
1284 2676 1317 2712 3.
1546 2676 1591 2711 24
1607 2678 1767 2721 penam:
1803 2677 1855 2704 sc.

390 2715 505 2771 effug}
696 2724 739 2761 25
766 2716 896 2751 Nullae
913 2716 1004 2760 loqu
1020 2716 1112 2750 etc:
1139 2712 1278 2749 Contra
1294 2725 1318 2749 a
1334 2712 1426 2749 iuri·
1444 2714 1618 2750 canoniel
1635 2712 1855 2751 auctoribu-

390 2762 571 2801 ..aeritur
596 2762 669 2799 iuri
691 2761 855 2799 naturali
882 2761 984 2808 lege·
999 2763 1038 2797 et
1047 2760 1360 2815 constitutiones,
1378 2760 1711 2797 constitutionibus
1727 2762 1854 2798 autem

391 2809 659 2898 fficaenalticin
681 2808 970 2847 oon-titutione·
998 2807 1215 2856 principum
1249 2808 1526 2855 postponendas
1555 2819 1658 2851 eum
1691 2820 1722 2845 v.
1749 2807 1856 2846 Grat-

610 2869 647 2894 ιι
687 2869 722 2895 x.

507 2929 568 2964 ¹8⁶
