1988 3250
296 216 382 264 769
403 216 432 255 b
774 215 1037 259 IOANNIS
1075 215 1589 260 SARESBERIENSIS
1691 214 1801 276 [ΗΒ.
1815 226 1908 259 vlu

446 334 738 392 praeclariora
757 339 874 380 sunt.
919 336 1003 379 Per
1022 351 1074 380 ea
1089 351 1193 394 ergo
1208 336 1417 380 nituntur
1431 337 1611 394 quidam
1631 337 1689 380 ad
1708 337 1908 395 gloriam,

446 404 504 447 ad
542 404 788 462 imperium,
827 405 885 448 ad
932 405 1287 449 dominationem.
1361 407 1572 464 Quisquis
1619 410 1770 450 autem
1813 407 1908 450 sine

444 474 688 531 cupiditate
726 474 904 531 gloriae,
944 489 1033 531 qua
1069 477 1251 518 ueretur
1289 476 1420 519 homo
1460 476 1569 519 bene
1608 475 1908 519 iudicantibus

445 542 685 600 displicere,
719 543 938 586 dominari
970 547 1105 600 atque
1139 544 1356 600 imperare
1395 544 1628 595 desiderat,
1662 545 1797 587 etiam
1828 559 1908 602 per

445 612 723 669 apertissima
742 613 905 656 scelera
924 613 1099 670 quaerit
1117 613 1376 669 plerumque
1395 613 1594 670 optinere
1615 614 1732 671 quod
1747 613 1907 671 diligit.
1926 627 1946 661 5

446 681 635 724 Proinde
664 682 740 739 qui
770 681 957 739 gloriam
986 682 1266 738 concupiscit,
1296 685 1376 724 aut
1404 696 1511 725 uera
1534 682 1610 725 uia
1635 683 1808 734 nititur,
1827 685 1908 725 aut

445 754 563 794 certe
593 751 705 794 dolis
735 755 780 794 et
810 750 998 794 fallaciis
1027 751 1266 801 contendit,
1292 750 1447 794 uolens
1470 751 1614 794 uideri
1644 751 1785 795 bonus
1815 766 1907 795 esse

445 820 563 876 quod
583 835 671 863 non
692 823 771 864 est.
831 820 889 862 Et
918 820 1017 863 ideo
1047 821 1238 862 uirtutes
1268 820 1451 863 habenti
1480 835 1642 878 magna
1667 821 1814 864 uirtus
1840 824 1908 864 est

444 892 752 946 contempnere
782 889 969 947 gloriam
1004 890 1109 946 quia
1143 891 1422 946 contemptus
1457 889 1551 932 eius
1585 889 1634 932 in
1671 893 1906 947 conspectu

444 958 528 1002 Dei
549 962 627 1009 est,
647 959 809 1001 iudicio
829 962 978 1001 autem
999 973 1088 1001 non
1108 958 1308 1015 aperitur
1327 959 1532 1001 humano.
1591 958 1647 1001 In
1666 958 1906 1002 laudatori·
1927 978 1969 1001 ιο

443 1027 526 1071 bus
560 1031 710 1071 autem
739 1027 831 1070 suis
862 1028 1066 1084 quamuis
1095 1027 1392 1084 paruipendat
1425 1027 1543 1084 quod
1576 1042 1678 1070 eum
1708 1027 1906 1079 laudant,

442 1111 533 1140 non
566 1100 716 1140 tamen
750 1097 1034 1154 paruipendit
1064 1097 1182 1153 quod
1211 1100 1376 1148 amant,
1405 1111 1484 1140 nec
1514 1111 1588 1140 eos
1616 1097 1718 1140 uult
1751 1097 1905 1141 fallere

402 1181 427 1211 c
444 1166 686 1217 laudantes,
716 1181 771 1209 ne
801 1166 993 1223 decipiat
1020 1166 1279 1223 diligentes;
1309 1166 1493 1224 ideoque
1523 1166 1663 1210 instat
1697 1167 1904 1210 ardenter

442 1238 496 1278 ut
524 1235 673 1292 potius
702 1235 776 1278 ille
806 1236 1014 1278 laudetur
1038 1251 1065 1278 a
1097 1251 1185 1293 quo
1214 1236 1349 1279 habet
1378 1236 1509 1279 homo
1538 1236 1749 1293 quicquid
1777 1237 1826 1279 in
1851 1251 1904 1280 eo

442 1305 538 1348 iure
558 1305 777 1348 laudatur.
836 1305 924 1358 Qui
944 1308 1094 1348 autem
1113 1305 1278 1363 gloriae
1298 1308 1573 1363 contemptor
1592 1305 1906 1350 dominationis
1926 1320 1966 1354 ¹5

443 1377 511 1416 est
550 1373 720 1424 auidus,
759 1373 923 1416 bestias
961 1377 1143 1431 superat
1180 1374 1274 1417 siue
1314 1374 1590 1418 crudelitatis
1638 1375 1763 1418 uitiis
1808 1375 1904 1419 siue

443 1443 657 1486 luxuriae.
730 1443 858 1486 Tales
893 1443 1071 1500 quidem
1104 1443 1236 1502 (teste
1267 1458 1429 1501 magno
1467 1446 1594 1501 patre
1633 1444 1903 1503 Augustino)

443 1512 630 1556 Romani
665 1511 860 1555 fuerunt.
931 1512 1050 1555 Nam
1092 1527 1192 1556 cum
1232 1528 1383 1556 eorum
1422 1513 1536 1556 uitia
1573 1517 1905 1571 percurruntur,

440 1596 550 1639 gens
578 1582 703 1624 nulla
731 1582 947 1635 deteri0r;
977 1597 1077 1626 cum
1106 1583 1310 1635 uirtutes,
1337 1582 1461 1625 nulla
1490 1583 1636 1641 potior
1663 1583 1902 1627 inuenitur.

442 1651 566 1694 Alias
579 1654 727 1694 tamen
746 1655 901 1709 gentes
920 1667 1009 1695 non
1029 1652 1195 1695 crudeli
1211 1652 1406 1695 dominio
1418 1652 1494 1695 sed
1507 1655 1738 1695 mansueto
1752 1652 1902 1696 subiu-
1925 1670 1968 1694 ιο

439 1724 661 1779 gauerunt
681 1721 888 1778 imperio;
918 1724 964 1764 et
978 1721 1095 1778 quod
1120 1721 1363 1765 moderatio
1378 1721 1633 1779 adquisiuit,
1649 1725 1728 1765 aut
1748 1722 1902 1765 crude-

439 1790 543 1834 litas
562 1794 643 1833 aut
661 1790 841 1833 luxuria
859 1790 1065 1848 perdidit.
1122 1791 1225 1834 Non
1246 1791 1363 1834 enim
1383 1793 1542 1847 (cura)
1561 1790 1902 1835 existimationis

437 1860 601 1903 amissa
619 1860 933 1903 dominationis
953 1860 1197 1917 cupiditate
1217 1863 1468 1905 caruerunt.
1528 1861 1615 1904 Sed
1637 1860 1770 1904 huius
1796 1861 1898 1904 uitii

438 1929 739 1972 summitatem
771 1932 815 1972 et
839 1929 964 1986 quasi
995 1944 1139 1973 arcem
1170 1930 1392 1986 quandam
1423 1930 1467 1972 N
1470 1945 1544 1973 ero
1565 1929 1700 1974 Cesar
1729 1931 1900 1988 primus

392 1998 422 2039 d
439 1998 657 2055 optinuit;
685 1998 811 2041 cuius
831 2002 959 2041 tanta
978 1998 1068 2041 fuit
1087 1999 1285 2042 luxuries
1305 2002 1357 2042 ut
1377 1999 1512 2042 nichil
1529 1999 1586 2042 ab
1601 2014 1652 2043 eo
1666 2003 1902 2056 putaretur
1923 2021 1964 2055 ²⁵

440 2067 569 2110 uirile
596 2067 893 2118 metuendum,
914 2071 1042 2111 tanta
1064 2068 1302 2111 crudelitas
1332 2072 1384 2111 ut
1414 2068 1550 2112 nichil
1580 2069 1710 2113 molle
1740 2069 1902 2114 habere

438 2137 690 2180 crederetur
708 2137 744 2179 si
766 2139 881 2180 esset
900 2137 1090 2194 ignotus.
1151 2137 1293 2181 Nemo
1309 2153 1360 2181 eo
1379 2138 1586 2195 gulosior,
1602 2154 1731 2183 nemo
1751 2143 1900 2185 canto-

439 2220 537 2249 rum
559 2210 604 2250 et
634 2206 899 2250 histrionum
926 2206 1223 2264 similiumque
1251 2208 1393 2265 magis
1419 2208 1644 2265 gaudebat
1671 2210 1902 2261 consortio,

439 2290 568 2318 nemo
600 2275 875 2328 luxuriosior,
910 2276 1140 2333 siquidem,
1174 2280 1227 2319 ut
1265 2292 1311 2320 se
1351 2277 1607 2321 uendicaret
1640 2293 1668 2321 a
1701 2278 1826 2322 cultu
1857 2282 1903 2322 et

439 2344 719 2388 liberalitatis
734 2345 937 2402 imagine,
958 2345 1124 2388 nullam
1139 2350 1308 2389 uestem
1330 2346 1397 2389 bis
1418 2346 1578 2391 induit.
1622 2347 1732 2401 Quis
1752 2350 1901 2391 tamen
1921 2365 1964 2399 30

437 2414 547 2457 adeo
567 2414 766 2472 perditus
786 2417 854 2457 est
873 2418 925 2457 ut
945 2415 1089 2472 ipsum
1111 2415 1292 2459 laudet‘l
1353 2416 1650 2468 Demostenes,
1663 2420 1900 2475 antequam

439 2538 452 2565 1
483 2528 682 2564 nittuntur
699 2528 724 2564 S
819 2529 843 2565 6
868 2528 1025 2565 nittitur
1042 2529 1067 2565 S
1162 2540 1206 2566 22
1232 2542 1322 2567 cura
1335 2543 1380 2566 ex
1393 2532 1594 2587 Auyustipi
1606 2537 1706 2568 textu
1722 2534 1895 2580 supplevi.

438 2585 480 2623 25
509 2575 675 2612 obtinuit
694 2576 731 2611 M
826 2579 1029 2623 putaretur
1046 2577 1093 2613 ab
1111 2588 1159 2614 eo
1177 2576 1221 2613 A¹
1364 2589 1411 2624 30
1433 2591 1612 2626 ymagine
1631 2579 1670 2615 M

488 2660 528 2695 18
555 2659 660 2699 Nam,
677 2671 758 2694 cum
774 2639 895 2694 eor-uin
912 2661 985 2696 etc.
1004 2671 1120 2705 usque
1139 2660 1186 2695 ad
1202 2662 1364 2706 perdidit
1379 2673 1388 2697 ε
1415 2673 1492 2698 non
1510 2660 1625 2697 habet
1643 2662 1736 2709 Aug.
1853 2671 1897 2707 27

435 2711 522 2741 nm
637 2716 699 2742 uc:
726 2709 923 2742 nesciretur
937 2707 1031 2753 Aug.
1177 2718 1223 2753 30
1247 2710 1387 2743 nullam
1404 2714 1534 2745 uestem
1554 2710 1608 2745 bis
1621 2711 1767 2745 induitz
1795 2707 1900 2746 Suet.

437 2754 519 2789 Ner.
600 2763 633 2789 0.
761 2764 800 2800 3¹
832 2755 1076 2790 Demoetenes:
1106 2754 1207 2791 Haeo
1227 2756 1326 2792 unde
1345 2756 1551 2803 sumpserit
1570 2756 1736 2800 Ioannes,
1752 2756 1898 2798 nescim

435 2801 482 2836 cf.
502 2798 571 2837 Ge}
590 2827 597 2836 .
617 2799 641 2836 i.
663 2810 680 2847 5
702 2799 721 2848 ξ
746 2811 758 2838 ι
790 2802 1045 2838 Daemmhenen
1070 2805 1247 2838 traditum
1271 2808 1320 2838 est
1346 2807 1479 2840 uestitu
1503 2808 1678 2851 ceteroque
1702 2806 1801 2840 cultu
1827 2815 1899 2842 cor·-

433 2850 534 2895 pom'e
549 2850 664 2885 nitido
682 2854 897 2896 mundoque
914 2850 1089 2898 nimique
1105 2856 1271 2887 accurato
1279 2852 1410 2896 suinae.

548 2928 611 2961 3³0
