1988 3250
193 224 295 259 oar.
310 209 434 272 xvu]
715 207 1155 253 POLICRATICVS
1677 205 1757 258 782
1775 214 1806 245 a

195 331 411 376 auiditate
435 331 622 374 currunt
648 331 702 373 ut
724 343 806 386 pro
831 328 932 372 aliis
957 329 1129 372 animas
1157 333 1328 386 ponant
1353 330 1430 386 qui
1455 329 1663 374 fortunae

194 400 456 445 munuscula
474 399 558 450 uel,
573 398 691 456 quod
706 398 869 442 rectius
883 398 1085 449 dixerim,
1104 399 1276 455 gratiae
1297 398 1381 442 Dei
1401 399 1664 456 temporalia

195 471 323 522 dona,
342 469 389 512 in
409 469 527 512 hunc
546 471 696 510 tamen
707 481 911 511 concessa
930 481 1060 510 usum
1075 470 1128 510 ut
1143 470 1479 524 promereantur
1498 470 1663 517 eterna,
1678 468 1709 508 b

195 541 400 584 recusant
419 538 467 580 in
486 536 745 580 necessitate
766 535 982 579 fratribus
1003 550 1195 593 erogare.
1250 536 1379 579 Hanc
1399 539 1549 582 tamen
1570 550 1663 579 esse

156 622 176 658 5
195 607 430 667 pastoralis
450 605 579 650 officii
600 605 789 649 formam
804 605 1180 662 praemonstrauit
1199 608 1292 647 tam
1313 604 1515 662 exemplo
1531 619 1664 661 quam

195 678 332 722 uerbo
370 678 599 734 pastorum
638 675 853 732 princeps.
913 674 1031 732 Ergo
1070 677 1199 717 tanto
1231 677 1459 718 currentes
1492 674 1666 717 ambitu

195 746 485 792 mercennarii
515 747 755 803 properant
781 747 861 788 aut
887 744 1010 788 fures
1035 744 1146 789 fieri.
1205 745 1324 787 Bene
1344 747 1494 787 tamen
1515 744 1666 801 agitur

199 832 300 862 cum
323 817 481 860 ouibus
502 830 615 873 quae
635 814 755 858 illius
778 813 1003 858 custodiae
1030 813 1358 856 demandantur
1383 814 1460 870 qui
1491 828 1564 856 eas
1593 813 1665 856 uel

199 887 257 931 ad
286 886 479 944 pretium
508 886 670 942 pascat.
730 883 848 926 Nam
879 887 924 927 et
953 883 1001 926 in
1028 883 1136 940 ipsis
1165 882 1477 927 mercennariis
1500 882 1667 939 gradus

139 969 182 1001 ιο
199 959 245 1001 et
278 954 553 999 differentiae
587 956 705 998 sunt.
776 953 952 997 Laxant
981 953 1159 1010 quidem
1188 968 1340 996 omnes
1369 954 1483 997 retia
1512 953 1560 996 in
1595 968 1668 997 ca-

199 1030 401 1085 pturam3
435 1025 511 1068 sed
541 1024 589 1068 hi
619 1024 666 1067 in
695 1026 926 1081 capturam
955 1022 1204 1065 animarum
1235 1026 1282 1066 et
1310 1037 1470 1073 rerum,
1500 1022 1566 1065 illi
1596 1036 1667 1065 res

203 1095 431 1154 piscantur
470 1094 720 1144 dumtaxat,
757 1095 1010 1149 contempto
1060 1092 1256 1149 periculo
1300 1092 1573 1143 animarum;
1621 1096 1669 1135 et

199 1179 328 1222 saepe
357 1163 543 1207 turbant
567 1162 727 1213 omnia,
747 1176 835 1219 quo
863 1161 1063 1219 piscandi
1093 1161 1151 1204 ad
1178 1165 1332 1205 uotum
1364 1161 1542 1204 uberior
1570 1175 1665 1204 suc-

199 1234 328 1278 cedat
358 1233 535 1278 occasio.
606 1231 839 1275 Miraberis
877 1231 1049 1274 uariam
1087 1230 1404 1288 supellectilem
1444 1234 1490 1274 et
1529 1229 1667 1284 Cresi,
1683 1238 1711 1270 c

143 1318 183 1353 15
203 1306 257 1347 ut
287 1303 463 1354 dicitur,
496 1301 732 1346 facultates
766 1300 885 1358 apud
918 1315 991 1344 eos
1024 1301 1101 1358 qui
1133 1300 1391 1358 praedicant
1429 1314 1669 1358 pauperem

201 1372 431 1418 Christum
471 1374 528 1424 et,
560 1370 666 1428 quia
699 1370 791 1414 suis
823 1384 912 1413 non
944 1374 1166 1428 coguntur
1196 1370 1430 1427 stipendiis
1463 1369 1671 1419 militare,

201 1441 508 1499 euangelizant
552 1443 605 1483 ut
649 1440 882 1484 comedant
925 1443 972 1483 et
1017 1440 1392 1497 euangelistarum
1436 1438 1671 1496 stipendiis

205 1511 463 1556 abutantur.
521 1508 713 1554 Calicem
744 1509 922 1566 quidem
953 1510 1000 1552 in
1028 1524 1116 1567 quo
1143 1510 1303 1567 Ioseph
1330 1509 1540 1566 augurari
1569 1524 1670 1552 con-

204 1583 412 1624 sueuerat
443 1580 490 1622 in
520 1579 633 1623 sacci
662 1579 732 1622 sui
761 1593 836 1622 ore
867 1579 1117 1630 reuoluunt,
1142 1579 1219 1622 sed
1248 1594 1337 1622 non
1367 1579 1594 1623 descendit
1623 1579 1671 1622 in

143 1669 186 1700 ao
202 1665 372 1695 manus.
429 1649 603 1708 Lingua
630 1648 848 1706 siquidem
878 1648 1117 1692 sacerdotis
1145 1648 1262 1692 calix
1292 1652 1360 1692 est
1389 1648 1484 1693 eius
1513 1649 1590 1706 qui
1621 1648 1668 1692 in

203 1720 393 1763 ueritate
449 1722 516 1763 est
572 1721 617 1762 et
671 1719 1044 1776 praefiguratione
1097 1718 1290 1762 nominis
1348 1718 1671 1775 interpretatur

203 1789 412 1833 Saluator
450 1789 617 1840 mundi,
655 1788 890 1831 institutus
929 1793 982 1831 ut
1021 1788 1292 1831 uaticinetur
1322 1788 1592 1838 abscondita,
1624 1791 1672 1831 et

204 1858 401 1902 fidelium
441 1860 610 1901 mentes
648 1860 774 1915 potet
818 1872 869 1901 eo
909 1857 1083 1915 Spiritu
1129 1872 1216 1914 quo
1263 1857 1420 1914 repleti
1465 1857 1670 1914 discipuli

203 1928 388 1972 uerbum
409 1927 512 1970 fidei
531 1930 578 1971 et
596 1926 754 1970 salutis
777 1929 1060 1971 eructuantes
1083 1926 1130 1969 in
1155 1926 1322 1969 Iudaea
1341 1926 1452 1969 ebrii
1473 1927 1669 1983 reputati

145 2016 188 2051 2⁵
205 2000 322 2049 sunt,
341 1997 643 2054 dispensantes
661 2011 851 2054 granum
878 1996 1092 2040 frumenti
1121 1996 1239 2052 quod
1266 1996 1313 2038 in
1336 2000 1502 2039 terram
1526 1996 1671 2039 cordis

206 2081 357 2110 eorum
377 2066 592 2110 ceciderat
611 2071 657 2110 et
683 2066 772 2109 iam
800 2066 848 2109 in
875 2066 1082 2110 castitate
1110 2065 1273 2122 eloquii
1301 2079 1452 2108 eorum
1474 2064 1672 2109 fructum

210 2197 251 2224 11
278 2186 343 2223 sed
368 2186 410 2222 hi
437 2185 479 2222 in
507 2189 702 2232 capturam
731 2198 802 2223 om.
828 2186 946 2223 CBA:
985 2186 1089 2222 habet
1114 2186 1147 2221 A
1171 2198 1284 2231 mary.
1381 2185 1436 2221 hii
1461 2185 1492 2221 A
1516 2198 1629 2232 marg.
1647 2185 1672 2222 S

211 2243 253 2279 17
286 2233 578 2281 euuangelizant
609 2234 666 2271 A:
709 2234 985 2281 ewangelizant
1017 2233 1042 2270 S
1235 2232 1585 2280 euuangelistarum
1617 2233 1672 2269 A:

207 2281 534 2328 ewangelistarum
552 2281 577 2318 S

256 2381 280 2418 6
302 2385 488 2425 pastorum
502 2383 692 2426 princeps:
718 2391 768 2416 sc.
783 2379 965 2416 Christus,
1075 2390 1120 2417 ιο
1143 2381 1293 2416 Laxant
1310 2380 1404 2416 etc.:
1429 2391 1459 2416 v.
1480 2379 1567 2416 Luc.
1585 2391 1618 2416 v.
1638 2389 1673 2423 4.

213 2437 258 2472 14
285 2429 385 2465 Crem·
401 2430 492 2464 etc.:
517 2439 550 2464 v.
567 2427 724 2464 Hieron.
740 2429 810 2473 Ep.
833 2436 897 2471 127
919 2426 937 2474 ξ
956 2438 979 2472 4
1000 2427 1146 2475 (Migne
1163 2429 1205 2464 P.
1222 2429 1264 2464 L.
1283 2427 1377 2463 xxii.
1398 2428 1516 2473 1089).
1628 2428 1673 2463 16

209 2478 287 2511 suis
303 2486 376 2510 non
392 2479 568 2520 coquntur
581 2476 676 2511 etc.:
701 2486 733 2513 v.
759 2485 772 2511 1
795 2474 878 2511 Cor.
896 2474 945 2510 ix.
966 2484 1000 2519 7.
1161 2478 1203 2511 18
1232 2476 1386 2511 Calicem
1404 2477 1498 2511 etc.:
1523 2486 1555 2511 v.
1577 2473 1673 2511 Gen.

208 2521 295 2558 xliv.
313 2533 334 2558 2
346 2533 446 2567 seqq.
518 2531 565 2557 20
579 2523 725 2567 Linyua
739 2524 914 2568 siquidem
925 2524 1118 2558 sacerdotis
1133 2524 1228 2559 etc.:
1254 2534 1287 2558 v.
1303 2522 1471 2558 Ambros.
1488 2523 1531 2557 de
1546 2523 1674 2568 Ioseph

204 2570 420 2616 patriarcha
447 2567 474 2605 i.
505 2578 544 2605 11
575 2567 594 2614 ξ
620 2570 667 2613 64
692 2568 839 2616 (Migne
859 2570 900 2605 P.
929 2571 972 2606 L.
1000 2569 1076 2607 xiv.
1101 2570 1199 2615 666),
1229 2569 1317 2606 Isid.
1346 2571 1487 2614 Quae-st.
1513 2573 1553 2605 in
1583 2571 1671 2605 Gen.

209 2627 257 2662 30
281 2616 299 2662 ξ
325 2617 370 2652 26
401 2615 544 2662 (Migne
567 2617 608 2652 P.
633 2617 675 2652 L.
700 2615 843 2652 lxxxiii.
869 2617 965 2663 275).
1159 2627 1201 2653 21
1231 2618 1541 2662 praefiyumeione
1574 2620 1672 2653 etc.:

208 2676 242 2699 v.
258 2663 368 2699 Matt.
381 2662 405 2699 i.
421 2673 476 2699 21.
571 2672 618 2698 22
642 2667 683 2698 ut
697 2666 920 2699 uatae'cinetur
931 2665 1151 2700 abscondita:
1178 2676 1208 2700 v.
1226 2663 1337 2700 Matt.
1355 2664 1436 2700 xiii.
1451 2673 1507 2710 35.
1627 2674 1671 2709 23

208 2712 382 2756 discipuli
405 2712 500 2747 etc.:
533 2721 566 2746 v.
590 2709 672 2747 Act.
697 2710 794 2756 App.
819 2710 859 2747 ii.
891 2721 933 2756 13
944 2723 1046 2757 seqq.
1190 2722 1238 2756 24
1265 2713 1414 2747 uerbum
1439 2715 1535 2747 etc.:
1565 2723 1596 2747 v.
1615 2711 1673 2748 Ps.

209 2757 298 2794 xliv.
319 2768 353 2794 2.
450 2761 696 2794 eructuantes.-
720 2758 935 2794 Eructuavit
958 2770 1028 2804 pro
1052 2761 1224 2795 metavit
1246 2758 1364 2795 habet
1388 2758 1430 2794 in
1455 2758 1513 2794 Pe.
1540 2757 1627 2794 xliv.
1651 2769 1672 2795 2

210 2816 301 2842 vers.
329 2804 412 2842 Lat.
437 2803 618 2849 antiqua;
644 2816 678 2840 v.
701 2803 876 2842 Sabatier
899 2805 949 2841 ad
970 2805 1042 2842 loc.
1060 2807 1173 2850 (Bibe.
1196 2807 1295 2842 Sacr.
1319 2808 1402 2843 Lat.
1424 2817 1511 2842 vere.
1535 2807 1676 2853 antiqu.

211 2852 251 2889 ii.
269 2852 342 2898 91).
485 2860 528 2900 25
551 2862 710 2897 ymnum
726 2854 799 2889 etc.
815 2863 825 2890 ι
852 2865 884 2888 v.
902 2852 1034 2889 Ioann.
1051 2852 1116 2890 xii.
1136 2862 1192 2899 24,
1211 2862 1268 2903 25.

266 2923 348 2944 vus
361 2922 383 2945 u
909 2922 932 2950 z
958 2923 982 2952 Ζ
1498 2924 1566 2962 353
