1988 3250
461 603 762 647 ADDENDA
801 602 875 646 ET
914 601 1312 647 CORRIGENDA

203 728 244 765 P.
265 739 297 766 1.
325 728 477 766 Ioannis
503 728 793 767 Saresberiensis
817 729 1050 765 Entheticum
1070 730 1113 765 in
1137 729 1394 765 Polior-aticum
1416 728 1461 763 ut
1485 728 1623 774 Niyelh'

154 788 282 813 neme
295 778 345 812 ad
363 778 550 813 dominum
569 777 790 813 Gulielmum
804 777 988 813 E'liemem
1008 776 1051 812 in
1068 775 1196 814 codice
1213 774 1439 812 cottoniano
1459 778 1468 793 ⁴
1479 774 1598 812 Iulius
1609 775 1619 791 ⁸

155 823 200 861 A.
215 823 268 859 vii
283 823 431 861 invenit
446 826 486 860 et
501 824 542 860 in
558 823 728 861 editione
738 835 807 860 sua.
819 835 973 870 operum
985 823 1128 870 Nigelli
1141 822 1323 860 ecclesiae
1337 822 1621 859 Cantuariensis

153 871 408 917 praecentoris
419 871 522 918 typis
535 870 724 908 commisit
735 870 898 907 Thomas
908 870 1063 918 Wright
1076 872 1170 918 (The
1182 871 1435 916 Anyto-Latin
1446 872 1621 906 satir-icat

154 919 257 954 Poeta
280 921 355 954 and
378 920 696 965 Epiqrammatim
719 930 739 955 ο
781 919 837 954 the
862 920 1013 964 Twemh
1040 919 1207 964 Centum,
1236 917 1262 954 i.
1288 928 1352 963 231
1367 917 1498 963 seqq.).
1547 916 1620 954 Sed

155 965 297 1003 codicis
312 978 427 1013 supra
441 965 536 1003 dicti
557 966 717 1012 scriptor
772 964 879 1013 igelli
899 967 1049 1012 Speculo
1066 967 1267 1002 Stultorum
1283 964 1437 1002 Ioannis
1452 966 1621 1001 Entheti-

156 1013 396 1096 cntctnqbtqgito
434 1013 599 1050 auctori·
635 1012 791 1050 nomine
830 1012 1021 1060 praefixit,
1063 1012 1218 1060 Nigello
1258 1014 1389 1050 tamen
1429 1012 1504 1059 ipsi
1540 1023 1619 1049 non

153 1071 177 1096 a
213 1072 247 1096 ri
273 1072 314 1096 ui
334 1087 344 1097 .

205 1117 237 1155 5.
255 1109 302 1145 26
318 1119 358 1145 ιι.
385 1106 406 1156 ξ
424 1116 468 1154 37
486 1110 510 1145 l.
528 1107 606 1155 (37)
625 1107 644 1156 ξ
666 1118 732 1145 122

202 1156 236 1192 6.
259 1165 303 1202 19
319 1167 356 1192 ιι.
386 1157 494 1202 3181.
514 1165 582 1202 317

203 1210 237 1247 7.
254 1212 288 1239 2.
313 1203 364 1238 Et
379 1214 507 1250 corpus
525 1204 619 1240 etc.:
646 1214 679 1239 v.
698 1202 744 1240 Is.
761 1201 808 1240 vi.
828 1212 861 1238 2.

202 1258 236 1294 7.
257 1258 312 1294 17.
338 1251 472 1286 odoni:
496 1249 712 1287 Notandum
736 1252 794 1286 est
814 1251 961 1287 exstare
983 1249 1024 1286 in
1048 1248 1281 1287 bibliotheca
1304 1248 1398 1286 coll.
1425 1248 1488 1287 SS.
1513 1248 1618 1286 Trin.

155 1308 178 1333 a
205 1297 258 1333 ud
288 1296 617 1344 Cantabrigiensefl
649 1297 708 1342 (B.
743 1307 776 1343 3.
811 1296 872 1343 33)
906 1297 1074 1334 codicem
1107 1297 1295 1343 quendam
1326 1297 1376 1334 ad
1403 1296 1620 1334 Gilbertum

186 1343 280 1381 oliot
288 1355 308 1382 e
336 1344 507 1391 iscopum
516 1344 814 1382 Londoniensem
826 1344 980 1382 Ioannis
991 1344 1112 1381 nostri
1122 1347 1366 1382 coaetaneum
1377 1343 1618 1391 inscriptum,

155 1390 218 1428 cui
233 1391 285 1428 tit
326 1403 369 1428 us
384 1394 442 1429 est
459 1393 592 1428 odonis
607 1393 751 1438 Isaqoqe
768 1394 809 1428 in
832 1394 1017 1438 theoloqn'a.
1067 1391 1322 1429 Probabiliter
1345 1391 1470 1428 conici
1495 1393 1620 1438 potest

154 1438 266 1475 huius
298 1438 421 1486 operis
448 1441 652 1483 auctorem,
681 1438 747 1485 qui
775 1439 892 1486 (quod
924 1439 1025 1486 apud
1052 1439 1195 1494 Anglos
1227 1439 1300 1476 isto
1333 1438 1484 1475 saeculo
1512 1439 1620 1476 raria-

155 1485 292 1522 simum
309 1487 404 1534 erat)
423 1486 633 1524 Hebraicae
650 1486 806 1534 linguae
827 1487 948 1524 sciens
971 1486 1086 1524 fuisse
1101 1488 1260 1530 videtur,
1279 1486 1442 1523 eundem
1466 1498 1546 1524 esse
1571 1487 1620 1523 ad

154 1544 268 1580 quem
299 1535 372 1580 Ep.
406 1535 475 1579 284
507 1533 552 1571 de
584 1534 695 1571 rebus
726 1534 774 1570 ad
811 1534 1170 1581 interpretationem
1202 1534 1350 1571 Veteris
1386 1534 1620 1571 Testamenti

154 1580 432 1628 pertinentibus
447 1580 593 1618 miserit
609 1580 793 1626 Ioannem
820 1594 853 1617 v.
868 1582 919 1618 M.
934 1582 975 1618 R.
990 1582 1012 1618 J
1015 1594 1129 1626 ames,
1144 1583 1246 1619 MSS.
1258 1584 1299 1618 in
1312 1583 1458 1627 Trinity
1473 1582 1620 1626 Colleye,

157 1629 378 1674 Gambridqe,
407 1627 431 1664 i.
460 1639 526 1676 43¹
542 1640 666 1675 seqq.;
709 1630 920 1675 Gambm‘dye
951 1631 1106 1666 Modern
1133 1631 1294 1675 Hister-y,
1322 1628 1347 1664 i.
1401 1630 1468 1672 883
1501 1631 1621 1665 Soeial

153 1677 327 1759 Enalavctld
345 1675 506 1760 §illustn
526 1677 611 1722 ed),
629 1676 654 1713 i.
671 1678 740 1722 487
766 1676 831 1713 ubi
856 1675 1080 1724 depingitur
1104 1676 1247 1724 pagina
1271 1688 1365 1723 quae
1481 1676 1620 1713 codicis

155 1734 269 1770 supra.
309 1734 344 1759 ic
364 1735 388 1760 ι.

200 1779 236 1815 7.
255 1771 297 1808 18
310 1782 349 1807 ιι.
376 1771 584 1816 ιι67-ι682
602 1772 626 1807 1.
648 1772 857 1817 1667-1682

201 1826 235 1862 7.
251 1827 308 1854 22.
332 1819 426 1855 Pelle
446 1820 590 1855 leonina
614 1820 705 1856 etc.:
731 1819 780 1856 cf.
805 1818 947 1866 Nigelli
969 1820 1069 1865 Spec.
1091 1820 1209 1862 Stult„
1226 1830 1286 1865 ap.
1303 1818 1459 1865 wright
1476 1830 1535 1866 op.
1553 1818 1619 1855 cit.

153 1863 179 1900 i.
191 1875 242 1949 ἐὰν,
258 1865 356 1901 Pelle
371 1867 516 1902 leonina
531 1871 660 1903 tectum
683 1868 815 1903 detexit
832 1868 984 1903 asellum
999 1868 1134 1902 Faetus
1149 1872 1182 1902 et
1198 1868 1366 1902 excedens
1381 1869 1500 1912 gloria
1518 1878 1619 1902 uana

155 1923 190 1948 m
236 1923 309 1948 um.

205 1968 259 1996 11.
281 1969 312 1996 1.
340 1959 430 1996 Tam
553 1961 656 1996 habet
671 1962 766 1998 etc.:
792 1973 824 1998 v.
844 1960 951 1998 Publ.
970 1960 1050 2007 Syr.
1081 1961 1139 1997 ed.
1157 1960 1300 2007 Meyer,
1318 1973 1356 2008 p.
1399 1961 1436 2006 7)
1449 1973 1510 2008 ap.
1529 1959 1618 1998 Sen.

159 2007 318 2061 Csgntrov.
334 2006 396 2043 vii.
415 2017 435 2053 3
493 2010 538 2050 8;
562 2006 721 2051 Quintil.
738 2010 827 2045 Inet.
848 2010 908 2045 Or.
926 2008 1005 2044 viii.
1024 2017 1042 2055 5
1100 2010 1133 2052 6,
1151 2008 1201 2045 ix.
1219 2008 1350 2056 3§64;
1377 1969 1531 2045 {liei-on.
1544 2010 1619 2055 Ep.

155 2053 225 2089 lm.
247 2063 299 2097 10,
317 2065 350 2090 c.
371 2062 411 2100 15
432 2054 445 2101 (
489 2054 578 2102 igne
594 2057 635 2092 P.
654 2057 698 2091 L.
716 2055 807 2092 xxii.
831 2065 910 2103 549,
931 2057 1016 2101 826)
1036 2056 1127 2092 Tam
1148 2058 1242 2092 deest
1263 2067 1380 2092 auaro
1399 2058 1493 2103 quod
1513 2057 1618 2092 habet

155 2112 263 2148 quam
278 2103 372 2147 quod
386 2113 459 2138 mm
475 2103 587 2139 habet.

205 2158 260 2184 12.
279 2158 311 2184 2.
342 2149 626 2185 Iocundiesimue
650 2150 742 2186 etc.:
777 2149 839 2187 Sic
868 2161 1043 2187 exorsum
1079 2149 1258 2187 Ioannem
1290 2150 1338 2187 ad
1369 2148 1486 2187 Gellii
1514 2160 1618 2196 prae·

154 2193 343 2250 sationem
368 2195 571 2242 respexisse
596 2196 691 2233 vidit
717 2197 891 2234 Hertzius
918 2198 960 2233 in
987 2196 1103 2234 Gellii
1129 2199 1297 2235 Noctium
1322 2199 1529 2234 Atticarum
1558 2196 1617 2234 ed.

155 2253 246 2278 mm.
263 2254 287 2286 1,
306 2254 343 2288 p.
365 2252 396 2280 1.

205 2290 259 2326 16.
279 2300 326 2325 20
342 2301 381 2325 n.
406 2301 435 2326 c.
455 2292 540 2336 301.
559 2290 584 2326 i.
603 2301 651 2337 30

205 2345 259 2382 17.
282 2346 322 2373 11
342 2348 379 2373 n.
406 2337 526 2373 xxxiii
544 2339 566 2373 l.
586 2338 728 2375 cxxxiii

202 2393 261 2420 20.
282 2393 326 2419 10
341 2395 378 2419 n.
406 2394 427 2420 2
446 2383 488 2432 ἕξ
508 2386 641 2430 3-181.
659 2396 691 2421 2.
710 2396 732 2431 3
751 2384 770 2433 ξ
789 2386 831 2423 18

204 2439 353 2475 21.7n.
379 2430 418 2468 ii.
439 2431 685 2478 23l.iii.2,3

204 2487 259 2524 23.
277 2486 298 2522 7
316 2489 353 2514 ιι.
382 2477 423 2534 ἕξ
443 2478 477 2523 6,
496 2480 560 2524 71.
578 2478 619 2526 ἕξ
639 2488 718 2524 ι49,
737 2489 804 2534 150

203 2534 261 2570 23.
280 2535 335 2569 14.
360 2525 631 2562 chsronomanta
647 2539 655 2563 :
681 2526 729 2563 cf.
746 2526 848 2564 infra
863 2527 912 2564 ad
930 2539 960 2564 c.
983 2538 1036 2572 12,
1056 2529 1125 2572 408
1139 2537 1174 2565 c.

203 2580 259 2618 25.
279 2581 302 2617 9
317 2583 356 2608 ιι.
385 2574 471 2618 371.
492 2574 558 2610 126

203 2619 260 2654 26.
279 2629 302 2665 9
319 2631 356 2654 n.
385 2619 458 2655 xvi.
475 2630 496 2656 2
514 2621 537 2655 1.
554 2619 626 2657 xvi.
646 2632 667 2667 3

203 2666 260 2702 26.
282 2676 324 2702 12
341 2678 377 2702 n.
397 2667 442 2703 62
460 2669 484 2703 l.
503 2668 546 2703 61

203 2721 260 2757 27.
279 2714 300 2749 8
317 2725 353 2749 n.
381 2715 441 2759 51.
461 2712 502 2761 §§
526 2724 591 2760 113
607 2726 709 2761 seqq.

203 2770 259 2804 27.
281 2770 321 2796 21
344 2772 381 2796 n.
403 2760 496 2797 xiil.
515 2760 555 2797 xi

203 2817 260 2853 29.
280 2817 318 2843 11
334 2818 372 2843 n.
397 2810 481 2845 add.
499 2808 645 2855 (Migne
661 2810 702 2845 P.
718 2810 762 2844 L.
781 2821 864 2845 xxv.
886 2819 986 2855 1201,
1003 2821 1062 2846 xv.
1083 2809 1201 2857 1312).

203 2864 260 2899 29.
279 2863 369 2899 17n.
394 2854 497 2902 Sept.
513 2867 545 2892 V.
565 2857 586 2892 l.
604 2855 709 2903 Sept.
725 2856 774 2892 vi.

220 2924 316 2946 m!
332 2924 362 2946 11
853 2930 875 2967 3
896 2929 922 2956 Τ
1438 2932 1503 2966 505
