1988 3250
101 227 202 263 on,
215 213 328 275 vm]
611 209 1052 256 POLICRATICVS
1581 217 1665 259 ⁷39
1684 217 1716 247 a

214 335 447 379 Summum
476 332 604 377 crede
632 330 760 374 nefas
789 329 983 372 animam
1014 327 1239 385 praeferre
1269 328 1429 385 pudori
1584 340 1616 370 a

215 396 261 437 et
288 395 469 450 propter
497 390 639 434 uitam
668 385 851 432 uiuendi
880 386 1063 444 perdere
1090 400 1257 429 causas.

101 484 254 529 Refert
288 482 492 526 Valerius
522 480 618 524 uini
652 493 782 522 usum
822 475 928 521 olim
965 475 1177 519 Romanis
1217 475 1396 519 feminis
1428 476 1567 519 fuisse

100 554 316 612 ignotum,
328 567 384 595 ne
408 550 574 594 scilicet
594 549 642 591 in
672 547 851 604 aliquod
876 546 1064 589 dedecus
1093 544 1442 602 prolaberentur,
1463 545 1569 601 quia

63 644 82 680 5
100 622 329 681 proximus
351 636 379 664 a
402 620 560 663 Libero
588 620 716 676 patre
746 614 1116 672 intemperantiae
1146 613 1312 671 gradus
1336 614 1394 656 ad
1419 613 1568 656 incon-

100 705 264 736 cessam
280 690 495 733 Venerem
515 702 608 731 esse
628 685 869 731 consueuit.
929 682 1199 728 Conuiuium
1221 682 1356 725 etiam
1376 682 1569 725 solemne

101 760 287 805 maiores
325 755 662 806 constituerunt,
692 755 824 812 idque
863 751 1043 797 caristia
1082 751 1355 809 appellatum
1387 754 1468 803 est,
1498 751 1570 794 cui

101 831 277 888 praeter
301 830 510 885 cognatos
534 828 580 870 et
606 824 757 868 affines
781 837 910 866 nemo
935 821 1303 878 interponebatur
1329 823 1395 876 ut,
1414 820 1451 863 si
1483 835 1572 878 qua

103 899 221 942 inter
253 893 519 941 necessarias
549 908 757 953 personas
789 891 968 949 querela
1001 893 1117 933 esset
1151 894 1262 943 orta,
1292 890 1411 947 apud
1447 905 1572 934 sacra

47 980 89 1007 ιο
104 982 280 1011 mensae
309 970 355 1010 et
384 967 502 1009 inter
530 963 803 1007 hilaritatem
833 960 1083 1003 animorum
1112 962 1159 1002 et
1188 959 1439 1002 fautoribus
1469 974 1570 1003 con-

103 1036 276 1082 cordiae
291 1035 505 1079 adhibitis
521 1033 761 1077 tolleretur.
811 1029 1040 1073 Senectuti
1058 1028 1268 1071 iuuentus
1289 1028 1354 1071 ita
1373 1028 1569 1072 cumula-

103 1110 202 1150 tum
221 1108 268 1148 et
286 1105 647 1161 circumspectum
667 1101 878 1144 honorem
898 1098 1111 1141 reddebat
1130 1100 1359 1155 tamquam
1381 1098 1569 1141 maiores
1586 1103 1615 1142 b

105 1178 216 1219 natu
235 1173 576 1218 adolescentium
596 1183 847 1215 communes
879 1170 1028 1226 patres
1049 1170 1206 1212 essent.
1267 1167 1483 1220 Quocirca
1502 1169 1571 1211 iu—

106 1258 240 1288 uenes
252 1243 345 1298 †ita
356 1244 625 1286 senectutem
640 1240 723 1290 die,
729 1240 810 1293 ut†
822 1238 1015 1295 aliquem
1028 1251 1084 1279 ex
1098 1236 1301 1294 patribus
1314 1238 1574 1295 conscriptis

49 1323 90 1360 15
109 1316 188 1357 aut
206 1313 502 1370 propinquum
528 1313 608 1354 aut
634 1312 869 1367 paternum
889 1305 1080 1350 amicum
1110 1306 1166 1348 ad
1195 1306 1363 1350 curiam
1388 1306 1573 1351 deduce-

107 1382 229 1433 bant,
257 1380 464 1438 affixique
493 1379 638 1422 ualuis
667 1377 963 1435 expectabant
992 1375 1129 1418 donec
1160 1375 1396 1419 reducendi
1432 1374 1574 1419 officio

108 1451 413 1508 fungerentur.
484 1449 584 1503 Qua
615 1448 793 1505 quidem
820 1445 1076 1489 uoluntaria
1102 1445 1294 1488 statione
1322 1448 1367 1488 et
1391 1459 1576 1503 corpora

109 1522 155 1565 et
173 1519 343 1563 animos
362 1519 419 1562 ad
438 1518 616 1576 publica
634 1516 776 1560 officia
795 1515 985 1572 impigre
1004 1514 1265 1557 sustinenda
1295 1515 1576 1566 roborabant,

109 1589 320 1646 breuique
358 1602 562 1645 processu
593 1586 641 1629 in
675 1586 817 1629 lucem
849 1584 1072 1627 uirtutum
1112 1598 1293 1626 suarum
1325 1583 1577 1626 uerecunda

52 1669 96 1696 ὀ
111 1658 274 1702 laboris
293 1657 579 1701 meditatione
595 1655 680 1714 ipsi
696 1655 912 1699 doctiores
933 1656 1071 1696 erant.
1131 1653 1322 1696 Inuitati
1343 1653 1400 1696 ad
1420 1667 1575 1696 cenam

111 1727 346 1786 diligenter
379 1727 650 1785 quaerebant
684 1725 865 1783 quinam
898 1723 938 1767 ei
972 1723 1178 1767 conuiuio
1209 1723 1486 1773 interessent,
1518 1737 1574 1765 ne

112 1796 295 1840 senioris
348 1796 591 1839 aduentum
645 1794 869 1838 discubitu
922 1795 1272 1850 praecurrerent,
1312 1792 1577 1849 sublataque

113 1880 264 1910 mensa
282 1865 449 1923 priores
469 1879 731 1922 consurgere
751 1866 797 1907 et
816 1862 938 1906 abire
963 1862 1263 1919 patiebantur.
1326 1861 1396 1903 Ex
1417 1861 1579 1918 quibus

113 1937 298 1993 apparet
315 1949 446 1978 cenae
462 1948 636 1991 quoque
651 1937 848 1991 tempore
863 1946 996 1989 quam
1012 1945 1145 1988 parco
1161 1934 1207 1974 et
1222 1945 1356 1987 quam
1377 1930 1577 1973 modesto
1595 1943 1620 1973 c

57 2019 98 2055 ²5
114 2018 311 2048 sermone
342 2004 414 2047 his
445 2002 751 2061 praesentibus
786 2002 905 2046 soliti
941 2002 1032 2044 sint
1063 2001 1132 2044 uti
1166 2001 1355 2043 maiores
1387 2003 1498 2043 natu
1531 2000 1579 2042 in

114 2073 340 2118 conuiuiis.
413 2073 484 2116 Ad
523 2073 658 2116 tibias
697 2072 874 2130 egregia
913 2085 1173 2129 superorum
1212 2084 1346 2127 opera
1386 2069 1581 2113 carmine

116 2142 427 2211 comprebensa
463 2142 728 2200 pangebant,
763 2156 851 2198 quo
895 2140 953 2184 ad
1003 2155 1056 2183 ea
1101 2139 1321 2182 imitanda
1362 2139 1580 2182 uirtutem

117 2210 371 2255 alacriorem
402 2210 646 2254 redderent.
717 2210 836 2264 Quid
871 2209 953 2253 hoc
985 2208 1270 2266 splendidius,
1306 2207 1413 2264 quid
1446 2208 1582 2250 etiam

117 2279 273 2324 utilius
301 2280 569 2330 certamine?
629 2280 844 2323 Pubertas
876 2293 1006 2322 suum
1040 2279 1162 2322 canis
1194 2278 1327 2321 decus
1359 2277 1584 2328 reddebat,

119 2408 143 2444 6
168 2406 338 2444 sollenne
354 2407 410 2461 Ag
433 2407 643 2455 sollempne
660 2406 685 2444 S
766 2391 769 2394 ⁴
827 2416 848 2453 7
874 2407 1085 2462 apellatum
1102 2405 1158 2444 CS
1303 2416 1348 2442 lo
1371 2404 1582 2443 ilai-itatem

120 2454 146 2490 S
251 2453 482 2491 sanctoribus
495 2454 530 2490 A
672 2465 711 2493 11
739 2453 915 2492 Senectui
931 2454 1055 2491 OBAS
1197 2462 1242 2500 25
1268 2455 1356 2490 sunt
1374 2452 1414 2488 M
1536 2454 1584 2490 26

122 2511 232 2548 super
248 2503 373 2537 ortum
390 2501 460 2537 0¹8

172 2621 187 2648 1
216 2612 403 2647 Summum
418 2612 516 2648 etc.:
543 2610 618 2648 Iuv.
637 2611 712 2648 Sat.
728 2610 806 2647 viii.
824 2612 880 2657 83,
900 2612 958 2655 84.
1113 2620 1134 2656 3
1158 2610 1283 2655 Refert
1303 2609 1472 2644 Valerius
1487 2610 1582 2645 etc.:

122 2671 157 2695 v.
172 2658 256 2695 Val.
274 2657 375 2694 Max.
391 2657 431 2694 ii.
454 2668 469 2694 1
490 2657 509 2705 ξ
531 2666 562 2704 5.
703 2660 727 2695 6
755 2659 976 2694 Conuiuium
993 2659 1089 2695 etc.:
1111 2656 1196 2694 Val.
1216 2656 1315 2692 Max.
1333 2655 1372 2692 ii.
1395 2666 1409 2692 1
1432 2655 1474 2702 §§
1494 2657 1527 2699 8,
1549 2666 1582 2701 9.

123 2715 145 2751 7
171 2707 393 2752 appellatum
410 2710 480 2741 est:
506 2706 781 2751 appellauerunt
796 2705 879 2742 Val.
897 2706 997 2742 Max.
1160 2714 1203 2748 14
1227 2706 1280 2739 ita
1299 2708 1510 2739 semctutem
1527 2705 1585 2738 die

123 2759 189 2789 ut:
222 2758 368 2788 senatus
390 2754 448 2788 die
463 2754 584 2799 utiquo
605 2752 688 2788 val.
718 2752 844 2795 Max.;
867 2752 1008 2795 forsan,
1025 2753 1069 2788 ut
1085 2751 1188 2797 quod
1214 2750 1310 2797 legit
1327 2750 1584 2804 intellegeret,

122 2801 350 2837 honorabant
365 2798 578 2835 subaudivit
593 2798 767 2836 Ioannes.
913 2810 956 2846 19
973 2810 1165 2846 processu:
1186 2810 1357 2845 processu
1367 2810 1496 2834 mrum
1509 2808 1584 2834 sive

121 2858 414 2895 processurarum
429 2846 546 2883 habet
560 2845 642 2884 Val.
661 2845 761 2884 Max.

1411 2922 1475 2959 27⁷
