1988 3250
235 241 317 284 759
335 232 366 280 b
713 231 975 276 IOANNIS
1012 230 1526 276 SARESBERIENSIS
1633 228 1744 290 [ΗΒ.
1759 240 1853 273 vul

384 352 489 396 dine
504 354 550 396 et
564 351 817 397 saltationis
828 353 997 398 lubrico
1009 356 1232 398 exerceret
1246 353 1464 398 illecebris
1478 354 1854 413 philosophantes

384 421 595 467 Ceterum
613 423 852 467 histriones
875 439 965 468 non
985 424 1104 467 inter
1126 427 1280 481 turpes
1306 425 1484 468 habitos
1513 424 1668 469 Cicero
1697 426 1855 467 auctor

383 495 453 535 est
472 492 561 549 qui,
581 492 697 536 sicut
717 493 878 536 Furius
898 493 1089 536 Albinus
1108 493 1258 544 refert,
1279 493 1437 537 Roscio
1457 495 1504 537 et
1523 493 1668 551 Esopo
1688 492 1852 536 famili-

383 563 522 605 ariter
547 577 654 606 usus
680 564 759 613 est,
774 562 884 606 adeo
910 562 1089 619 quidem
1116 565 1170 606 ut
1195 577 1266 606 res
1291 564 1573 620 rationesque
1599 578 1752 606 eorum
1771 576 1854 606 sua

383 631 581 675 sollertia
621 635 849 685 tueretur3
903 632 1021 690 quod
1067 647 1168 676 cum
1207 647 1265 676 ex
1303 632 1404 675 aliis
1441 633 1608 684 multis,
1647 635 1746 675 tum
1794 646 1852 675 ex
1870 643 1891 680 5

383 701 582 758 epistolis
612 701 707 745 eius
737 701 998 745 declaratur.
1067 701 1187 744 Nam
1215 701 1295 745 illa
1322 702 1466 745 oratio
1495 702 1751 746 celebritate
1781 701 1852 745 sui

382 771 582 814 innotuit
611 771 661 814 in
687 785 776 828 qua
799 771 1012 828 populum
1043 771 1293 813 Romanum
1319 771 1529 829 obiurgat
1548 771 1667 828 quod
1694 771 1853 815 Roscio

383 843 543 898 agente
563 840 862 883 tumultuarit.
925 840 984 882 Et
1004 840 1183 897 quidem
1205 842 1380 883 constat
1398 854 1499 883 cum
1518 840 1616 898 ipso
1635 840 1852 884 histrione

340 918 368 948 c
383 910 647 953 contendere
674 909 854 952 solitum
881 911 1035 952 utrum
1061 909 1137 952 ille
1166 909 1342 966 saepius
1368 909 1553 952 eandem
1583 910 1853 953 sententiam

382 979 522 1023 uariis
552 979 751 1037 gestibus
785 979 974 1022 efficeret
1011 992 1070 1020 an
1113 977 1208 1035 ipse
1246 992 1327 1035 per
1364 978 1642 1035 eloquentiae
1680 978 1852 1036 copiam
1872 993 1917 1018 ιο

382 1062 582 1092 sermone
615 1049 792 1091 diuerso
825 1047 1147 1105 pronuntiaret.
1227 1047 1351 1101 Quae
1390 1062 1460 1091 res
1499 1047 1557 1090 ad
1591 1048 1706 1091 hanc
1739 1048 1852 1092 artis

382 1132 489 1161 suae
522 1118 729 1162 fiduciam
762 1117 969 1161 Roscium
1008 1117 1232 1160 abstraxit
1265 1120 1318 1160 ut
1356 1117 1520 1160 librum
1558 1117 1855 1161 conscriberet

383 1202 471 1245 quo
486 1188 784 1244 eloquentiam
804 1202 905 1231 cum
924 1187 1161 1230 histrionia
1175 1188 1462 1244 compararet.
1511 1186 1560 1230 Is
1580 1189 1647 1230 est
1667 1186 1854 1231 Roscius

382 1257 461 1313 qui
491 1257 627 1300 etiam
657 1255 793 1300 Sillae
822 1256 1074 1300 carissimus
1106 1255 1197 1299 fuit
1217 1259 1262 1299 et
1289 1255 1423 1299 anulo
1450 1270 1584 1299 aureo
1611 1255 1669 1299 ab
1696 1256 1849 1300 eodem

383 1326 599 1369 dictatore
628 1326 819 1370 donatus
849 1327 926 1370 est.
985 1325 1131 1369 Tanta
1159 1328 1309 1369 autem
1339 1324 1431 1368 fuit
1456 1325 1606 1383 gratia
1635 1328 1681 1368 et
1709 1325 1851 1383 gloria
1870 1338 1913 1375 15

382 1398 436 1438 ut
455 1396 698 1439 mercedem
725 1396 932 1438 diurnam
956 1394 1011 1438 de
1039 1394 1216 1452 publico
1245 1394 1366 1438 mille
1395 1394 1599 1438 denarios
1627 1394 1723 1438 sine
1752 1408 1851 1452 gre-

381 1465 557 1523 galibus
596 1465 716 1508 solus
764 1465 993 1522 acciperet.
1073 1463 1267 1522 Esopum
1305 1477 1479 1521 quoque
1519 1478 1576 1507 ex
1614 1464 1713 1521 pari
1753 1466 1854 1508 arte>

381 1534 610 1578 ducenties
644 1534 907 1578 sextertium
946 1533 1174 1591 reliquisse
1208 1535 1394 1578 constat.
1469 1532 1558 1576 Sed
1591 1533 1777 1584 utinam,
1811 1533 1850 1577 si

383 1603 621 1647 histriones
653 1603 865 1647 uidentur
894 1603 952 1647 ob
985 1602 1297 1646 auctoritatem
1326 1601 1551 1646 Ciceronis
1590 1605 1636 1646 et
1674 1602 1849 1660 praedi-

335 1672 366 1712 d
383 1675 554 1717 ctorum
585 1674 768 1717 heroum
797 1673 845 1716 in
865 1676 1011 1717 cetum
1031 1672 1300 1730 sapientium
1319 1670 1597 1722 admittendi,
1621 1671 1847 1730 eligantur
1867 1687 1917 1714 80

382 1742 539 1786 Roscio
569 1743 734 1786 similes
764 1745 810 1786 et
840 1742 984 1799 Esopo
1013 1741 1102 1799 qui,
1123 1741 1206 1785 etsi
1236 1755 1326 1784 non
1356 1740 1501 1784 facere
1530 1740 1666 1797 (quod
1696 1744 1847 1785 tamen

380 1812 446 1855 illi
467 1812 716 1869 nouerant),
735 1812 808 1855 uel
829 1811 1077 1869 intelligere
1103 1811 1239 1854 libros
1266 1810 1410 1854 sciant
1435 1811 1481 1853 et
1506 1812 1726 1854 amatores
1752 1811 1845 1855 sint

379 1882 528 1939 potius
548 1896 681 1939 quam
701 1881 1033 1939 impugnatores
1059 1880 1323 1931 litterarum,
1343 1894 1453 1937 quas
1479 1893 1609 1923 nemo
1635 1893 1848 1937 umquam

379 1951 556 2009 sapiens
576 1954 656 1994 aut
682 1951 823 1994 bonus
842 1950 943 1994 odio
970 1950 1140 1993 habuit.
1200 1948 1457 1994 Ciceronem
1482 1948 1622 1992 refert
1642 1949 1846 1994 Valerius

380 2020 554 2063 litteras
583 2020 894 2078 contempsisse
924 2022 970 2063 et
999 2019 1046 2062 in
1085 2021 1342 2076 contemptu
1374 2019 1470 2076 ipso
1502 2017 1640 2061 fuisse
1675 2017 1846 2062 fontem
1867 2031 1910 2067 τε

380 2089 845 2133 habundantissimum
872 2090 1136 2140 litterarum,
1156 2089 1213 2132 ob
1239 2089 1321 2132 hoc
1351 2087 1467 2131 forte
1498 2087 1615 2145 quod
1645 2088 1844 2132 studium

380 2158 572 2216 negotiis
605 2158 911 2216 postponebat.
982 2158 1099 2201 Nam
1130 2157 1298 2201 institit
1327 2157 1390 2200 eis
1419 2157 1526 2200 dum
1555 2157 1848 2215 contempsit;

380 2227 560 2285 ipseque
590 2230 869 2285 contemptus
899 2226 1123 2271 Ciceronis
1152 2226 1394 2269 multorum
1424 2225 1574 2269 studio
1608 2225 1848 2270 studiosior

381 2301 461 2341 est.
531 2296 635 2340 Non
675 2295 805 2340 facile
845 2299 995 2340 tamen
1034 2295 1295 2340 crediderim
1342 2294 1399 2338 ad
1449 2294 1531 2338 hoc
1581 2308 1848 2352 quemquam

384 2415 425 2449 14
450 2402 672 2440 karissimus
689 2401 774 2438 nille
792 2400 817 2438 S
913 2399 1044 2436 codem
1063 2399 1220 2435 Macrob.
1238 2412 1247 2436 ε
1272 2397 1443 2436 eiusdem
1461 2396 1626 2435 CBASM
1802 2398 1847 2436 16

380 2451 485 2488 mille
523 2450 573 2487 M.
592 2449 754 2486 CBASM
852 2447 1026 2486 denarios
1041 2459 1108 2483 om.
1128 2446 1166 2482 Μ
1310 2456 1354 2493 23
1381 2445 1579 2483 literarum
1596 2443 1655 2481 As
1799 2445 1846 2483 26

378 2499 479 2536 abun
508 2496 749 2535 antiuimum
767 2494 840 2532 A’s

426 2602 446 2628 2
475 2593 638 2628 Ceterum
654 2591 844 2626 histriones
861 2589 932 2624 ete.
950 2597 1064 2633 unque
1080 2585 1127 2623 ad
1146 2586 1328 2632 aliquisne
1344 2589 1501 2622 constat:
1527 2596 1560 2621 v.
1586 2582 1751 2622 Mam-ob.
1769 2583 1846 2621 Sat.

377 2638 431 2676 iii.
457 2648 497 2683 14
516 2638 534 2685 ξ
557 2648 610 2675 ιι.
721 2647 741 2682 3
768 2637 906 2672 Fur-'ua
923 2636 1102 2671 Albinus:
1127 2645 1175 2670 sc.
1195 2633 1234 2669 in
1260 2632 1440 2669 Macrobii
1461 2632 1718 2669 Saturnalibus
1732 2630 1848 2668 inter-

379 2686 535 2723 locutor.
729 2694 773 2728 24
802 2685 1003 2719 Ciceronem
1029 2684 1120 2718 ete:
1147 2680 1246 2717 Male
1272 2678 1466 2717 intellexit
1492 2679 1626 2716 Noster
1650 2677 1847 2715 Valerium

380 2733 590 2771 Maximum
611 2742 687 2768 non
707 2730 751 2767 de
768 2731 949 2767 Cicerone
966 2729 1030 2766 ned
1049 2728 1093 2764 dc
1111 2726 1150 2764 C.
1175 2727 1296 2764 Mario
1319 2727 1561 2774 loquentcm;
1588 2738 1620 2764 v.
1637 2725 1719 2763 Val.
1744 2725 1845 2768 Max,

379 2781 419 2818 ii.
437 2791 457 2818 2
475 2779 494 2827 ξ
513 2791 532 2826 3
550 2778 1162 2826 contpiwaeselicitatinArpinum
1175 2777 1350 2817 unicum,·
1374 2777 1445 2810 sive
1458 2776 1659 2810 litterarum
1669 2774 1849 2819 qlofl'om'e·

377 2831 510 2865 nimum
536 2832 804 2873 contemptorem
832 2827 898 2865 (nc.
927 2824 1107 2870 Marium)
1130 2825 1207 2860 siue
1233 2823 1588 2860 abundaneiaeen'mum
1611 2824 1753 2869 sontem
1779 2821 1846 2868 (so,

378 2875 615 2922 Ciceronem)
634 2875 771 2910 intueri
787 2875 887 2910 uelit.

488 2956 551 2991 3¹²
