1988 3250
149 207 248 241 on.
262 198 366 254 XXI]
663 194 1099 240 POLICRATIGVS
1624 196 1706 246 807
1719 206 1750 236 a.

148 315 286 372 regni,
301 315 418 358 unde
437 315 570 358 semel
590 317 636 357 et
654 314 844 358 secundo
863 314 1079 358 militibus
1099 329 1175 358 era
1193 316 1479 372 procederent
1498 315 1605 375 (iam

147 385 264 428 enim
303 383 554 428 defecerant
592 382 822 440 donatiua)
860 383 1042 440 praedia
1089 383 1178 425 iam
1219 384 1362 428 dictae
1401 386 1605 429 ecclesiae

145 452 436 510 depopulatus
467 454 544 495 est.
602 450 813 494 Nondum
846 453 996 494 tamen
1025 451 1268 508 digesserat
1296 453 1443 495 cibum
1473 469 1605 510 quem

145 521 199 564 de
219 521 507 564 facultatibus
526 520 610 564 loci
630 523 856 576 acceperat
870 520 1052 577 ipsaque
1067 520 1139 563 die
1158 524 1397 578 antequam
1417 537 1463 565 se
1483 523 1603 565 domi

105 607 124 642 5
144 604 248 633 suae
274 590 497 647 reciperet,
525 605 637 647 quae
663 589 796 632 nimis
825 589 972 632 uicina
1000 591 1108 645 erat,
1138 592 1284 632 tactus
1313 593 1381 633 est
1407 592 1605 634 martiris

142 673 278 702 manu
312 663 357 703 et
391 659 512 703 letali
544 673 774 717 percussus
802 658 955 702 morbo
983 658 1055 702 die
1083 659 1258 702 circiter
1286 663 1444 702 octaua
1474 661 1605 704 rebus

141 729 272 773 cessit
305 731 351 772 et
381 729 489 772 uita.
550 728 668 782 Quid
700 743 846 772 moror
876 728 923 771 in
957 728 1140 786 paucis?
1199 728 1286 771 Vbi
1320 732 1439 782 sunt,
1472 734 1526 772 ut
1549 730 1605 773 de

141 798 391 842 domesticis
410 799 575 856 loquar,
593 798 846 851 Gaufridus,
860 797 979 852 Milo,
994 797 1226 851 Ranulfus,
1242 798 1424 850 Alanus,
1434 799 1602 851 Simon,

141 867 404 919 Gilebertus‚
435 882 524 911 non
559 870 652 910 tam
690 867 871 911 comites
902 867 1027 925 regni
1061 882 1194 925 quam
1226 868 1374 911 hostes
1407 868 1603 926 publici?

141 1027 166 1062 4
191 1014 282 1062 quc]
300 1025 448 1062 quoque
463 1014 518 1052 A:
545 1024 690 1069 queque
707 1013 735 1051 C
902 1023 920 1061 5
948 1015 1090 1052 tractus
1108 1013 1133 1050 S
1298 1016 1320 1052 8
1345 1014 1559 1052 Rannulfus
1577 1016 1601 1052 S

141 1063 280 1110 Symon
298 1062 338 1098 M
478 1073 502 1108 9
526 1061 754 1098 Gillebertus
770 1060 836 1098 SM

189 1201 208 1240 5
234 1198 349 1230 tactus
380 1198 430 1229 est
461 1194 625 1229 martiris
655 1203 766 1228 manu
782 1203 790 1227 :
828 1189 946 1227 minio
978 1190 1129 1228 notauit
1163 1191 1346 1228 Parkerus
1378 1191 1418 1228 in
1450 1192 1531 1229 cod.
1559 1192 1598 1230 C.

140 1241 162 1277 8
191 1241 395 1287 Gausridus
411 1242 504 1278 etc.:
530 1239 586 1276 De
602 1240 650 1276 iis
665 1251 822 1285 quorum
837 1238 901 1275 hic
915 1238 1151 1275 mentionem
1169 1239 1264 1276 facit
1282 1240 1441 1276 Ioannes
1454 1252 1487 1277 v.
1501 1241 1535 1276 J.
1551 1240 1599 1278 H.

138 1288 282 1331 Round,
311 1289 470 1334 Geoffrey
491 1289 533 1324 de
556 1287 783 1330 Mandeville,
808 1297 846 1332 p.
872 1288 952 1331 276.
1005 1288 1231 1332 Gaufridus:
1256 1287 1280 1323 i.
1294 1298 1325 1324 e.
1342 1286 1536 1324 Galfridus
1552 1288 1599 1325 de

139 1334 382 1383 Magnavissa,
398 1334 572 1372 Essexiae
589 1346 722 1377 comes,
741 1333 786 1370 de
803 1345 878 1379 quo
895 1345 927 1368 v.
955 1335 1046 1369 Gest.
1069 1335 1245 1380 Stephani
1260 1335 1318 1372 011.
1338 1334 1516 1379 Howlett,
1534 1348 1598 1382 pp.

141 1393 185 1420 10
218 1394 282 1429 seq
308 1410 317 1419 .
333 1395 341 1426 ;
370 1383 416 1419 cf.
432 1382 466 1419 J.
479 1382 524 1418 H.
540 1381 687 1425 Round,
706 1383 800 1417 Dict.
815 1382 898 1416 Nat.
918 1382 1020 1426 Bioy.
1035 1381 1157 1417 xxxvi.
1171 1392 1213 1418 22
1228 1393 1342 1428 seqq„
1360 1394 1427 1419 s.v.
1447 1383 1599 1420 Mande-

136 1429 237 1467 vile.
305 1429 355 1466 sti
375 1429 545 1466 Galfrido
571 1431 678 1472 Deus,
697 1430 740 1466 ut
764 1428 818 1464 ait
845 1430 939 1464 Gest.
963 1430 1081 1474 Steph.
1099 1432 1241 1472 auctor,
1265 1431 1416 1475 diynum
1438 1433 1599 1466 malitiae

135 1489 222 1513 suae
229 1479 345 1522 finem
361 1478 530 1524 imposuit
547 1488 581 1513 a..
602 1486 702 1521 1144.
793 1477 907 1512 Milo:
934 1475 957 1512 i.
969 1486 1002 1512 e.
1021 1475 1115 1512 Milo
1134 1476 1379 1514 Herefordiae
1396 1489 1530 1520 cometa,
1549 1478 1597 1515 de

135 1535 210 1571 quo
233 1537 266 1561 v.
288 1526 380 1562 Gest.
402 1525 520 1571 steph.
547 1525 604 1561 ed.
625 1522 805 1564 Howlett,
823 1535 887 1570 pp.
910 1533 974 1559 102
991 1535 1095 1570 seq.;
1122 1524 1170 1561 cf.
1195 1524 1230 1560 J.
1256 1524 1302 1561 H.
1330 1524 1474 1568 Round,
1501 1528 1596 1562 Dict.

134 1573 220 1609 Nat.
237 1573 339 1618 Bioq.
357 1572 431 1608 xxi.
449 1573 518 1618 438
528 1583 638 1618 seqq„
657 1582 684 1607 s.
698 1583 729 1606 v.
747 1570 976 1608 Gloucester.
1021 1571 1131 1608 Anno
1155 1582 1242 1616 1143
1260 1574 1337 1608 sine
1354 1575 1599 1619 poenitentiae

124 1621 265 1666 fluctu,
283 1622 380 1657 teste
400 1621 493 1656 Gest.
593 1621 630 1655 h.
646 1618 840 1665 scriptore,
860 1619 1111 1654 miserabiliter
1119 1622 1290 1655 occubuit.
1387 1622 1596 1666 Ranulfus:

133 1665 202 1704 i.e.
219 1678 343 1704 comes
360 1666 535 1709 Oestriae,
578 1679 599 1704 e
621 1678 696 1713 quo
720 1678 751 1702 v.
774 1667 864 1703 Gest.
889 1667 1005 1712 Steph.
1027 1666 1083 1702 ed.
1108 1666 1286 1713 Howlett‚
1303 1679 1339 1714 p.
1362 1677 1438 1712 107.
1486 1669 1597 1704 Anno

137 1723 237 1761 1153,
272 1716 316 1751 111
346 1716 474 1751 narrat
505 1713 610 1751 Gerv.
644 1714 752 1750 Cant.
786 1713 861 1759 (ed.
895 1713 1032 1750 Stubbs
1071 1713 1095 1750 i.
1128 1726 1165 1760 p.
1204 1716 1297 1761 155),
1328 1727 1398 1761 per
1418 1718 1596 1762 quendam

138 1762 356 1798 Willelmum
370 1763 598 1805 PevereIlum,
616 1767 657 1797 ut
662 1763 772 1807 sama
779 1763 871 1806 fuit,
890 1773 1025 1798 ueneno
1042 1763 1205 1807 insectus,
1219 1768 1300 1808 post
1321 1764 1452 1799 multos
1466 1775 1598 1808 aqones

133 1810 307 1846 militaris
325 1811 462 1856 ylom'ae
485 1811 549 1845 uir
571 1810 828 1855 insuperabilis
851 1810 1038 1853 audaciae,
1064 1811 1131 1844 uix
1156 1810 1233 1846 sola
1258 1815 1370 1846 morte
1393 1814 1540 1847 territus
1563 1816 1597 1847 et

131 1857 301 1900 deuictus,
319 1859 433 1893 uitam
441 1858 575 1902 finiuit
589 1858 816 1902 temporalem
832 1861 864 1892 et
879 1857 1039 1902 sepultus
1061 1862 1122 1892 est.
1217 1859 1383 1893 Alanus:
1409 1869 1533 1895 comes
1549 1858 1597 1895 de

133 1901 344 1941 Richmond
361 1906 408 1951 (v.
425 1905 569 1948 Round,
589 1905 750 1949 G‘eoffrey
765 1905 807 1939 de
823 1905 1047 1946 Mandem'lle‚
1067 1916 1103 1950 p.
1123 1903 1215 1951 157),
1229 1907 1293 1940 uir
1304 1904 1351 1949 (si
1367 1906 1462 1941 Gest.
1476 1907 1597 1952 Steph.

134 1950 191 1988 ed.
205 1951 383 1992 Howlett.
394 1963 430 1998 p.
441 1961 487 1997 72
497 1952 704 1997 credamus)
715 1953 909 1987 immensae
920 1953 1156 1988 truculentiae
1167 1957 1198 1987 et
1209 1954 1293 1988 doli.
1324 1952 1430 1988 Obiit
1440 1964 1472 1988 a.
1491 1964 1502 1989 1
1516 1955 1594 1998 146,

134 1999 178 2035 ut
195 2009 242 2034 ex
259 1997 442 2036 Chronico
460 1998 639 2036 eeclesiae
656 1998 906 2035 Namnetensi
922 2000 1038 2036 refert
1054 1999 1098 2035 G.
1115 1999 1174 2035 W.
1189 1999 1347 2036 Watson
1365 2012 1426 2046 ap.
1439 1999 1482 2036 G.
1497 1999 1539 2036 E.
1551 2001 1591 2039 C.

137 2046 310 2092 Complete
328 2048 494 2092 Peeraqe,
509 2045 558 2082 vi.
581 2055 660 2092 345,
680 2047 824 2082 Alanus
846 2058 958 2083 comes
979 2049 1019 2082 in
1039 2048 1176 2092 Anqlia
1197 2052 1301 2094 atque
1325 2050 1365 2083 in
1391 2049 1593 2084 Britannia

134 2094 411 2137 strenuissimus,
437 2095 496 2130 cui
523 2096 660 2130 meritis
689 2098 767 2130 erat
793 2095 946 2130 minoris
969 2095 1189 2130 Britanniae
1216 2096 1350 2140 reyiam
1379 2097 1593 2140 diynitatem

133 2142 364 2185 reinteqrare.
415 2142 568 2176 quenis
596 2142 737 2188 quidem
752 2142 834 2187 suit
862 2143 1130 2178 crudelissimus
1159 2147 1193 2177 et
1211 2144 1361 2188 praedo,
1386 2145 1451 2179 uir
1472 2149 1593 2179 autem

124 2188 252 2233 sactus
259 2189 339 2232 fuit
349 2193 458 2234 pater
466 2190 610 2234 patriae
626 2194 658 2224 et
674 2190 834 2224 ecclesiae
850 2190 1156 2234 uiyilantissimus
1171 2195 1321 2226 amator.
1445 2192 1568 2226 Simon
1585 2203 1594 2226 ε

134 2233 160 2270 1.
173 2245 205 2270 0.
240 2232 371 2270 Simon
401 2235 447 2272 de
483 2235 604 2272 Senlis
644 2247 767 2272 comes
801 2236 847 2272 de
887 2236 1188 2283 Northamptom
1229 2237 1275 2272 de
1308 2248 1382 2283 quo
1415 2249 1447 2275 v.
1480 2237 1518 2274 C.
1549 2238 1589 2274 L.

134 2280 348 2328 Kingsford,
367 2284 460 2318 Dict.
476 2284 559 2319 Nat.
576 2284 678 2329 Bioq.
697 2282 736 2319 li.
755 2284 835 2328 248,
853 2294 923 2329 249
940 2296 966 2320 s.
977 2296 1008 2320 v.
1028 2284 1160 2320 80111111.
1211 2284 1321 2320 Anno
1343 2294 1442 2331 1153,
1469 2287 1513 2322 ut
1535 2285 1592 2322 ait

134 2327 326 2365 Henricus
362 2329 696 2367 Huntendunensis
728 2330 799 2376 (ed.
839 2331 982 2367 Arnold
1015 2343 1051 2378 p.
1084 2331 1183 2375 288),
1217 2332 1370 2368 Henrici
1410 2332 1446 2368 II
1478 2334 1593 2369 hostes

133 2377 411 2412 immanissimos
420 2382 452 2412 et
461 2389 599 2412 summa
609 2380 770 2423 potentia
776 2380 972 2423 pmeditos,
974 2380 1024 2423 fil
1027 2380 1102 2414 ium
1111 2380 1177 2415 scil
1180 2380 1243 2415 icet
1252 2382 1345 2424 reyis
1353 2381 1594 2416 Eustachium

134 2427 167 2458 et
182 2424 361 2459 Simonem
377 2426 535 2460 comitem
556 2426 599 2459 de
619 2426 877 2471 Norhamtune,
893 2427 963 2461 Dei
979 2428 1213 2472 prouidentia
1237 2429 1293 2462 nil
1311 2428 1383 2462 tale
1404 2433 1596 2463 metuentes

133 2471 175 2506 in
191 2472 307 2506 eodem
322 2472 505 2506 demoliuit
520 2476 680 2518 tempore,
695 2474 791 2508 unde
809 2475 929 2508 uirtus
944 2479 977 2509 et
999 2485 1080 2520 spes
1102 2476 1263 2509 omnium
1286 2476 1320 2509 ei
1343 2476 1594 2511 rebellantium

133 2520 308 2554 emarcuit
338 2523 476 2555 euentu.
543 2519 690 2566 Vterque
721 2521 868 2556 iuuenis
897 2523 1016 2556 eodem
1048 2522 1166 2557 morbo
1206 2523 1327 2557 eadem
1364 2524 1594 2568 deperierunt

133 2565 362 2601 hebdomada.
506 2574 529 2610 9
556 2566 774 2602 Gilebertus:
799 2566 827 2602 i.
840 2578 872 2603 0.
891 2567 1084 2604 Gilbertus
1100 2568 1147 2604 de
1163 2567 1283 2610 Clare,
1299 2568 1421 2605 dictus
1440 2569 1592 2616 Strong·

133 2611 225 2655 bow,
255 2623 376 2648 comes
401 2611 676 2656 Pembrochiae,
703 2615 813 2667 pater
835 2613 988 2651 Ricardi
1013 2615 1117 2651 illius
1145 2615 1211 2661 qui
1236 2615 1444 2652 Hiberniae
1471 2617 1591 2653 victor

133 2658 366 2706 temporibus
382 2658 540 2695 Hem-ici
550 2658 587 2694 II
599 2659 756 2697 exstitit.
803 2661 898 2698 Vide
914 2663 1007 2698 Gest.
1017 2664 1146 2717 Steph„
1161 2663 1221 2699 ed.
1233 2663 1412 2707 Howlett,
1426 2676 1491 2710 pp.
1510 2673 1588 2708 127,

137 2708 213 2744 128.
251 2706 412 2743 Mortem
424 2705 521 2742 obiit
530 2705 763 2744 Gilbertusa..
781 2717 795 2744 1
804 2710 871 2753 148
883 2711 922 2745 01
933 2709 1036 2755 apud
1046 2709 1277 2754 Tmternam,
1291 2710 1396 2746 cuius
1409 2711 1591 2747 fundator

133 2754 258 2790 fuerat
273 2752 461 2790 Walterus
477 2754 589 2800 pater
604 2754 692 2801 eius,
707 2754 878 2801 sepultus
895 2758 950 2793 est
965 2768 974 2800 ;
997 2768 1030 2792 v.
1045 2756 1228 2803 Dugdsse,
1240 2759 1397 2794 Monast.
1410 2758 1468 2795 ed.
1487 2760 1549 2795 182
1556 2769 1588 2806 5,

132 2813 165 2838 v.
183 2810 264 2846 270.

1415 2885 1479 2920 39⁵
