1988 3250
154 227 256 261 ou.
270 214 321 276 x]
679 212 1116 258 POLICRATICVS
1644 212 1730 260 659
1749 207 1780 248 d

158 335 298 378 bonae
331 333 493 377 mentis
526 332 705 376 omnino
736 332 889 383 eiciat;
933 333 1040 374 sunt
1069 344 1182 387 quae
1211 330 1386 388 digerat
1415 331 1462 372 in
1491 345 1622 374 usum

157 417 328 446 morum
349 405 429 445 aut
448 401 722 458 eloquentiae
741 414 750 452 ;
779 402 886 442 sunt
905 413 1018 455 quae
1044 398 1256 440 indurent
1284 399 1479 441 animam
1507 402 1552 442 et
1575 400 1623 441 in

157 473 244 516 fide
264 475 310 516 et
328 471 455 516 bonis
475 470 680 527 operibus
700 469 838 512 solam
855 468 1024 511 faciant
1043 467 1320 510 cruditatem.
1364 468 1452 509 Vix
1472 471 1622 511 autem

157 541 410 585 inuenietur
435 540 647 596 scriptum
672 539 719 581 in
744 552 842 595 quo,
863 538 901 580 si
925 551 1015 580 non
1044 537 1091 578 in
1122 551 1252 579 sensu
1284 537 1355 579 uel
1386 537 1432 579 in
1462 538 1621 587 uerbis,

121 624 141 658 5
156 624 245 653 non
265 610 511 667 reperiatur
534 608 702 665 aliquid
727 607 844 664 quod
868 606 1062 663 prudens
1092 606 1229 648 lector
1256 606 1434 648 emittit.
1494 605 1621 649 Cete-

156 694 255 722 rum
286 679 388 721 libri
418 678 623 722 catholici
653 677 798 720 tutius
827 676 1038 732 leguntur
1067 679 1113 718 et
1142 675 1329 724 cautius,
1360 678 1406 717 et
1433 675 1623 731 gentiles

155 748 426 806 simplicibus
459 747 745 805 periculosius
779 749 962 803 patent3
1006 744 1082 787 sed
1117 745 1163 786 in
1197 744 1397 801 utrisque
1429 745 1622 787 exerceri
1641 743 1731 782 660
1752 754 1782 781 a

154 818 424 861 fidelioribus
443 817 633 874 ingeniis
652 816 938 859 utilissimum
959 817 1038 858 est.
1102 814 1219 856 Nam
1247 814 1469 870 exquisita
1493 814 1623 856 lectio

155 887 428 944 singulorum
459 886 773 935 doctissimum,
794 887 926 928 cauta
955 883 1111 927 electio
1141 883 1373 926 meliorum
1403 883 1622 940 optimum

99 977 140 1002 10
157 955 277 1000 facit.
353 956 416 999 Vt
455 955 571 998 enim
611 955 659 998 in
698 955 812 998 libro
853 953 1210 997 Saturnaliorum
1251 956 1296 996 et
1338 952 1385 994 in
1425 953 1624 1009 epistolis

157 1025 346 1069 Senecae
376 1025 432 1068 ad
472 1024 690 1068 Lucilium
720 1024 896 1082 legitur,
927 1037 1032 1080 apes
1062 1021 1385 1079 quodammodo
1414 1021 1626 1065 debemus

155 1094 334 1145 imitari,
364 1108 476 1151 quae
505 1097 730 1151 uagantur
759 1095 804 1136 et
832 1092 962 1135 flores
991 1095 1192 1148 carpunt,
1223 1090 1382 1133 deinde
1414 1091 1624 1148 quicquid

155 1163 354 1207 adtulere
373 1163 615 1220 disponunt
635 1165 681 1205 et
700 1177 779 1219 per
799 1161 928 1204 fauos
947 1161 1158 1203 diuidunt
1178 1164 1224 1203 et
1250 1175 1426 1203 succum
1448 1161 1624 1203 uarium

155 1233 204 1275 in
229 1247 368 1275 unum
393 1247 592 1290 saporem
620 1232 820 1274 mixtura
847 1230 1038 1288 quadam
1063 1234 1109 1273 et
1139 1230 1411 1287 proprietate
1440 1230 1625 1287 spiritus

99 1318 140 1355 15
156 1301 225 1344 sui
254 1303 442 1344 mutant.
501 1301 595 1344 Nos
624 1315 809 1358 quoque,
829 1299 1039 1357 quicquid
1069 1299 1246 1342 diuersa
1275 1299 1460 1342 lectione
1491 1313 1623 1356 quae-

155 1371 351 1422 siuimus‚
364 1373 672 1414 conuertamus
693 1370 739 1412 in
760 1385 889 1412 usum
911 1368 1095 1412 uirtutis
1116 1372 1167 1412 ut
1187 1369 1336 1411 omnia
1356 1369 1403 1411 in
1423 1369 1623 1411 ordinem

154 1440 445 1498 gerendorum
466 1440 651 1483 rationis
671 1439 834 1482 iudicio
859 1439 1086 1496 digerente
1113 1438 1373 1482 coalescant.
1432 1438 1550 1481 Nam
1578 1442 1625 1482 et

156 1510 204 1553 in
223 1510 371 1554 animo
390 1510 548 1553 melius
574 1510 787 1553 distincta
817 1511 1067 1558 seruantur,
1087 1512 1132 1550 et
1162 1508 1259 1565 ipsa
1279 1508 1507 1551 distinctio
1535 1524 1624 1551 non

156 1579 250 1623 sine
279 1579 468 1637 quodam
499 1579 729 1632 fermento,
757 1593 844 1636 quo
871 1578 1078 1622 conditur
1107 1578 1387 1628 uniuersitas,
1414 1578 1460 1620 in
1491 1578 1624 1621 unius

98 1669 141 1695 ρο
157 1649 324 1707 saporis
352 1663 482 1692 usum
511 1649 638 1692 uaria
666 1649 908 1691 libamenta
936 1647 1171 1691 confundit
1201 1651 1264 1698 ut,
1283 1648 1458 1691 etiamsi
1489 1663 1623 1705 appa·
1640 1652 1669 1691 b

156 1718 297 1761 ruerit
334 1718 452 1762 unde
490 1721 717 1775 sumptum
757 1718 829 1768 sit,
863 1717 986 1760 aliud
1020 1720 1171 1760 tamen
1207 1731 1299 1760 esse
1335 1732 1468 1774 quam
1505 1717 1622 1760 unde

155 1789 381 1844 sumptum
401 1791 606 1831 noscetur
625 1790 849 1845 appareat,
871 1787 988 1843 quod
1014 1787 1060 1829 in
1091 1801 1271 1844 corpore
1298 1790 1450 1829 nostro
1478 1786 1623 1830 facere

154 1856 356 1900 uidemus
379 1857 474 1900 sine
497 1857 617 1900 omni
645 1871 778 1914 opera
804 1860 957 1900 nostra
983 1860 1202 1899 naturam.
1262 1856 1489 1899 Alimenta
1510 1871 1623 1912 quae

155 1925 403 1983 accipimus,
433 1926 644 1983 quamdiu
669 1926 717 1968 in
741 1940 822 1969 sua
848 1926 1064 1982 qualitate
1090 1928 1378 1983 perseuerant
1407 1929 1452 1968 et
1481 1925 1623 1968 solida

99 2014 140 2050 ²5
156 1994 374 2046 innatant,
406 1995 521 2039 male
555 1999 749 2039 stomaco
780 1995 903 2038 oneri
936 1998 1042 2038 sunt
1055 2010 1065 2047 ;
1109 1998 1157 2038 at
1191 2010 1291 2038 cum
1322 2010 1378 2038 ex
1414 2010 1465 2038 eo
1504 1995 1622 2052 quod

155 2067 282 2108 erant
300 2067 474 2108 mutata
494 2068 616 2118 sunt,
626 2067 724 2108 tum
740 2065 918 2107 demum
939 2065 986 2107 in
1006 2065 1126 2108 uires
1146 2068 1404 2116 transeunt;
1440 2066 1623 2122 sanguis

155 2133 272 2176 enim
301 2148 357 2177 ex
383 2134 537 2177 diuino
560 2134 771 2177 mandato
794 2134 1021 2178 diducitur
1050 2134 1156 2176 dum
1187 2134 1301 2177 uitia
1330 2134 1622 2178 declinantur.

157 2201 311 2245 Pastor
341 2202 557 2246 Ecclesiae
586 2203 764 2261 reptilia
792 2206 838 2246 et
866 2203 1097 2246 immunda
1126 2206 1321 2246 mactare
1351 2204 1624 2260 praecipitur

155 2273 201 2313 et
234 2271 483 2324 comedere;
527 2272 655 2328 quod,
685 2272 788 2316 licet
820 2272 876 2315 ad
906 2272 1182 2315 uocationem
1212 2272 1414 2329 gentium
1444 2273 1622 2330 proprie

95 2358 140 2392 30
156 2339 385 2391 referatur,
409 2341 481 2383 uel
509 2341 699 2398 exempli
723 2341 1035 2385 conformitate
1065 2341 1220 2385 docere
1245 2344 1394 2398 potest
1418 2346 1470 2384 ut
1494 2342 1621 2399 iugu-

155 2408 258 2452 latis
287 2410 507 2453 erroribus
536 2410 771 2468 gentilium
801 2410 1011 2468 dogmata
1040 2425 1319 2467 nequaquam
1350 2410 1620 2455 horreamus,

155 2477 275 2520 Dum
295 2478 601 2530 innocentiam,
622 2479 940 2538 frugalitatem,
960 2483 1263 2537 contemptum
1284 2480 1439 2522 mundi
1460 2480 1620 2524 docent

156 2591 182 2664 ἑ
197 2587 280 2628 post
310 2583 351 2618 et
375 2584 459 2619 aad.
488 2582 530 2618 in
555 2581 600 2618 A¹
834 2582 1121 2665 ςῦρροτίειωι·
1150 2583 1182 2618 A
1393 2594 1436 2620 22
1463 2586 1620 2630 nuptum

323 2639 343 2664 2
351 2637 368 2674 5
394 2629 494 2665 mala
510 2628 548 2665 S¹
642 2629 836 2667 stomacho
852 2630 884 2664 A

209 2721 260 2752 ιο,
282 2720 319 2746 11
347 2711 388 2745 in
412 2712 570 2756 epistolis
591 2712 766 2747 Senecae·
793 2724 824 2747 v.
843 2710 926 2748 Sen.
945 2713 1016 2756 Ep.
1035 2712 1091 2755 84.
1109 2709 1149 2758 ἕξ
1171 2719 1203 2756 5,
1220 2712 1254 2748 6.
1468 2722 1506 2748 11
1535 2724 1622 2757 apes

157 2758 227 2794 etc.
257 2768 372 2802 usque
401 2757 448 2793 ad
475 2763 680 2794 transeunt·
717 2759 884 2795 Macrob.
908 2723 1005 2795 δαὴρ
1012 2758 1037 2794 i.
1068 2758 1184 2804 praef.
1213 2758 1254 2804 §§
1286 2767 1329 2804 5-
1332 2767 1365 2802 7.
1505 2769 1549 2803 27
1575 2772 1621 2793 ea:

155 2805 284 2840 diuino
301 2805 489 2840 mandato·
515 2817 548 2840 v.
566 2804 656 2842 Gen.
675 2805 725 2843 ix.
743 2817 776 2851 4.
881 2807 926 2843 28
951 2807 1080 2842 Pastor
1094 2807 1297 2842 Ecclesiae:
1320 2805 1390 2841 Le.
1409 2805 1445 2841 S.
1466 2806 1621 2848 Petrus;

155 2863 189 2888 v.
205 2850 290 2888 Act.
309 2850 404 2898 App.
423 2862 458 2887 x.
479 2862 519 2889 ιι
534 2863 635 2898 seqq

1446 2932 1509 2965 ¹33
