<?xml version="1.0" encoding="UTF-8"?>
<!DOCTYPE html PUBLIC "-//W3C//DTD XHTML 1.0 Transitional//EN"
    "http://www.w3.org/TR/xhtml1/DTD/xhtml1-transitional.dtd">
<html xmlns="http://www.w3.org/1999/xhtml" xml:lang="en" lang="en">
 <head>
  <title>
</title>
<meta http-equiv="Content-Type" content="text/html;charset=utf-8" />
  <meta name='ocr-system' content='tesseract 3.04.00' />
  <meta name='ocr-capabilities' content='ocr_page ocr_carea ocr_par ocr_line ocrx_word'/>
</head>
<body>
  <div class='ocr_page' id='page_1' title='image "./policraticisived02john_0105.png"; bbox 0 0 1988 3250; ppageno 0'>
   <div class='ocr_carea' id='block_1_1' title="bbox 195 208 1822 270">
    <p class='ocr_par' dir='ltr' id='par_1_1' title="bbox 195 208 1822 270">
     <span class='ocr_line' id='line_1_1' title="bbox 195 208 1822 270; baseline -0.004 -14"><span class='ocrx_word' id='word_1_1' title='bbox 195 221 296 257; x_wconf 64' lang='lat' dir='ltr'><strong>on.</strong></span> <span class='ocrx_word' id='word_1_2' title='bbox 311 208 350 270; x_wconf 91' lang='lat'><strong>1]</strong></span> <span class='ocrx_word' id='word_1_3' title='bbox 719 208 1159 254; x_wconf 72' lang='lat' dir='ltr'><strong>PomossATIovs</strong></span> <span class='ocrx_word' id='word_1_4' title='bbox 1689 210 1775 260; x_wconf 81' lang='lat'><strong>637</strong></span> <span class='ocrx_word' id='word_1_5' title='bbox 1792 219 1822 250; x_wconf 71' lang='lat' dir='ltr'><strong>a</strong></span> 
     </span>
    </p>
   </div>
   <div class='ocr_carea' id='block_1_2' title="bbox 139 328 1718 2052">
    <p class='ocr_par' dir='ltr' id='par_1_2' title="bbox 139 328 1718 2052">
     <span class='ocr_line' id='line_1_2' title="bbox 195 328 1669 388; baseline -0.003 -13"><span class='ocrx_word' id='word_1_6' title='bbox 195 333 397 375; x_wconf 90' lang='lat' dir='ltr'><strong>auctores</strong></span> <span class='ocrx_word' id='word_1_7' title='bbox 436 330 523 388; x_wconf 87' lang='lat' dir='ltr'><strong>legi</strong></span> <span class='ocrx_word' id='word_1_8' title='bbox 559 330 616 374; x_wconf 87' lang='lat' dir='ltr'><strong>ad</strong></span> <span class='ocrx_word' id='word_1_9' title='bbox 651 330 895 374; x_wconf 82' lang='lat' dir='ltr'><strong>utilitatem</strong></span> <span class='ocrx_word' id='word_1_10' title='bbox 935 328 1179 386; x_wconf 87' lang='lat' dir='ltr'><strong>legentium</strong></span> <span class='ocrx_word' id='word_1_11' title='bbox 1212 328 1307 371; x_wconf 90' lang='lat' dir='ltr'><strong>sine</strong></span> <span class='ocrx_word' id='word_1_12' title='bbox 1342 328 1515 371; x_wconf 84' lang='lat' dir='ltr'><strong>inuidia</strong></span> <span class='ocrx_word' id='word_1_13' title='bbox 1553 342 1669 372; x_wconf 88' lang='lat' dir='ltr'><strong>com-</strong></span> 
     </span>
     <span class='ocr_line' id='line_1_3' title="bbox 195 397 1716 456; baseline -0.003 -14"><span class='ocrx_word' id='word_1_14' title='bbox 195 399 420 443; x_wconf 87' lang='lat' dir='ltr'><strong>municare</strong></span> <span class='ocrx_word' id='word_1_15' title='bbox 450 399 670 456; x_wconf 84' lang='lat' dir='ltr'>proposui.</span> <span class='ocrx_word' id='word_1_16' title='bbox 729 398 847 441; x_wconf 90' lang='lat' dir='ltr'><strong>Nam</strong></span> <span class='ocrx_word' id='word_1_17' title='bbox 873 400 919 440; x_wconf 92' lang='lat' dir='ltr'><strong>et</strong></span> <span class='ocrx_word' id='word_1_18' title='bbox 946 397 1186 453; x_wconf 72' lang='lat' dir='ltr'>Apostolus</span> <span class='ocrx_word' id='word_1_19' title='bbox 1213 411 1326 440; x_wconf 90' lang='lat' dir='ltr'><strong>non:</strong></span> <span class='ocrx_word' id='word_1_20' title='bbox 1357 397 1670 453; x_wconf 80' lang='lat' dir='ltr'><strong>Quaecumque</strong></span> <span class='ocrx_word' id='word_1_21' title='bbox 1687 399 1716 438; x_wconf 90' lang='lat' dir='ltr'><strong>b</strong></span> 
     </span>
     <span class='ocr_line' id='line_1_4' title="bbox 194 465 1672 526; baseline -0.002 -14"><span class='ocrx_word' id='word_1_22' title='bbox 194 469 360 526; x_wconf 86' lang='lat' dir='ltr'><strong>scripta</strong></span> <span class='ocrx_word' id='word_1_23' title='bbox 389 472 496 512; x_wconf 85' lang='lat' dir='ltr'><strong>sunt</strong></span> <span class='ocrx_word' id='word_1_24' title='bbox 524 483 632 511; x_wconf 88' lang='lat' dir='ltr'><strong>uera</strong></span> <span class='ocrx_word' id='word_1_25' title='bbox 662 470 781 518; x_wconf 87' lang='lat' dir='ltr'><strong>sunt,</strong></span> <span class='ocrx_word' id='word_1_26' title='bbox 803 467 880 516; x_wconf 88' lang='lat' dir='ltr'><strong>ait,</strong></span> <span class='ocrx_word' id='word_1_27' title='bbox 900 466 1001 509; x_wconf 87' lang='lat' dir='ltr'><strong>sed:</strong></span> <span class='ocrx_word' id='word_1_28' title='bbox 1032 465 1346 522; x_wconf 79' lang='lat' dir='ltr'><strong>Quaecumque</strong></span> <span class='ocrx_word' id='word_1_29' title='bbox 1371 466 1537 522; x_wconf 90' lang='lat' dir='ltr'><strong>scripta</strong></span> <span class='ocrx_word' id='word_1_30' title='bbox 1565 470 1672 509; x_wconf 89' lang='lat' dir='ltr'><strong>sunt</strong></span> 
     </span>
     <span class='ocr_line' id='line_1_5' title="bbox 195 534 1671 593; baseline -0.003 -12"><span class='ocrx_word' id='word_1_31' title='bbox 195 537 253 581; x_wconf 90' lang='lat' dir='ltr'><strong>ad</strong></span> <span class='ocrx_word' id='word_1_32' title='bbox 273 540 471 580; x_wconf 87' lang='lat' dir='ltr'><strong>nostram</strong></span> <span class='ocrx_word' id='word_1_33' title='bbox 493 537 740 580; x_wconf 75' lang='lat' dir='ltr'><strong>doctrinam</strong></span> <span class='ocrx_word' id='word_1_34' title='bbox 767 536 934 593; x_wconf 88' lang='lat' dir='ltr'><strong>scripta</strong></span> <span class='ocrx_word' id='word_1_35' title='bbox 953 539 1083 587; x_wconf 90' lang='lat' dir='ltr'><strong>sunt;</strong></span> <span class='ocrx_word' id='word_1_36' title='bbox 1113 534 1217 578; x_wconf 90' lang='lat' dir='ltr'><strong>licet</strong></span> <span class='ocrx_word' id='word_1_37' title='bbox 1229 534 1499 578; x_wconf 86' lang='lat' dir='ltr'><strong>uniuersitas</strong></span> <span class='ocrx_word' id='word_1_38' title='bbox 1520 549 1671 578; x_wconf 90' lang='lat' dir='ltr'><strong>eorum</strong></span> 
     </span>
     <span class='ocr_line' id='line_1_6' title="bbox 157 603 1672 664; baseline -0.003 -14"><span class='ocrx_word' id='word_1_39' title='bbox 157 621 179 659; x_wconf 64' lang='grc' dir='ltr'>ι</span> <span class='ocrx_word' id='word_1_40' title='bbox 199 606 254 650; x_wconf 91' lang='lat' dir='ltr'><strong>de</strong></span> <span class='ocrx_word' id='word_1_41' title='bbox 284 607 445 664; x_wconf 86' lang='lat' dir='ltr'><strong>quibus</strong></span> <span class='ocrx_word' id='word_1_42' title='bbox 476 605 675 663; x_wconf 91' lang='lat' dir='ltr'><strong>loquitur</strong></span> <span class='ocrx_word' id='word_1_43' title='bbox 703 605 761 649; x_wconf 88' lang='lat' dir='ltr'><strong>ad</strong></span> <span class='ocrx_word' id='word_1_44' title='bbox 791 605 868 648; x_wconf 89' lang='lat' dir='ltr'><strong>illa</strong></span> <span class='ocrx_word' id='word_1_45' title='bbox 899 605 992 648; x_wconf 87' lang='lat' dir='ltr'><strong>sola</strong></span> <span class='ocrx_word' id='word_1_46' title='bbox 1019 604 1160 661; x_wconf 87' lang='lat' dir='ltr'><strong>possit</strong></span> <span class='ocrx_word' id='word_1_47' title='bbox 1189 603 1329 647; x_wconf 89' lang='lat' dir='ltr'><strong>artari</strong></span> <span class='ocrx_word' id='word_1_48' title='bbox 1357 618 1471 660; x_wconf 90' lang='lat' dir='ltr'><strong>quae</strong></span> <span class='ocrx_word' id='word_1_49' title='bbox 1501 604 1548 646; x_wconf 90' lang='lat' dir='ltr'><strong>in</strong></span> <span class='ocrx_word' id='word_1_50' title='bbox 1577 603 1672 660; x_wconf 88' lang='lat' dir='ltr'><strong>lege</strong></span> 
     </span>
     <span class='ocr_line' id='line_1_7' title="bbox 195 673 1673 734; baseline -0.002 -15"><span class='ocrx_word' id='word_1_51' title='bbox 195 675 360 734; x_wconf 87' lang='lat' dir='ltr'><strong>scripta</strong></span> <span class='ocrx_word' id='word_1_52' title='bbox 380 679 487 719; x_wconf 86' lang='lat' dir='ltr'><strong>sunt</strong></span> <span class='ocrx_word' id='word_1_53' title='bbox 507 678 552 719; x_wconf 91' lang='lat' dir='ltr'><strong>et</strong></span> <span class='ocrx_word' id='word_1_54' title='bbox 573 675 812 733; x_wconf 87' lang='lat' dir='ltr'><strong>prophetis,</strong></span> <span class='ocrx_word' id='word_1_55' title='bbox 826 675 881 718; x_wconf 92' lang='lat' dir='ltr'><strong>de</strong></span> <span class='ocrx_word' id='word_1_56' title='bbox 909 689 1097 731; x_wconf 90' lang='lat' dir='ltr'><strong>quorum</strong></span> <span class='ocrx_word' id='word_1_57' title='bbox 1119 674 1310 717; x_wconf 87' lang='lat' dir='ltr'><strong>ueritate</strong></span> <span class='ocrx_word' id='word_1_58' title='bbox 1332 688 1462 716; x_wconf 89' lang='lat' dir='ltr'><strong>nemo</strong></span> <span class='ocrx_word' id='word_1_59' title='bbox 1482 673 1673 729; x_wconf 86' lang='lat' dir='ltr'><strong>ambigit</strong></span> 
     </span>
     <span class='ocr_line' id='line_1_8' title="bbox 199 742 1673 802; baseline -0.003 -14"><span class='ocrx_word' id='word_1_60' title='bbox 199 745 287 789; x_wconf 90' lang='lat' dir='ltr'><strong>nisi</strong></span> <span class='ocrx_word' id='word_1_61' title='bbox 322 744 398 802; x_wconf 91' lang='lat' dir='ltr'><strong>qui</strong></span> <span class='ocrx_word' id='word_1_62' title='bbox 431 744 534 788; x_wconf 89' lang='lat' dir='ltr'><strong>fidei</strong></span> <span class='ocrx_word' id='word_1_63' title='bbox 569 744 811 788; x_wconf 87' lang='lat' dir='ltr'><strong>catholicae</strong></span> <span class='ocrx_word' id='word_1_64' title='bbox 846 759 935 787; x_wconf 91' lang='lat' dir='ltr'><strong>non</strong></span> <span class='ocrx_word' id='word_1_65' title='bbox 970 743 1219 787; x_wconf 83' lang='lat' dir='ltr'><strong>concordat.</strong></span> <span class='ocrx_word' id='word_1_66' title='bbox 1292 742 1521 795; x_wconf 75' lang='lat' dir='ltr'><strong>Quaedam</strong></span> <span class='ocrx_word' id='word_1_67' title='bbox 1554 756 1673 791; x_wconf 87' lang='lat' dir='ltr'><strong>uero,</strong></span> 
     </span>
     <span class='ocr_line' id='line_1_9' title="bbox 197 811 1675 872; baseline -0.003 -14"><span class='ocrx_word' id='word_1_68' title='bbox 197 829 309 872; x_wconf 88' lang='lat' dir='ltr'><strong>quae</strong></span> <span class='ocrx_word' id='word_1_69' title='bbox 339 814 387 857; x_wconf 92' lang='lat' dir='ltr'><strong>in</strong></span> <span class='ocrx_word' id='word_1_70' title='bbox 417 814 542 858; x_wconf 88' lang='lat' dir='ltr'><strong>libris</strong></span> <span class='ocrx_word' id='word_1_71' title='bbox 571 818 804 858; x_wconf 88' lang='lat' dir='ltr'><strong>auctorum</strong></span> <span class='ocrx_word' id='word_1_72' title='bbox 834 828 923 856; x_wconf 91' lang='lat' dir='ltr'><strong>non</strong></span> <span class='ocrx_word' id='word_1_73' title='bbox 954 812 1141 870; x_wconf 87' lang='lat' dir='ltr'><strong>repperi,</strong></span> <span class='ocrx_word' id='word_1_74' title='bbox 1172 827 1229 855; x_wconf 85' lang='lat' dir='ltr'><strong>ex</strong></span> <span class='ocrx_word' id='word_1_75' title='bbox 1260 826 1344 855; x_wconf 87' lang='lat' dir='ltr'><strong>usu</strong></span> <span class='ocrx_word' id='word_1_76' title='bbox 1374 811 1599 855; x_wconf 87' lang='lat' dir='ltr'><strong>cotidiano</strong></span> <span class='ocrx_word' id='word_1_77' title='bbox 1628 814 1675 854; x_wconf 91' lang='lat' dir='ltr'><strong>et</strong></span> 
     </span>
     <span class='ocr_line' id='line_1_10' title="bbox 196 881 1674 941; baseline -0.003 -14"><span class='ocrx_word' id='word_1_78' title='bbox 196 897 345 928; x_wconf 88' lang='lat' dir='ltr'><strong>rerum</strong></span> <span class='ocrx_word' id='word_1_79' title='bbox 385 883 662 941; x_wconf 86' lang='lat' dir='ltr'><strong>experientia</strong></span> <span class='ocrx_word' id='word_1_80' title='bbox 701 883 827 940; x_wconf 82' lang='lat' dir='ltr'><strong>quasi</strong></span> <span class='ocrx_word' id='word_1_81' title='bbox 857 882 912 926; x_wconf 92' lang='lat' dir='ltr'><strong>de</strong></span> <span class='ocrx_word' id='word_1_82' title='bbox 943 882 1134 939; x_wconf 89' lang='lat' dir='ltr'><strong>quadam</strong></span> <span class='ocrx_word' id='word_1_83' title='bbox 1165 896 1338 924; x_wconf 88' lang='lat' dir='ltr'><strong>morum</strong></span> <span class='ocrx_word' id='word_1_84' title='bbox 1370 881 1557 924; x_wconf 85' lang='lat' dir='ltr'><strong>historia</strong></span> <span class='ocrx_word' id='word_1_85' title='bbox 1596 895 1674 925; x_wconf 81' lang='lat' dir='ltr'><strong>ex-</strong></span> 
     </span>
     <span class='ocr_line' id='line_1_11' title="bbox 139 950 1674 1010; baseline -0.003 -12"><span class='ocrx_word' id='word_1_86' title='bbox 139 970 182 999; x_wconf 74' lang='grc' dir='ltr'><strong>ιο</strong></span> <span class='ocrx_word' id='word_1_87' title='bbox 197 953 350 1010; x_wconf 86' lang='lat' dir='ltr'><strong>cerpsi.</strong></span> <span class='ocrx_word' id='word_1_88' title='bbox 421 952 471 996; x_wconf 84' lang='lat' dir='ltr'><strong>Si</strong></span> <span class='ocrx_word' id='word_1_89' title='bbox 507 967 596 1010; x_wconf 86' lang='lat' dir='ltr'><strong>qua</strong></span> <span class='ocrx_word' id='word_1_90' title='bbox 628 967 735 996; x_wconf 87' lang='lat' dir='ltr'><strong>uero</strong></span> <span class='ocrx_word' id='word_1_91' title='bbox 774 952 831 995; x_wconf 88' lang='lat' dir='ltr'><strong>ad</strong></span> <span class='ocrx_word' id='word_1_92' title='bbox 863 952 1084 1010; x_wconf 88' lang='lat' dir='ltr'><strong>grauioris</strong></span> <span class='ocrx_word' id='word_1_93' title='bbox 1115 950 1422 1008; x_wconf 80' lang='lat' dir='ltr'>philosophiae</span> <span class='ocrx_word' id='word_1_94' title='bbox 1457 950 1674 994; x_wconf 83' lang='lat' dir='ltr'><strong>exercita·</strong></span> 
     </span>
     <span class='ocr_line' id='line_1_12' title="bbox 195 1020 1674 1072; baseline -0.002 -7"><span class='ocrx_word' id='word_1_95' title='bbox 195 1021 363 1066; x_wconf 87' lang='lat' dir='ltr'><strong>tionem</strong></span> <span class='ocrx_word' id='word_1_96' title='bbox 401 1021 614 1065; x_wconf 90' lang='lat' dir='ltr'><strong>uidentur</strong></span> <span class='ocrx_word' id='word_1_97' title='bbox 645 1022 860 1072; x_wconf 87' lang='lat' dir='ltr'><strong>accedere,</strong></span> <span class='ocrx_word' id='word_1_98' title='bbox 891 1021 1286 1065; x_wconf 87' lang='lat' dir='ltr'><strong>Achademicorum</strong></span> <span class='ocrx_word' id='word_1_99' title='bbox 1330 1035 1450 1063; x_wconf 90' lang='lat' dir='ltr'><strong>more</strong></span> <span class='ocrx_word' id='word_1_100' title='bbox 1491 1020 1674 1063; x_wconf 85' lang='lat' dir='ltr'><strong>inuesti-</strong></span> 
     </span>
     <span class='ocr_line' id='line_1_13' title="bbox 195 1089 1674 1150; baseline -0.001 -16"><span class='ocrx_word' id='word_1_101' title='bbox 195 1091 332 1150; x_wconf 80' lang='lat' dir='ltr'><strong>gandi</strong></span> <span class='ocrx_word' id='word_1_102' title='bbox 359 1091 508 1135; x_wconf 88' lang='lat' dir='ltr'><strong>animo</strong></span> <span class='ocrx_word' id='word_1_103' title='bbox 531 1106 665 1148; x_wconf 88' lang='lat' dir='ltr'><strong>quam</strong></span> <span class='ocrx_word' id='word_1_104' title='bbox 695 1091 943 1148; x_wconf 76' lang='lat' dir='ltr'><strong>peruicacia</strong></span> <span class='ocrx_word' id='word_1_105' title='bbox 970 1089 1266 1134; x_wconf 88' lang='lat' dir='ltr'><strong>contendendi</strong></span> <span class='ocrx_word' id='word_1_106' title='bbox 1294 1090 1356 1133; x_wconf 87' lang='lat' dir='ltr'><strong>sic</strong></span> <span class='ocrx_word' id='word_1_107' title='bbox 1384 1093 1556 1133; x_wconf 87' lang='lat' dir='ltr'><strong>constet</strong></span> <span class='ocrx_word' id='word_1_108' title='bbox 1580 1104 1674 1133; x_wconf 89' lang='lat' dir='ltr'><strong>esse</strong></span> 
     </span>
     <span class='ocr_line' id='line_1_14' title="bbox 197 1159 1674 1218; baseline -0.001 -14"><span class='ocrx_word' id='word_1_109' title='bbox 197 1160 424 1218; x_wconf 87' lang='lat' dir='ltr'><strong>proposita</strong></span> <span class='ocrx_word' id='word_1_110' title='bbox 450 1164 503 1204; x_wconf 88' lang='lat' dir='ltr'><strong>ut</strong></span> <span class='ocrx_word' id='word_1_111' title='bbox 521 1161 569 1204; x_wconf 91' lang='lat' dir='ltr'><strong>in</strong></span> <span class='ocrx_word' id='word_1_112' title='bbox 589 1161 964 1204; x_wconf 88' lang='lat' dir='ltr'><strong>examinationem</strong></span> <span class='ocrx_word' id='word_1_113' title='bbox 992 1159 1088 1202; x_wconf 87' lang='lat' dir='ltr'><strong>ueri</strong></span> <span class='ocrx_word' id='word_1_114' title='bbox 1116 1174 1246 1202; x_wconf 87' lang='lat' dir='ltr'><strong>suum</strong></span> <span class='ocrx_word' id='word_1_115' title='bbox 1274 1159 1433 1216; x_wconf 91' lang='lat' dir='ltr'><strong>cuique</strong></span> <span class='ocrx_word' id='word_1_116' title='bbox 1461 1159 1674 1202; x_wconf 84' lang='lat' dir='ltr'><strong>iudicium</strong></span> 
     </span>
     <span class='ocr_line' id='line_1_15' title="bbox 198 1228 1675 1274; baseline -0.003 0"><span class='ocrx_word' id='word_1_117' title='bbox 198 1229 385 1274; x_wconf 80' lang='lat' dir='ltr'><strong>liberum</strong></span> <span class='ocrx_word' id='word_1_118' title='bbox 406 1232 658 1274; x_wconf 90' lang='lat' dir='ltr'><strong>reseruetur</strong></span> <span class='ocrx_word' id='word_1_119' title='bbox 677 1233 723 1274; x_wconf 90' lang='lat' dir='ltr'><strong>et</strong></span> <span class='ocrx_word' id='word_1_120' title='bbox 744 1230 917 1273; x_wconf 88' lang='lat' dir='ltr'><strong>inutilis</strong></span> <span class='ocrx_word' id='word_1_121' title='bbox 933 1229 1220 1273; x_wconf 74' lang='lat' dir='ltr'><strong>scribentium</strong></span> <span class='ocrx_word' id='word_1_122' title='bbox 1237 1232 1469 1273; x_wconf 78' lang='lat' dir='ltr'><strong>censeatur</strong></span> <span class='ocrx_word' id='word_1_123' title='bbox 1484 1228 1675 1271; x_wconf 73' lang='lat' dir='ltr'><strong>auctori-</strong></span> 
     </span>
     <span class='ocr_line' id='line_1_16' title="bbox 141 1298 1718 1357; baseline -0.002 -15"><span class='ocrx_word' id='word_1_124' title='bbox 141 1314 182 1351; x_wconf 64' lang='grc' dir='ltr'><strong>τε</strong></span> <span class='ocrx_word' id='word_1_125' title='bbox 200 1302 271 1344; x_wconf 84' lang='lat' dir='ltr'><strong>tas</strong></span> <span class='ocrx_word' id='word_1_126' title='bbox 290 1299 367 1343; x_wconf 90' lang='lat' dir='ltr'><strong>ubi</strong></span> <span class='ocrx_word' id='word_1_127' title='bbox 389 1300 611 1343; x_wconf 88' lang='lat' dir='ltr'><strong>sententia</strong></span> <span class='ocrx_word' id='word_1_128' title='bbox 632 1300 779 1357; x_wconf 87' lang='lat' dir='ltr'><strong>potior</strong></span> <span class='ocrx_word' id='word_1_129' title='bbox 798 1299 1066 1356; x_wconf 74' lang='lat' dir='ltr'><strong>refragatur.</strong></span> <span class='ocrx_word' id='word_1_130' title='bbox 1126 1298 1408 1356; x_wconf 86' lang='lat' dir='ltr'><strong>Propositum</strong></span> <span class='ocrx_word' id='word_1_131' title='bbox 1430 1301 1498 1340; x_wconf 89' lang='lat' dir='ltr'><strong>est</strong></span> <span class='ocrx_word' id='word_1_132' title='bbox 1524 1300 1675 1340; x_wconf 89' lang='lat' dir='ltr'><strong>tamen</strong></span> <span class='ocrx_word' id='word_1_133' title='bbox 1693 1308 1718 1339; x_wconf 84' lang='lat' dir='ltr'><strong>e</strong></span> 
     </span>
     <span class='ocr_line' id='line_1_17' title="bbox 199 1367 1675 1426; baseline -0.001 -13"><span class='ocrx_word' id='word_1_134' title='bbox 199 1368 248 1414; x_wconf 89' lang='lat' dir='ltr'><strong>in</strong></span> <span class='ocrx_word' id='word_1_135' title='bbox 267 1369 338 1413; x_wconf 87' lang='lat' dir='ltr'><strong>his</strong></span> <span class='ocrx_word' id='word_1_136' title='bbox 356 1369 590 1426; x_wconf 82' lang='lat' dir='ltr'><strong>praecipue</strong></span> <span class='ocrx_word' id='word_1_137' title='bbox 611 1369 780 1412; x_wconf 87' lang='lat' dir='ltr'><strong>uersari</strong></span> <span class='ocrx_word' id='word_1_138' title='bbox 801 1369 920 1412; x_wconf 88' lang='lat' dir='ltr'><strong>unde</strong></span> <span class='ocrx_word' id='word_1_139' title='bbox 935 1368 1174 1426; x_wconf 88' lang='lat' dir='ltr'><strong>perniciem</strong></span> <span class='ocrx_word' id='word_1_140' title='bbox 1196 1382 1319 1411; x_wconf 89' lang='lat' dir='ltr'><strong>error</strong></span> <span class='ocrx_word' id='word_1_141' title='bbox 1334 1382 1423 1410; x_wconf 91' lang='lat' dir='ltr'><strong>non</strong></span> <span class='ocrx_word' id='word_1_142' title='bbox 1439 1367 1675 1417; x_wconf 86' lang='lat' dir='ltr'><strong>contrahit,</strong></span> 
     </span>
     <span class='ocr_line' id='line_1_18' title="bbox 200 1436 1676 1495; baseline -0.003 -12"><span class='ocrx_word' id='word_1_143' title='bbox 200 1440 247 1483; x_wconf 80' lang='lat' dir='ltr'><strong>et</strong></span> <span class='ocrx_word' id='word_1_144' title='bbox 281 1438 338 1482; x_wconf 87' lang='lat' dir='ltr'><strong>ad</strong></span> <span class='ocrx_word' id='word_1_145' title='bbox 370 1438 547 1482; x_wconf 87' lang='lat' dir='ltr'><strong>illorum</strong></span> <span class='ocrx_word' id='word_1_146' title='bbox 579 1438 891 1482; x_wconf 86' lang='lat' dir='ltr'><strong>diffinitionem</strong></span> <span class='ocrx_word' id='word_1_147' title='bbox 923 1438 1283 1495; x_wconf 85' lang='lat' dir='ltr'><strong>praesumptione</strong></span> <span class='ocrx_word' id='word_1_148' title='bbox 1318 1436 1555 1480; x_wconf 88' lang='lat' dir='ltr'><strong>temeraria</strong></span> <span class='ocrx_word' id='word_1_149' title='bbox 1587 1451 1676 1479; x_wconf 91' lang='lat' dir='ltr'><strong>non</strong></span> 
     </span>
     <span class='ocr_line' id='line_1_19' title="bbox 201 1505 1677 1566; baseline -0.001 -14"><span class='ocrx_word' id='word_1_150' title='bbox 201 1521 431 1566; x_wconf 82' lang='lat' dir='ltr'><strong>assurgere</strong></span> <span class='ocrx_word' id='word_1_151' title='bbox 470 1508 518 1550; x_wconf 92' lang='lat' dir='ltr'><strong>in</strong></span> <span class='ocrx_word' id='word_1_152' title='bbox 562 1508 724 1565; x_wconf 89' lang='lat' dir='ltr'><strong>quibus</strong></span> <span class='ocrx_word' id='word_1_153' title='bbox 764 1509 860 1551; x_wconf 87' lang='lat' dir='ltr'><strong>sine</strong></span> <span class='ocrx_word' id='word_1_154' title='bbox 899 1508 1095 1565; x_wconf 85' lang='lat' dir='ltr'><strong>periculo</strong></span> <span class='ocrx_word' id='word_1_155' title='bbox 1134 1522 1224 1551; x_wconf 90' lang='lat' dir='ltr'><strong>non</strong></span> <span class='ocrx_word' id='word_1_156' title='bbox 1264 1510 1451 1550; x_wconf 89' lang='lat' dir='ltr'><strong>erratur.</strong></span> <span class='ocrx_word' id='word_1_157' title='bbox 1532 1505 1677 1550; x_wconf 88' lang='lat' dir='ltr'><strong>Nemo</strong></span> 
     </span>
     <span class='ocr_line' id='line_1_20' title="bbox 202 1576 1678 1635; baseline -0.001 -15"><span class='ocrx_word' id='word_1_158' title='bbox 202 1580 351 1621; x_wconf 88' lang='lat' dir='ltr'><strong>autem</strong></span> <span class='ocrx_word' id='word_1_159' title='bbox 373 1577 420 1620; x_wconf 91' lang='lat' dir='ltr'><strong>in</strong></span> <span class='ocrx_word' id='word_1_160' title='bbox 448 1577 658 1621; x_wconf 89' lang='lat' dir='ltr'><strong>iniuriam</strong></span> <span class='ocrx_word' id='word_1_161' title='bbox 684 1593 811 1621; x_wconf 87' lang='lat' dir='ltr'><strong>suam</strong></span> <span class='ocrx_word' id='word_1_162' title='bbox 840 1580 1019 1635; x_wconf 88' lang='lat' dir='ltr'><strong>reputet</strong></span> <span class='ocrx_word' id='word_1_163' title='bbox 1049 1577 1278 1634; x_wconf 88' lang='lat' dir='ltr'><strong>quippiam</strong></span> <span class='ocrx_word' id='word_1_164' title='bbox 1306 1576 1407 1627; x_wconf 89' lang='lat' dir='ltr'><strong>dici,</strong></span> <span class='ocrx_word' id='word_1_165' title='bbox 1426 1590 1526 1620; x_wconf 90' lang='lat' dir='ltr'><strong>cum</strong></span> <span class='ocrx_word' id='word_1_166' title='bbox 1553 1576 1678 1619; x_wconf 88' lang='lat' dir='ltr'><strong>nulla</strong></span> 
     </span>
     <span class='ocr_line' id='line_1_21' title="bbox 142 1645 1678 1705; baseline -0.003 -13"><span class='ocrx_word' id='word_1_167' title='bbox 142 1665 187 1692; x_wconf 75' lang='grc' dir='ltr'><strong>ιο</strong></span> <span class='ocrx_word' id='word_1_168' title='bbox 202 1645 263 1690; x_wconf 87' lang='lat' dir='ltr'><strong>sit</strong></span> <span class='ocrx_word' id='word_1_169' title='bbox 296 1646 525 1704; x_wconf 87' lang='lat' dir='ltr'><strong>derogatio</strong></span> <span class='ocrx_word' id='word_1_170' title='bbox 555 1662 844 1705; x_wconf 87' lang='lat' dir='ltr'><strong>personarum</strong></span> <span class='ocrx_word' id='word_1_171' title='bbox 875 1647 951 1691; x_wconf 88' lang='lat' dir='ltr'><strong>sed</strong></span> <span class='ocrx_word' id='word_1_172' title='bbox 983 1646 1296 1705; x_wconf 85' lang='lat' dir='ltr'><strong>fugiendorum</strong></span> <span class='ocrx_word' id='word_1_173' title='bbox 1327 1646 1421 1689; x_wconf 90' lang='lat' dir='ltr'><strong>sola</strong></span> <span class='ocrx_word' id='word_1_174' title='bbox 1450 1646 1678 1690; x_wconf 88' lang='lat' dir='ltr'><strong>concussio</strong></span> 
     </span>
     <span class='ocr_line' id='line_1_22' title="bbox 201 1715 1678 1774; baseline -0.001 -15"><span class='ocrx_word' id='word_1_175' title='bbox 201 1715 427 1760; x_wconf 87' lang='lat' dir='ltr'><strong>uitiorum.</strong></span> <span class='ocrx_word' id='word_1_176' title='bbox 488 1716 543 1759; x_wconf 92' lang='lat' dir='ltr'><strong>In</strong></span> <span class='ocrx_word' id='word_1_177' title='bbox 579 1732 668 1774; x_wconf 92' lang='lat' dir='ltr'><strong>quo</strong></span> <span class='ocrx_word' id='word_1_178' title='bbox 700 1717 879 1774; x_wconf 89' lang='lat' dir='ltr'><strong>quidem</strong></span> <span class='ocrx_word' id='word_1_179' title='bbox 911 1732 982 1760; x_wconf 91' lang='lat' dir='ltr'><strong>me</strong></span> <span class='ocrx_word' id='word_1_180' title='bbox 1016 1716 1282 1774; x_wconf 88' lang='lat' dir='ltr'><strong>praestitum</strong></span> <span class='ocrx_word' id='word_1_181' title='bbox 1317 1716 1382 1759; x_wconf 89' lang='lat' dir='ltr'><strong>ire</strong></span> <span class='ocrx_word' id='word_1_182' title='bbox 1417 1716 1678 1772; x_wconf 88' lang='lat' dir='ltr'><strong>obsequium</strong></span> 
     </span>
     <span class='ocr_line' id='line_1_23' title="bbox 201 1784 1679 1843; baseline -0.001 -15"><span class='ocrx_word' id='word_1_183' title='bbox 201 1787 294 1829; x_wconf 87' lang='lat' dir='ltr'><strong>tam</strong></span> <span class='ocrx_word' id='word_1_184' title='bbox 314 1785 442 1829; x_wconf 90' lang='lat' dir='ltr'><strong>malis</strong></span> <span class='ocrx_word' id='word_1_185' title='bbox 458 1800 590 1843; x_wconf 88' lang='lat' dir='ltr'><strong>quam</strong></span> <span class='ocrx_word' id='word_1_186' title='bbox 606 1786 733 1830; x_wconf 90' lang='lat' dir='ltr'><strong>bonis</strong></span> <span class='ocrx_word' id='word_1_187' title='bbox 754 1787 960 1836; x_wconf 85' lang='lat' dir='ltr'><strong>arbitror,</strong></span> <span class='ocrx_word' id='word_1_188' title='bbox 975 1786 1082 1829; x_wconf 90' lang='lat' dir='ltr'><strong>dum</strong></span> <span class='ocrx_word' id='word_1_189' title='bbox 1104 1786 1151 1828; x_wconf 89' lang='lat' dir='ltr'><strong>in</strong></span> <span class='ocrx_word' id='word_1_190' title='bbox 1171 1786 1242 1829; x_wconf 87' lang='lat' dir='ltr'><strong>his</strong></span> <span class='ocrx_word' id='word_1_191' title='bbox 1262 1785 1539 1843; x_wconf 87' lang='lat' dir='ltr'><strong>approbatur</strong></span> <span class='ocrx_word' id='word_1_192' title='bbox 1559 1784 1679 1842; x_wconf 91' lang='lat' dir='ltr'><strong>quod</strong></span> 
     </span>
     <span class='ocr_line' id='line_1_24' title="bbox 202 1853 1679 1913; baseline 0 -16"><span class='ocrx_word' id='word_1_193' title='bbox 202 1853 384 1906; x_wconf 77' lang='lat' dir='ltr'><strong>faciunt,</strong></span> <span class='ocrx_word' id='word_1_194' title='bbox 400 1857 446 1899; x_wconf 91' lang='lat' dir='ltr'><strong>et</strong></span> <span class='ocrx_word' id='word_1_195' title='bbox 469 1855 533 1898; x_wconf 91' lang='lat' dir='ltr'><strong>hii</strong></span> <span class='ocrx_word' id='word_1_196' title='bbox 559 1856 727 1900; x_wconf 90' lang='lat' dir='ltr'><strong>notatis</strong></span> <span class='ocrx_word' id='word_1_197' title='bbox 754 1856 879 1900; x_wconf 89' lang='lat' dir='ltr'><strong>uitiis</strong></span> <span class='ocrx_word' id='word_1_198' title='bbox 906 1856 1078 1913; x_wconf 85' lang='lat' dir='ltr'><strong>possint</strong></span> <span class='ocrx_word' id='word_1_199' title='bbox 1104 1856 1314 1912; x_wconf 88' lang='lat' dir='ltr'><strong>proficere</strong></span> <span class='ocrx_word' id='word_1_200' title='bbox 1343 1858 1395 1898; x_wconf 91' lang='lat' dir='ltr'><strong>ut</strong></span> <span class='ocrx_word' id='word_1_201' title='bbox 1421 1854 1679 1912; x_wconf 86' lang='lat' dir='ltr'><strong>probentur.</strong></span> 
     </span>
     <span class='ocr_line' id='line_1_25' title="bbox 204 1922 1679 1982; baseline 0.001 -15"><span class='ocrx_word' id='word_1_202' title='bbox 204 1922 292 1967; x_wconf 86' lang='lat' dir='ltr'><strong>Sed</strong></span> <span class='ocrx_word' id='word_1_203' title='bbox 318 1924 424 1968; x_wconf 87' lang='lat' dir='ltr'><strong>haec</strong></span> <span class='ocrx_word' id='word_1_204' title='bbox 455 1924 680 1969; x_wconf 86' lang='lat' dir='ltr'><strong>hactenus.</strong></span> <span class='ocrx_word' id='word_1_205' title='bbox 742 1925 836 1970; x_wconf 89' lang='lat' dir='ltr'><strong>Cur</strong></span> <span class='ocrx_word' id='word_1_206' title='bbox 864 1929 1015 1969; x_wconf 86' lang='lat' dir='ltr'><strong>autem</strong></span> <span class='ocrx_word' id='word_1_207' title='bbox 1039 1924 1359 1969; x_wconf 86' lang='lat' dir='ltr'><strong>Achademicos</strong></span> <span class='ocrx_word' id='word_1_208' title='bbox 1387 1939 1494 1982; x_wconf 88' lang='lat' dir='ltr'><strong>prae</strong></span> <span class='ocrx_word' id='word_1_209' title='bbox 1520 1924 1679 1969; x_wconf 89' lang='lat' dir='ltr'><strong>ceteris</strong></span> 
     </span>
     <span class='ocr_line' id='line_1_26' title="bbox 145 1992 1211 2052; baseline 0.002 -16"><span class='ocrx_word' id='word_1_210' title='bbox 145 2005 187 2042; x_wconf 75' lang='lat'><strong>⁸5</strong></span> <span class='ocrx_word' id='word_1_211' title='bbox 205 1992 376 2051; x_wconf 89' lang='lat' dir='ltr'><strong>placeat</strong></span> <span class='ocrx_word' id='word_1_212' title='bbox 395 1993 575 2045; x_wconf 86' lang='lat' dir='ltr'><strong>imitari,</strong></span> <span class='ocrx_word' id='word_1_213' title='bbox 595 2010 740 2039; x_wconf 85' lang='lat' dir='ltr'><strong>sermo</strong></span> <span class='ocrx_word' id='word_1_214' title='bbox 759 1996 1008 2040; x_wconf 86' lang='lat' dir='ltr'><strong>succinctus</strong></span> <span class='ocrx_word' id='word_1_215' title='bbox 1029 1995 1211 2052; x_wconf 89' lang='lat' dir='ltr'><strong>aperiet.</strong></span> 
     </span>
    </p>
   </div>
   <div class='ocr_carea' id='block_1_3' title="bbox 205 2117 1725 2314">
    <p class='ocr_par' dir='ltr' id='par_1_3' title="bbox 205 2117 1725 2314">
     <span class='ocr_line' id='line_1_27' title="bbox 205 2117 1679 2177; baseline 0.001 -14"><span class='ocrx_word' id='word_1_216' title='bbox 205 2117 311 2177; x_wconf 87' lang='lat' dir='ltr'><strong>Cap.</strong></span> <span class='ocrx_word' id='word_1_217' title='bbox 337 2133 372 2164; x_wconf 88' lang='lat'><strong>1.</strong></span> <span class='ocrx_word' id='word_1_218' title='bbox 402 2120 531 2174; x_wconf 81' lang='lat' dir='ltr'><strong>Quod</strong></span> <span class='ocrx_word' id='word_1_219' title='bbox 551 2121 844 2165; x_wconf 77' lang='lat' dir='ltr'><strong>Achademici</strong></span> <span class='ocrx_word' id='word_1_220' title='bbox 870 2121 1151 2164; x_wconf 71' lang='lat' dir='ltr'><strong>modestiores</strong></span> <span class='ocrx_word' id='word_1_221' title='bbox 1168 2119 1375 2176; x_wconf 78' lang='lat' dir='ltr'><strong>suerunt</strong></span> <span class='ocrx_word' id='word_1_222' title='bbox 1402 2120 1511 2164; x_wconf 76' lang='lat' dir='ltr'><strong>aliis</strong></span> <span class='ocrx_word' id='word_1_223' title='bbox 1531 2120 1679 2177; x_wconf 75' lang='lat' dir='ltr'><strong>philo-</strong></span> 
     </span>
     <span class='ocr_line' id='line_1_28' title="bbox 320 2189 1679 2246; baseline 0.001 -14"><span class='ocrx_word' id='word_1_224' title='bbox 320 2189 466 2244; x_wconf 78' lang='lat' dir='ltr'><strong>sophis</strong></span> <span class='ocrx_word' id='word_1_225' title='bbox 485 2204 594 2246; x_wconf 79' lang='lat' dir='ltr'><strong>quos</strong></span> <span class='ocrx_word' id='word_1_226' title='bbox 613 2191 839 2235; x_wconf 70' lang='lat' dir='ltr'><strong>temeritas</strong></span> <span class='ocrx_word' id='word_1_227' title='bbox 858 2190 1082 2234; x_wconf 69' lang='lat' dir='ltr'><strong>mecauit</strong></span> <span class='ocrx_word' id='word_1_228' title='bbox 1096 2194 1150 2233; x_wconf 81' lang='lat' dir='ltr'><strong>ut</strong></span> <span class='ocrx_word' id='word_1_229' title='bbox 1169 2190 1401 2234; x_wconf 73' lang='lat' dir='ltr'><strong>darentur</strong></span> <span class='ocrx_word' id='word_1_230' title='bbox 1419 2190 1477 2234; x_wconf 79' lang='lat' dir='ltr'><strong>in</strong></span> <span class='ocrx_word' id='word_1_231' title='bbox 1496 2205 1679 2234; x_wconf 66' lang='lat' dir='ltr'><strong>sensam</strong></span> 
     </span>
     <span class='ocr_line' id='line_1_29' title="bbox 320 2257 1725 2314; baseline 0.001 -14"><span class='ocrx_word' id='word_1_232' title='bbox 320 2257 572 2314; x_wconf 70' lang='lat' dir='ltr'><strong>reprobum.</strong></span> <span class='ocrx_word' id='word_1_233' title='bbox 1694 2260 1725 2301; x_wconf 86' lang='lat' dir='ltr'><strong>d</strong></span> 
     </span>
    </p>
   </div>
   <div class='ocr_carea' id='block_1_4' title="bbox 147 2348 1679 2688">
    <p class='ocr_par' dir='ltr' id='par_1_4' title="bbox 263 2348 1678 2414">
     <span class='ocr_line' id='line_1_30' title="bbox 263 2348 1678 2414; baseline 0.003 -22"><span class='ocrx_word' id='word_1_234' title='bbox 263 2348 484 2407; x_wconf 89' lang='lat' dir='ltr'><strong>Antiquos</strong></span> <span class='ocrx_word' id='word_1_235' title='bbox 505 2351 683 2408; x_wconf 90' lang='lat' dir='ltr'><strong>quidem</strong></span> <span class='ocrx_word' id='word_1_236' title='bbox 704 2353 988 2414; x_wconf 81' lang='lat' dir='ltr'><strong>philosophos</strong></span> <span class='ocrx_word' id='word_1_237' title='bbox 1011 2353 1211 2396; x_wconf 86' lang='lat' dir='ltr'><strong>floruisse</strong></span> <span class='ocrx_word' id='word_1_238' title='bbox 1240 2353 1432 2411; x_wconf 87' lang='lat' dir='ltr'><strong>ingeniis</strong></span> <span class='ocrx_word' id='word_1_239' title='bbox 1456 2356 1502 2395; x_wconf 93' lang='lat' dir='ltr'><strong>et</strong></span> <span class='ocrx_word' id='word_1_240' title='bbox 1528 2353 1678 2396; x_wconf 91' lang='lat' dir='ltr'><strong>studio</strong></span> 
     </span>
    </p>

    <p class='ocr_par' dir='ltr' id='par_1_5' title="bbox 147 2418 1679 2688">
     <span class='ocr_line' id='line_1_31' title="bbox 147 2418 1678 2479; baseline 0.002 -18"><span class='ocrx_word' id='word_1_241' title='bbox 147 2439 191 2477; x_wconf 70' lang='lat'><strong>30</strong></span> <span class='ocrx_word' id='word_1_242' title='bbox 207 2418 442 2475; x_wconf 87' lang='lat' dir='ltr'><strong>profecisse</strong></span> <span class='ocrx_word' id='word_1_243' title='bbox 462 2420 551 2462; x_wconf 89' lang='lat' dir='ltr'><strong>iam</strong></span> <span class='ocrx_word' id='word_1_244' title='bbox 572 2435 660 2464; x_wconf 90' lang='lat' dir='ltr'><strong>non</strong></span> <span class='ocrx_word' id='word_1_245' title='bbox 681 2422 864 2465; x_wconf 85' lang='lat' dir='ltr'><strong>celebris</strong></span> <span class='ocrx_word' id='word_1_246' title='bbox 891 2423 1043 2479; x_wconf 91' lang='lat' dir='ltr'><strong>opinio</strong></span> <span class='ocrx_word' id='word_1_247' title='bbox 1064 2427 1131 2466; x_wconf 88' lang='lat' dir='ltr'><strong>est</strong></span> <span class='ocrx_word' id='word_1_248' title='bbox 1151 2422 1228 2466; x_wconf 87' lang='lat' dir='ltr'><strong>sed</strong></span> <span class='ocrx_word' id='word_1_249' title='bbox 1249 2422 1455 2466; x_wconf 90' lang='lat' dir='ltr'><strong>omnibus</strong></span> <span class='ocrx_word' id='word_1_250' title='bbox 1487 2422 1534 2464; x_wconf 92' lang='lat' dir='ltr'><strong>in</strong></span> <span class='ocrx_word' id='word_1_251' title='bbox 1562 2437 1678 2465; x_wconf 91' lang='lat' dir='ltr'><strong>com-</strong></span> 
     </span>
     <span class='ocr_line' id='line_1_32' title="bbox 206 2490 1679 2545; baseline 0.003 -16"><span class='ocrx_word' id='word_1_252' title='bbox 206 2500 339 2530; x_wconf 88' lang='lat' dir='ltr'><strong>mune</strong></span> <span class='ocrx_word' id='word_1_253' title='bbox 372 2502 581 2545; x_wconf 89' lang='lat' dir='ltr'><strong>persuasa</strong></span> <span class='ocrx_word' id='word_1_254' title='bbox 611 2491 844 2535; x_wconf 84' lang='lat' dir='ltr'><strong>sententia.</strong></span> <span class='ocrx_word' id='word_1_255' title='bbox 905 2491 977 2534; x_wconf 91' lang='lat' dir='ltr'><strong>Ad</strong></span> <span class='ocrx_word' id='word_1_256' title='bbox 1017 2507 1087 2535; x_wconf 89' lang='lat' dir='ltr'><strong>res</strong></span> <span class='ocrx_word' id='word_1_257' title='bbox 1126 2492 1244 2535; x_wconf 88' lang='lat' dir='ltr'><strong>enim</strong></span> <span class='ocrx_word' id='word_1_258' title='bbox 1284 2506 1342 2534; x_wconf 84' lang='lat' dir='ltr'><strong>ex</strong></span> <span class='ocrx_word' id='word_1_259' title='bbox 1381 2493 1545 2533; x_wconf 86' lang='lat' dir='ltr'><strong>natura</strong></span> <span class='ocrx_word' id='word_1_260' title='bbox 1585 2490 1679 2534; x_wconf 89' lang='lat' dir='ltr'><strong>fere</strong></span> 
     </span>
     <span class='ocr_line' id='line_1_33' title="bbox 207 2555 1678 2613; baseline 0.003 -15"><span class='ocrx_word' id='word_1_261' title='bbox 207 2555 667 2613; x_wconf 89' lang='lat' dir='ltr'><strong>incomprehensibiles</strong></span> <span class='ocrx_word' id='word_1_262' title='bbox 697 2560 846 2603; x_wconf 90' lang='lat' dir='ltr'><strong>studio</strong></span> <span class='ocrx_word' id='word_1_263' title='bbox 875 2564 921 2604; x_wconf 90' lang='lat' dir='ltr'><strong>et</strong></span> <span class='ocrx_word' id='word_1_264' title='bbox 951 2561 1268 2604; x_wconf 82' lang='lat' dir='ltr'><strong>exercitatione</strong></span> <span class='ocrx_word' id='word_1_265' title='bbox 1298 2561 1419 2604; x_wconf 89' lang='lat' dir='ltr'><strong>uiam</strong></span> <span class='ocrx_word' id='word_1_266' title='bbox 1451 2560 1536 2603; x_wconf 90' lang='lat' dir='ltr'><strong>sibi</strong></span> <span class='ocrx_word' id='word_1_267' title='bbox 1570 2559 1678 2603; x_wconf 79' lang='lat' dir='ltr'><strong>fecit</strong></span> 
     </span>
     <span class='ocr_line' id='line_1_34' title="bbox 207 2625 1678 2688; baseline 0.003 -21"><span class='ocrx_word' id='word_1_268' title='bbox 207 2625 447 2682; x_wconf 88' lang='lat' dir='ltr'><strong>ingenium,</strong></span> <span class='ocrx_word' id='word_1_269' title='bbox 482 2629 528 2670; x_wconf 91' lang='lat' dir='ltr'><strong>et</strong></span> <span class='ocrx_word' id='word_1_270' title='bbox 579 2627 757 2672; x_wconf 88' lang='lat' dir='ltr'><strong>illorum</strong></span> <span class='ocrx_word' id='word_1_271' title='bbox 800 2629 1011 2674; x_wconf 87' lang='lat' dir='ltr'><strong>beneficio</strong></span> <span class='ocrx_word' id='word_1_272' title='bbox 1059 2630 1253 2688; x_wconf 86' lang='lat' dir='ltr'><strong>plurima</strong></span> <span class='ocrx_word' id='word_1_273' title='bbox 1298 2630 1526 2688; x_wconf 85' lang='lat' dir='ltr'><strong>publicata</strong></span> <span class='ocrx_word' id='word_1_274' title='bbox 1570 2633 1678 2673; x_wconf 91' lang='lat' dir='ltr'><strong>sunt</strong></span> 
     </span>
    </p>
   </div>
   <div class='ocr_carea' id='block_1_5' title="bbox 213 2708 501 2714">
    <p class='ocr_par' dir='ltr' id='par_1_6' title="bbox 213 2708 501 2714">
     <span class='ocr_line' id='line_1_35' title="bbox 213 2708 501 2714; baseline 0 0"><span class='ocrx_word' id='word_1_275' title='bbox 213 2708 501 2714; x_wconf 95' lang='lat' dir='ltr'><strong> </strong></span> 
     </span>
    </p>
   </div>
   <div class='ocr_carea' id='block_1_6' title="bbox 504 2711 640 2717">
    <p class='ocr_par' dir='ltr' id='par_1_7' title="bbox 504 2711 640 2717">
     <span class='ocr_line' id='line_1_36' title="bbox 504 2711 640 2717; baseline 0 0"><span class='ocrx_word' id='word_1_276' title='bbox 504 2711 640 2717; x_wconf 95' lang='lat' dir='ltr'><strong> </strong></span> 
     </span>
    </p>
   </div>
   <div class='ocr_carea' id='block_1_7' title="bbox 209 2738 1423 2788">
    <p class='ocr_par' dir='ltr' id='par_1_8' title="bbox 209 2738 1423 2788">
     <span class='ocr_line' id='line_1_37' title="bbox 209 2738 1423 2788; baseline 0.006 -14"><span class='ocrx_word' id='word_1_277' title='bbox 209 2748 233 2786; x_wconf 89' lang='lat'>9</span> <span class='ocrx_word' id='word_1_278' title='bbox 255 2738 425 2786; x_wconf 78' lang='lat' dir='ltr'><strong>hystoria</strong></span> <span class='ocrx_word' id='word_1_279' title='bbox 441 2739 543 2776; x_wconf 81' lang='lat' dir='ltr'><strong>oBM</strong></span> <span class='ocrx_word' id='word_1_280' title='bbox 686 2752 731 2788; x_wconf 86' lang='lat'><strong>23</strong></span> <span class='ocrx_word' id='word_1_281' title='bbox 757 2742 799 2779; x_wconf 90' lang='lat' dir='ltr'><strong>hi</strong></span> <span class='ocrx_word' id='word_1_282' title='bbox 816 2743 857 2779; x_wconf 80' lang='lat' dir='ltr'>M</span> <span class='ocrx_word' id='word_1_283' title='bbox 1000 2745 1046 2782; x_wconf 82' lang='lat'><strong>26</strong></span> <span class='ocrx_word' id='word_1_284' title='bbox 1071 2743 1282 2782; x_wconf 86' lang='lat' dir='ltr'><strong>academici</strong></span> <span class='ocrx_word' id='word_1_285' title='bbox 1300 2743 1423 2782; x_wconf 84' lang='lat' dir='ltr'>CBAS</span> 
     </span>
    </p>
   </div>
   <div class='ocr_carea' id='block_1_8' title="bbox 208 2836 1568 2965">
    <p class='ocr_par' dir='ltr' id='par_1_9' title="bbox 208 2836 1568 2965">
     <span class='ocr_line' id='line_1_38' title="bbox 208 2836 917 2897; baseline 0.008 -14"><span class='ocrx_word' id='word_1_286' title='bbox 208 2836 210 2838; x_wconf 13' lang='lat' dir='ltr'>V</span> <span class='ocrx_word' id='word_1_287' title='bbox 258 2858 280 2885; x_wconf 86' lang='lat'>2</span> <span class='ocrx_word' id='word_1_288' title='bbox 306 2849 497 2895; x_wconf 70' lang='lat' dir='ltr'><strong>Apostolus</strong></span> <span class='ocrx_word' id='word_1_289' title='bbox 512 2851 608 2887; x_wconf 87' lang='lat' dir='ltr'><strong>etc.:</strong></span> <span class='ocrx_word' id='word_1_290' title='bbox 633 2862 665 2887; x_wconf 88' lang='lat' dir='ltr'><strong>v.</strong></span> <span class='ocrx_word' id='word_1_291' title='bbox 682 2850 788 2889; x_wconf 89' lang='lat' dir='ltr'><strong>Rom.</strong></span> <span class='ocrx_word' id='word_1_292' title='bbox 804 2862 866 2888; x_wconf 83' lang='lat' dir='ltr'><strong>xv.</strong></span> <span class='ocrx_word' id='word_1_293' title='bbox 881 2861 917 2897; x_wconf 80' lang='lat'><strong>4.</strong></span> 
     </span>
     <span class='ocr_line' id='line_1_39' title="bbox 1523 2931 1568 2965; baseline -0.044 0"><span class='ocrx_word' id='word_1_294' title='bbox 1523 2931 1568 2965; x_wconf 79' lang='lat'><strong>93</strong></span> 
     </span>
    </p>
   </div>
  </div>
 </body>
</html>
