1988 3250
147 242 244 277 cn».
257 229 362 291 xx1]
652 231 1085 277 POLICRATICVS
1621 231 1705 282 805
1722 231 1752 272 d

145 365 263 403 nunc
301 351 366 394 illi
400 354 680 395 uerterentur
713 351 761 394 in
789 350 956 409 fugam.
1017 352 1152 396 Porro
1186 352 1386 396 Iulianus
1419 353 1467 395 in
1497 366 1608 410 equo

145 420 339 464 residens
367 420 607 463 exercitum
634 419 925 473 confortabat,
951 420 1132 464 inermis
1155 421 1344 477 quidem,
1365 436 1442 478 spe
1469 421 1606 465 felici·

145 489 252 532 tatis
264 500 369 532 suae
380 502 662 546 praesumens
675 503 685 541 ;
705 492 858 532 eontra
870 503 1000 546 quem
1012 489 1204 532 iaculum
1217 493 1396 546 repente
1409 490 1604 533 delatum

143 557 392 602 discurrens
410 572 490 616 per
512 558 740 602 brachium
766 558 815 600 in
843 559 938 601 eius
967 558 1085 601 latus
1114 558 1368 600 immersum
1399 562 1476 601 est.
1535 559 1604 602 Ex
1622 559 1708 600 806
1730 570 1759 599 a

108 643 128 678 5
144 626 226 670 hoc
245 626 428 670 uulnere
443 627 636 685 suscepit
649 627 888 671 terminum
903 627 1037 671 uitae.
1086 627 1173 680 Qui
1189 641 1295 670 uero
1314 627 1605 670 iustissimum

144 695 300 739 intulit
337 696 512 748 uulnus,
551 697 765 740 hactenus
803 696 1048 755 ignoratur.
1126 695 1214 739 Sed
1261 696 1338 739 alii
1384 696 1604 753 quendam

144 765 435 808 inuisibilium
480 766 562 810 hoc
611 766 813 810 intulisse
861 765 1026 817 ferunt,
1064 765 1141 808 alii
1189 780 1329 808 unum
1377 769 1605 823 pastorum

144 833 516 886 Ismahelitarum,
535 835 611 877 alii
631 835 818 878 militem
839 834 957 878 fame
977 838 1022 878 et
1042 835 1200 878 itinere
1221 834 1485 892 fatigatum;
1515 835 1604 890 sed,

145 903 240 946 siue
259 903 390 947 homo
409 903 503 947 siue
523 903 705 961 angelus
725 903 873 954 fuerit,
893 906 1017 962 patet
1036 903 1141 961 quia
1154 903 1321 947 diuinis
1339 903 1606 948 iussionibus

87 993 131 1019 ιο
146 972 429 1017 ministrauit.
488 972 630 1016 Aiunt
650 973 766 1016 enim
786 974 902 1031 quia,
922 988 1022 1016 cum
1043 972 1202 1016 fuisset
1215 973 1487 1024 uulneratus,
1502 988 1606 1017 mox

146 1057 327 1086 manum
345 1042 584 1100 compleuit
601 1043 815 1100 sanguine
834 1057 914 1086 suo
934 1046 980 1086 et
999 1043 1046 1085 in
1065 1057 1211 1086 aerem
1229 1043 1414 1100 proiecit
1432 1043 1605 1086 dicens:

145 1111 315 1162 Vicisti,
329 1112 535 1163 Galilaee,
551 1112 715 1165 vicisti3
743 1113 850 1156 etin
863 1127 914 1156 eo
929 1113 1025 1170 ipso
1039 1111 1266 1156 confessus
1279 1113 1511 1156 uictoriam
1524 1117 1605 1165 est,

146 1181 230 1224 etsi
250 1180 540 1238 blasphemus.
600 1181 849 1225 Defunctus
873 1185 940 1225 est
959 1184 1109 1225 autem
1135 1182 1270 1225 tertio
1292 1196 1409 1225 anno
1432 1182 1605 1239 imperii

145 1250 228 1303 sui,
247 1250 368 1294 uitae
387 1250 607 1294 tricesimo
626 1251 792 1308 primo;
821 1251 1008 1294 nimium
1029 1254 1178 1294 tamen
1197 1251 1363 1294 uixisse
1390 1251 1513 1294 uisus
1539 1255 1608 1295 est

91 1338 131 1374 ¹⁵
146 1318 297 1372 bonis3
327 1319 403 1376 qui
422 1334 511 1363 non
531 1319 660 1363 modo
675 1320 722 1362 in
742 1320 933 1364 ecclesiis
954 1321 1030 1364 sed
1050 1321 1184 1364 etiam
1206 1321 1252 1364 in
1272 1321 1460 1364 theatris
1479 1335 1605 1378 prae-

146 1388 354 1432 dicabant
401 1389 632 1433 uictoriam
680 1390 880 1434 Galilaei.
958 1391 1123 1434 Omnes
1166 1391 1284 1434 enim
1332 1391 1607 1435 clamabant:

147 1457 345 1501 Maxime
384 1457 521 1509 fatue,
561 1458 638 1501 ubi
677 1462 783 1502 sunt
821 1459 1035 1503 uaticinia
1073 1461 1184 1504 tua?
1243 1460 1362 1503 Vicit
1401 1460 1523 1504 Deus
1561 1463 1606 1503 et
1623 1457 1653 1495 b

147 1525 352 1572 Christus
386 1527 492 1571 eius.
563 1527 786 1571 Defuncto
821 1528 957 1586 impio
992 1529 1178 1572 inuenta
1207 1532 1313 1573 sunt
1347 1530 1395 1572 in
1428 1530 1608 1586 templis

146 1596 411 1640 simulachra
438 1596 658 1654 stupenda
686 1598 898 1656 principis
927 1601 973 1642 et
1001 1599 1115 1642 mira
1143 1599 1337 1656 insignia
1365 1599 1609 1656 sapientiae

90 1683 132 1709 ao
147 1665 441 1710 conclamatae
487 1670 532 1710 et
571 1666 889 1712 famosissimae
927 1668 1118 1726 pietatis.
1197 1668 1315 1711 Nam
1361 1669 1409 1711 in
1456 1668 1608 1713 Carris

147 1738 301 1793 aperto
319 1735 496 1793 templo,
515 1736 632 1793 quod
653 1751 791 1794 usque
820 1737 877 1780 ad
907 1738 1099 1781 reditum
1130 1752 1258 1781 suum
1289 1738 1486 1782 clausum
1515 1753 1608 1783 esse

70 1822 75 1826 ·
147 1807 437 1862 praeceperat,
464 1804 647 1848 inuenta
676 1809 744 1849 est
772 1806 931 1849 mulier
959 1821 987 1849 a
1014 1806 1186 1864 capillis
1215 1821 1420 1864 appensa,
1449 1821 1608 1850 manus

149 1876 354 1917 extensas
372 1873 549 1926 habens,
570 1877 724 1932 aperto
743 1878 883 1926 utero,
903 1876 950 1918 in
969 1876 1095 1920 cuius
1115 1876 1255 1919 iecore
1275 1881 1484 1920 euentum
1504 1876 1609 1920 belli

150 1942 313 1986 Persici
333 1942 481 1986 fuerat
499 1944 760 2001 speculatus.
819 1944 876 1988 In
907 1945 1145 1989 Antiochia
1174 1960 1348 2003 quoque
1377 1946 1533 1990 archas
1562 1946 1610 1989 in

91 2027 134 2063 ¹⁵
150 2011 316 2069 palatio
348 2011 560 2069 plurimas
589 2013 794 2057 humanis
822 2014 1042 2072 capitibus
1076 2014 1228 2072 plenas
1262 2015 1530 2058 inuenenmt
1564 2019 1610 2059 et

150 2080 348 2124 demersa
370 2081 515 2138 puteis
537 2081 770 2126 innumera
795 2097 976 2140 corpora
1004 2087 1294 2128 mortuorum.
1355 2085 1613 2142 Prodigiosa

151 2151 198 2192 et
231 2149 410 2193 scelesta
442 2150 573 2202 illius,
604 2166 715 2208 quae
744 2166 824 2196 nec
850 2152 1159 2210 imperatorem
1189 2168 1268 2197 nec
1298 2154 1609 2211 philosophum

151 2217 402 2270 decuerunt,
421 2219 498 2262 sed
521 2219 705 2277 impium
726 2223 771 2264 et
790 2235 980 2279 magum,
1001 2222 1085 2265 Dei
1112 2223 1282 2266 hostem
1303 2227 1350 2266 et
1368 2223 1608 2274 hominum,

152 2286 398 2344 Tripartita
447 2287 582 2331 latius
636 2290 793 2346 pandit
849 2290 1064 2336 Historia.
1150 2291 1207 2334 In
1255 2295 1387 2349 gente
1436 2307 1608 2350 quoque
1627 2302 1651 2332 c

95 2371 138 2405 30
154 2355 498 2407 Britanniarum‚
528 2356 642 2400 sicut
675 2358 888 2415 quaedam
915 2363 1164 2403 nostratum
1194 2363 1386 2403 testatur
1411 2361 1611 2415 historia,

155 2424 212 2468 ad
231 2425 585 2481 compescendam
615 2428 660 2469 et
689 2428 957 2484 puniendam
987 2429 1224 2472 tirannidis
1254 2429 1420 2473 rabiem
1450 2430 1610 2488 glorio·

154 2563 176 2599 8
200 2561 497 2599 hismaelitarum
513 2562 567 2599 A:
592 2563 862 2603 ismaelitarum
879 2565 904 2603 S
1025 2577 1069 2614 19
1092 2567 1289 2606 simulacra
1306 2568 1364 2605 BS
1490 2579 1542 2615 19,
1565 2580 1614 2606 20

155 2609 388 2646 conclamate
405 2609 588 2656 sapientie
605 2611 650 2647 Αι
823 2623 867 2650 22
893 2625 1035 2660 apensa
1051 2615 1075 2651 S
1251 2626 1296 2661 24
1321 2615 1555 2654 Anthiochia
1571 2617 1610 2653 M

154 2666 199 2702 27
224 2655 328 2692 illius
344 2659 384 2693 et
398 2657 557 2694 scelesta
571 2658 618 2694 Α*
757 2669 802 2706 29
824 2660 995 2708 hystoria
1010 2662 1050 2698 M

204 2798 225 2834 3
251 2793 374 2825 contra
387 2789 598 2842 quem-stef
622 2799 654 2825 ν.
672 2788 836 2827 Cassiod.
853 2792 949 2828 Ha‘st.
970 2793 1072 2839 Tm'p.
1088 2791 1136 2830 vi.
1152 2802 1211 2839 47.
1393 2804 1432 2842 15
1458 2796 1523 2842 qm*
1538 2805 1612 2832 non

157 2837 260 2873 modo
277 2837 371 2872 etc.:
396 2846 429 2872 v.
446 2834 537 2872 ibid.
554 2847 600 2872 vi.
617 2836 674 2882 48.

211 2914 291 2934 ''¹''
308 2914 330 2935 ¹¹
794 2913 817 2952 3
845 2913 872 2942 ¹
1437 2919 1505 2956 393
