1988 3250
237 234 319 282 672
340 242 364 272 c
706 229 968 293 IOANNIS
1011 229 1528 274 SARESBERIENSIS
1649 228 1764 290 [ΜΒ.
1778 241 1852 274 vn

380 365 517 402 mens,
552 349 707 394 efficax
738 350 1088 404 demonstrator;
1132 350 1191 393 ad
1230 350 1277 392 id
1318 350 1437 406 quod
1475 350 1747 408 sequendum
1786 353 1854 395 est

380 434 499 463 nunc
523 419 814 477 probabiliter
837 419 1039 470 suadens,
1064 434 1182 462 nunc
1211 419 1339 476 quasi
1369 419 1550 463 stimulo
1579 420 1855 464 necessitatis

380 489 624 546 impellens.
685 489 734 532 Si
755 489 870 539 huic,
890 492 943 532 ut
968 503 1142 532 necesse
1164 491 1242 540 est,
1262 488 1554 545 adquieueris,
1574 489 1748 532 uidebis
1767 490 1856 532 ista
1923 504 1926 509 ·

380 557 597 601 laboriose
630 557 765 600 nimis
799 557 952 614 quaeri
988 557 1045 600 ob
1075 557 1198 599 aliud
1233 560 1279 599 et
1313 557 1361 599 id
1391 557 1517 602 cuius
1545 558 1692 616 gratia
1721 572 1854 614 quae-

380 630 546 670 runtur
564 642 621 670 ex
641 627 704 670 eis
724 627 905 669 minime
929 626 1174 684 prouenire.
1235 626 1355 668 Illud
1385 629 1547 677 tamen,
1566 627 1692 670 cuius
1721 641 1853 684 quae-
1875 641 1893 676 5

380 699 546 739 runtur
578 696 738 753 gratia,
777 696 927 739 uerius
967 698 1012 738 et
1052 695 1404 752 compendiosius
1442 698 1619 752 poterat
1652 695 1859 746 inueniri,

382 765 420 808 si
459 780 550 808 non
590 765 769 807 aliunde
810 779 943 821 quam
983 779 1011 806 a
1050 779 1096 807 se
1137 767 1436 820 quaereretur.
1506 765 1595 808 Sed
1636 765 1726 808 iam
1764 764 1858 808 fere

385 834 559 876 malitia
592 834 891 877 inualescente
927 848 1017 876 non
1053 833 1295 890 quaeritur,
1316 833 1394 876 sed
1427 834 1649 891 neglectui
1679 834 1860 878 ducitur

341 910 370 950 d
386 918 491 961 prae
515 903 614 946 istis
635 903 770 946 etiam
790 903 828 945 si
849 906 1063 946 occurrat.
1122 902 1240 945 Nam
1261 917 1362 946 cum
1382 903 1532 946 omnia
1551 903 1668 946 bona
1686 903 1858 960 sapien-

385 972 476 1015 tiae
519 972 760 1015 accessoria
805 971 897 1014 sint
940 971 1170 1028 ipsamque
1209 973 1383 1014 constet
1418 985 1551 1028 super
1588 972 1779 1015 salutem
1813 973 1859 1015 et
1878 985 1922 1016 ιο

383 1055 559 1084 omnem
594 1040 971 1098 pulchritudinem
1006 1040 1313 1097 appetendam,
1348 1040 1445 1097 ipsa
1484 1044 1730 1084 ceterorum
1772 1040 1859 1085 col-

384 1110 550 1154 latione
571 1110 755 1160 uilescit,
776 1113 822 1153 et
840 1110 934 1152 sola
953 1112 1059 1153 sunt
1089 1109 1329 1152 accessoria
1349 1110 1444 1153 eius
1463 1110 1511 1152 in
1530 1110 1687 1167 pretio.
1749 1110 1861 1164 Quis

386 1179 504 1223 enim
534 1178 873 1236 philosophatur
902 1183 954 1221 ut
983 1179 1159 1235 sapiat?
1230 1178 1361 1229 Nam,
1390 1182 1443 1222 ut
1471 1179 1604 1223 rebus
1631 1180 1862 1224 abundent

385 1252 466 1292 aut
497 1248 802 1305 temporaliter
833 1248 1032 1299 floreant,
1067 1247 1241 1291 uidebis
1275 1248 1451 1299 multos,
1480 1249 1564 1292 etsi
1598 1264 1688 1292 non
1717 1249 1860 1306 philo·

385 1318 641 1375 sophentur,
681 1321 831 1361 tamen
871 1317 1156 1375 philosophos
1195 1317 1374 1362 imitari.
1434 1317 1644 1362 Ceterum
1683 1318 1860 1362 facilius
1879 1335 1920 1371 15

386 1392 454 1431 est
483 1390 535 1431 ut
565 1387 751 1430 diuitiae
781 1387 1167 1444 philosophantem
1196 1387 1444 1444 impediant
1473 1403 1607 1445 quam
1636 1391 1690 1432 ut
1718 1388 1860 1446 philo-

385 1457 566 1514 sophiae
615 1457 844 1514 quippiam
893 1456 1152 1510 conferant;
1211 1456 1308 1500 Deo
1358 1457 1476 1500 enim
1525 1460 1572 1501 et
1629 1458 1862 1501 Mamonae

384 1526 578 1569 fideliter
596 1540 685 1569 non
707 1526 913 1568 seruitur.
964 1525 1034 1568 Ne
1054 1526 1250 1569 uerearis
1270 1529 1323 1570 ut
1343 1526 1443 1584 quis
1463 1527 1656 1584 patriam
1676 1527 1862 1578 deserat,

384 1599 439 1638 ut
462 1598 770 1652 paupertatem
801 1598 1091 1652 spontaneam
1121 1595 1428 1652 amplectatur,
1448 1599 1501 1640 ut
1530 1597 1679 1640 studio
1708 1599 1861 1650 uacet3

385 1679 490 1707 nam
522 1664 802 1721 philosophia
841 1664 938 1721 ipsa
972 1664 1098 1707 labor
1132 1664 1312 1708 uidetur
1346 1665 1521 1709 inutilis
1560 1665 1646 1709 nisi
1685 1665 1860 1710 fructus
1879 1679 1924 1705 πο

236 1743 320 1791 673
340 1751 370 1781 a
387 1734 639 1791 opulentiae
659 1737 964 1790 consequatur.
1024 1733 1149 1776 Alios
1169 1737 1221 1777 ut
1245 1734 1390 1777 sciant
1412 1734 1645 1778 curiositas
1671 1735 1863 1789 excitat3

387 1803 509 1854 alios,
539 1806 592 1846 ut
626 1803 737 1846 scire
772 1803 1023 1854 uideantur,
1054 1803 1258 1847 elationis
1288 1804 1471 1847 stimulo
1499 1804 1679 1848 uanitas
1708 1807 1863 1863 urget;

387 1873 497 1917 alios
537 1872 595 1916 ad
636 1875 869 1930 quaestum
909 1873 1131 1930 cupiditas
1170 1873 1430 1917 inflammat.
1495 1874 1641 1917 Rarus
1679 1878 1747 1918 est
1785 1874 1863 1932 qui

387 1941 589 1987 caritatis
613 1946 694 1985 aut
718 1941 987 1985 humilitatis
1016 1942 1126 1999 pede
1156 1942 1401 1999 sapientiae
1431 1942 1529 1986 uias
1558 1945 1782 1987 scrutetur
1810 1946 1864 1988 ut

389 2011 599 2056 doceatur
630 2014 711 2054 aut
741 2010 908 2054 doceat.
970 2011 1088 2053 Nam
1123 2011 1180 2054 ad
1213 2011 1468 2055 immundae
1502 2012 1749 2070 uoluptatis
1782 2014 1863 2058 aut
1881 2026 1924 2062 τε

389 2094 531 2124 uanae
564 2079 775 2123 utilitatis
810 2080 1001 2136 ineptias
1033 2081 1182 2123 omnia
1215 2080 1499 2134 referuntur3
1547 2082 1595 2125 in
1635 2082 1706 2126 his
1745 2082 1864 2125 enim

388 2150 491 2194 finis
512 2152 580 2193 est
603 2149 777 2192 animae
804 2149 1064 2193 aberrantis.
1127 2150 1411 2207 Philosophia
1440 2151 1619 2194 interim
1650 2151 1866 2195 uiaticum

391 2223 470 2270 est,
510 2233 750 2277 paucorum
791 2221 953 2269 tamen,
993 2219 1099 2276 quia
1137 2219 1226 2262 alia
1265 2220 1342 2263 uia
1383 2219 1513 2278 longe
1552 2220 1733 2264 uidetur
1771 2235 1865 2265 esse

418 2365 484 2440 ,58
492 2358 748 2403 querunturg
750 2354 848 2392 tatia
862 2354 1008 2391 c’ASM
1107 2364 1135 2401 5,
1151 2356 1174 2392 6
1192 2358 1359 2402 querunt
1376 2354 1407 2392 A
1506 2365 1544 2394 11
1565 2356 1865 2403 pulcritudinem

642 2369 818 2440 etengdum
839 2403 862 2438 S
1022 2413 1062 2449 13
1088 2402 1392 2449 phylosophatur
1405 2402 1444 2438 M
1557 2404 1780 2442 habundant
1797 2404 1866 2442 SM

395 2461 450 2535 ιῖ,
473 2460 511 2498 15
540 2451 590 2498 ph
589 2415 868 2497 “l’onophentur
887 2449 923 2485 M
1090 2460 1128 2495 15
1157 2450 1410 2504 phylosophos
1428 2451 1466 2486 M
1630 2454 1671 2488 16
1695 2452 1868 2499 phyloso-

391 2510 417 2546 p
420 2498 574 2535 hantem
592 2463 632 2534 {ff
817 2501 933 2543 16.17
961 2497 1236 2544 phylosophiae
1256 2498 1293 2534 M
1478 2507 1517 2543 17
1543 2510 1756 2552 mammone
1775 2500 1864 2538 BA:

392 2557 628 2583 mammonae
648 2545 685 2580 M
867 2556 915 2581 20
941 2545 1046 2592 nam]
1065 2544 1142 2581 iam
1161 2544 1208 2579 A·
1327 2545 1578 2593 phylosophia
1596 2546 1635 2582 M
1819 2556 1864 2593 27

394 2592 651 2640 Phyloaophia
671 2592 708 2629 M

441 2736 464 2768 9
488 2738 585 2761 omna
588 2739 611 2760 a
639 2726 730 2760 bona
755 2727 846 2761 otest
932 2723 1009 2770 Sap
985 2736 1020 2770 p.
1047 2723 1110 2760 vii.
1141 2733 1192 2765 11,
1224 2734 1276 2766 10,
1304 2735 1348 2770 9,
1377 2736 1498 2771 neque
1516 2725 1721 2773 Vulgatam
1744 2737 1866 2773 neque

394 2773 510 2810 ullam
536 2785 559 2809 a
587 2772 763 2809 Sabatier
790 2772 968 2809 collatam
1000 2773 1205 2808 versionem
1236 2772 1341 2819 sequi
1369 2772 1516 2809 videtur
1546 2772 1706 2811 Ioannes
1739 2777 1868 2812 noster

393 2828 462 2858 aut
492 2819 552 2857 hic
578 2823 645 2857 aut
670 2831 783 2867 supra
812 2820 860 2856 iv
880 2822 903 2857 6
931 2819 979 2856 ad
1007 2820 1238 2866 fln.(5260).
1406 2829 1447 2865 17
1475 2822 1550 2859 Deo
1575 2822 1673 2859 etc.:
1700 2833 1732 2858 v.
1752 2822 1864 2859 Matt.

394 2868 440 2905 Vl
461 2878 518 2912 24·

510 2939 571 2984 156
