1988 3250
157 215 256 248 mr.
271 201 370 264 xv]
674 201 1108 248 POLICRATICVS
1637 213 1714 256 ⁷⁷8
1733 215 1763 248 a

159 322 285 380 quasi
316 336 344 365 a
374 321 627 380 purioribus
658 323 704 365 et
738 320 1009 365 felicioribus
1042 322 1140 365 ouis
1174 318 1379 366 exclusus
1414 323 1623 381 eruperit,

157 390 379 449 germanis
407 394 454 435 et
482 390 680 443 uterinis,
707 393 760 433 ut
789 390 829 433 ei
855 393 1140 442 attestantur,
1165 390 1295 448 longe
1325 392 1515 435 nobilior
1544 396 1623 436 est.

158 459 431 504 Crediderim
451 459 581 503 facile
602 458 811 516 quicquid
831 457 1050 501 sincerum
1071 462 1116 501 et
1136 458 1416 503 defecatioris
1435 464 1622 509 naturae

157 532 206 576 in
243 544 388 574 massa
416 529 590 588 generis
616 528 711 572 eius
733 528 791 571 ab
817 527 947 570 initio
978 527 1132 570 extitit
1159 527 1205 570 in
1232 528 1391 584 ipsum,
1417 533 1469 572 ut
1496 531 1622 586 quasi
1641 534 1668 572 b

121 617 141 652 5
158 601 304 661 gentis
351 613 458 644 suae
505 597 635 642 stella
682 595 973 654 praefulgeat,
1021 596 1297 647 confluxisse,
1347 598 1464 654 quod
1518 613 1624 642 uero

127 663 130 666 ’
157 669 424 716 feculentius
452 671 499 712 et
527 666 755 711 obscurius
785 665 996 709 resedisse
1023 665 1070 708 in
1097 665 1320 723 germanis
1350 669 1396 709 et
1426 667 1624 711 uterinis.

157 741 376 785 Letantur
413 741 575 788 tamen,
604 736 720 779 sicut
757 735 805 778 in
844 734 1047 779 claritate
1086 734 1218 785 illius,
1258 734 1320 779 sic
1359 735 1407 777 in
1447 737 1627 793 propria

158 808 413 861 abiectione,
428 821 485 850 ne
508 805 742 849 nobilitate
767 804 953 863 generis,
971 818 1071 848 cum
1096 818 1166 847 res
1186 804 1396 861 exegerit,
1417 819 1472 847 ex
1493 820 1626 848 causa

159 877 434 937 cognationis
447 875 767 934 prohibeantur
780 888 880 918 cum
895 873 1098 917 finitimis
1118 874 1401 917 matrimonio
1416 875 1625 931 copulari.

101 961 144 988 xo
160 947 399 993 Cesserunt
437 960 542 1003 ergo
580 943 834 988 Simonidae
872 957 997 1000 reges
1031 946 1077 986 et
1120 942 1355 1000 praesides,
1393 944 1626 1001 principes,

160 1017 374 1069 tribunos,
400 1013 678 1059 centuriones
705 1015 750 1056 et
775 1012 942 1070 primos
968 1012 1322 1069 prouinciarum3
1351 1027 1433 1056 sua
1461 1013 1624 1056 medio-

101 1078 105 1082 ’
159 1085 318 1130 oritate
356 1082 553 1128 contenti
599 1082 807 1126 nituntur
851 1081 1022 1124 uirtute
1065 1095 1157 1132 sua,
1196 1081 1333 1124 nichil
1381 1082 1427 1124 in
1473 1082 1626 1126 officiis

159 1154 391 1214 legittimis
414 1154 503 1197 uile
529 1152 699 1196 ducunt
724 1154 805 1194 aut
831 1150 1198 1209 ignominiosum
1228 1154 1274 1194 et
1293 1151 1478 1202 culinae,
1498 1152 1535 1194 si
1557 1167 1626 1195 res

159 1223 368 1282 exegerit,
396 1237 486 1266 non
508 1221 807 1280 dedignantur
835 1220 997 1263 habere
1024 1220 1280 1263 memoriam
1311 1224 1391 1264 aut
1420 1221 1627 1278 peritiam

102 1304 141 1339 15
161 1308 374 1339 exercere.
431 1291 648 1336 Recolunt
663 1291 768 1348 quia
781 1290 993 1333 animalia
1009 1293 1136 1333 muta
1155 1305 1244 1334 non
1264 1305 1477 1348 generosa
1495 1295 1627 1348 putat

160 1363 259 1422 quis
278 1362 364 1406 nisi
384 1360 532 1405 fortia.

911 1417 1083 1486 Nempe
1112 1417 1336 1461 uolucrem
1642 1438 1667 1468 ο,

273 1477 337 1522 sic
365 1477 597 1521 laudamus
625 1490 799 1534 equum,
830 1475 950 1520 facili
980 1491 1051 1520 cui
1081 1476 1274 1534 plurima
1301 1476 1451 1534 palma

277 1536 434 1587 feruet,
463 1539 509 1579 et
537 1535 712 1579 exultat
740 1549 874 1578 rauco
902 1535 1090 1578 uictoria
1119 1534 1259 1578 Circo.

102 1616 147 1642 ao
277 1594 366 1638 Sed
394 1593 551 1638 uenale
579 1607 712 1651 pecus
741 1592 946 1638 Corinthi
976 1593 1213 1660 posteritas
1242 1596 1289 1636 et

277 1652 471 1710 Hirpini,
501 1651 539 1695 si
569 1666 670 1694 rara
698 1651 804 1709 iugo
832 1651 1022 1695 uictorla
1050 1651 1175 1694 sedit.

506 1710 719 1753 Dominos
747 1710 904 1767 pretiis
931 1714 1106 1753 mutare
1135 1709 1347 1753 iubentur

275 1768 449 1828 exiguis
478 1768 672 1826 tritoque
701 1767 890 1811 trahunt
918 1767 1115 1825 epiredia
1144 1768 1266 1812 eollo.

161 1848 389 1907 Siquidem

104 1950 146 1985 ²5
276 1929 485 1973 nobilitas
513 1928 607 1972 sola
636 1932 703 1972 est
732 1931 866 1986 atque
896 1928 1027 1972 unica
1056 1928 1215 1972 uirtus.

164 2009 282 2067 Ergo
299 2009 570 2068 generositas
589 2011 636 2052 et
653 2009 761 2053 clari
788 2009 1018 2067 sanguinis
1045 2009 1209 2062 lumen,
1230 2010 1313 2053 etsi
1338 2025 1390 2053 ea
1417 2025 1627 2068 magnum

163 2078 271 2136 quid
309 2093 402 2122 esse
441 2092 521 2136 per
557 2093 604 2122 se
643 2078 892 2122 Simonides
923 2078 1151 2136 glorietur,
1184 2079 1321 2123 nichil
1361 2079 1483 2122 aliud
1523 2085 1631 2123 sunt

163 2162 296 2205 quam
323 2162 495 2191 morum
514 2146 827 2198 manifestatio,
847 2147 1040 2206 gloriosa
1064 2148 1242 2205 quidem
1263 2149 1301 2192 si
1322 2149 1426 2191 boni
1448 2149 1630 2201 fuerint,

164 2216 455 2275 ignominiosa
479 2217 518 2260 si
548 2216 664 2260 mali.
724 2216 821 2261 Hoc
848 2220 999 2260 tamen
1026 2232 1165 2260 unum
1193 2233 1290 2261 meo
1313 2218 1488 2270 iudicio,
1509 2219 1630 2276 quic-

105 2305 148 2338 30
165 2286 272 2344 quid
285 2285 359 2329 ille
373 2286 549 2338 sentiat,
564 2287 727 2331 bonum
748 2287 883 2330 habet
896 2288 1169 2345 generositas
1185 2288 1302 2344 quod
1323 2288 1630 2331 necessitatem

165 2355 323 2399 indicit
341 2355 586 2413 probitatis.
644 2356 708 2400 At
722 2371 869 2400 rerum
881 2357 1008 2414 copia
1022 2372 1140 2401 nunc
1160 2358 1397 2400 auaritiam
1418 2358 1629 2409 accendit,
1647 2361 1677 2402 d

165 2438 284 2468 nunc
322 2424 372 2468 in
402 2424 588 2468 exitium
620 2427 666 2469 et
705 2426 1018 2469 exterminium
1058 2426 1128 2469 sui
1168 2426 1393 2470 luxuriam
1432 2427 1629 2471 instruit.

168 2493 317 2536 Huius

625 2551 853 2611 ingeniosa
881 2554 987 2612 gula
1016 2557 1106 2597 est:

170 2658 212 2695 13
237 2648 372 2686 dicunt
389 2648 428 2684 M
570 2659 616 2686 20
638 2649 823 2686 oon-iuthi
839 2649 871 2686 Β
1015 2653 1060 2688 28
1084 2650 1185 2688 bona
1201 2650 1353 2687 ΟΒΑΜι

218 2752 258 2790 15
285 2743 465 2779 animalia
481 2744 580 2780 etc.:
605 2754 638 2779 v.
656 2743 734 2780 Iuv.
750 2745 824 2780 Sat.
842 2743 920 2781 viii.
942 2744 1009 2791 56-
1014 2754 1068 2791 59,
1086 2746 1143 2788 62,
1162 2746 1219 2791 63,
1238 2746 1296 2792 65,
1313 2746 1370 2783 66.
1584 2756 1632 2782 20

169 2792 359 2828 Corinthi:
387 2790 587 2836 Coryphaei
603 2789 680 2826 Iuv.
777 2801 797 2827 2
804 2800 821 2837 5
846 2794 1015 2828 nobilitas
1032 2794 1103 2828 etc.
1119 2805 1127 2827 ε
1154 2792 1231 2829 Iuv.
1251 2795 1325 2829 Sat.
1337 2791 1414 2829 viii.
1430 2804 1488 2830 20.
1583 2804 1630 2839 34

168 2841 354 2884 inqeniosa
367 2838 457 2884 μαῖα
474 2841 547 2873 est:
572 2836 724 2874 Petron.
740 2839 818 2875 Sat.
837 2838 854 2885 ξ
878 2850 892 2875 1
903 2849 945 2884 19
965 2841 1086 2877 Cam.
1103 2842 1145 2876 de
1162 2841 1250 2885 belle
1265 2842 1364 2876 civili
1378 2851 1435 2887 33.

235 2910 316 2930 ww!
330 2910 351 2930 1¹
849 2916 879 2944 x
906 2916 936 2944 x
1456 2919 1519 2954 33⁷
