<?xml version="1.0" encoding="UTF-8"?>
<!DOCTYPE html PUBLIC "-//W3C//DTD XHTML 1.0 Transitional//EN"
    "http://www.w3.org/TR/xhtml1/DTD/xhtml1-transitional.dtd">
<html xmlns="http://www.w3.org/1999/xhtml" xml:lang="en" lang="en">
 <head>
  <title>
</title>
<meta http-equiv="Content-Type" content="text/html;charset=utf-8" />
  <meta name='ocr-system' content='tesseract 3.04.00' />
  <meta name='ocr-capabilities' content='ocr_page ocr_carea ocr_par ocr_line ocrx_word'/>
</head>
<body>
  <div class='ocr_page' id='page_1' title='image "./policraticisived02john_0196.png"; bbox 0 0 1988 3250; ppageno 0'>
   <div class='ocr_carea' id='block_1_1' title="bbox 244 207 1852 286">
    <p class='ocr_par' dir='ltr' id='par_1_1' title="bbox 244 207 1852 286">
     <span class='ocr_line' id='line_1_1' title="bbox 244 207 1852 286; baseline 0.001 -17"><span class='ocrx_word' id='word_1_1' title='bbox 244 229 327 280; x_wconf 86' lang='lat'>687</span> <span class='ocrx_word' id='word_1_2' title='bbox 347 239 373 270; x_wconf 87' lang='lat' dir='ltr'>c</span> <span class='ocrx_word' id='word_1_3' title='bbox 719 228 981 273; x_wconf 90' lang='lat' dir='ltr'>IOANNIS</span> <span class='ocrx_word' id='word_1_4' title='bbox 1021 207 1537 274; x_wconf 80' lang='lat' dir='ltr'>SARESBERIENSIS</span> <span class='ocrx_word' id='word_1_5' title='bbox 1657 229 1766 286; x_wconf 74' lang='grc' dir='ltr'><strong>[ΜΒ.</strong></span> <span class='ocrx_word' id='word_1_6' title='bbox 1779 238 1852 272; x_wconf 82' lang='lat' dir='ltr'>vn</span> 
     </span>
    </p>
   </div>
   <div class='ocr_carea' id='block_1_2' title="bbox 254 349 1936 2476">
    <p class='ocr_par' dir='ltr' id='par_1_2' title="bbox 387 349 1924 1171">
     <span class='ocr_line' id='line_1_2' title="bbox 387 349 1856 407; baseline 0 -15"><span class='ocrx_word' id='word_1_7' title='bbox 387 349 553 407; x_wconf 89' lang='lat' dir='ltr'>poterit</span> <span class='ocrx_word' id='word_1_8' title='bbox 591 364 684 394; x_wconf 88' lang='lat' dir='ltr'>esse</span> <span class='ocrx_word' id='word_1_9' title='bbox 718 353 939 402; x_wconf 87' lang='lat' dir='ltr'>excusata,</span> <span class='ocrx_word' id='word_1_10' title='bbox 970 351 1009 394; x_wconf 85' lang='lat' dir='ltr'>si</span> <span class='ocrx_word' id='word_1_11' title='bbox 1043 350 1297 394; x_wconf 89' lang='lat' dir='ltr'>ueneranda</span> <span class='ocrx_word' id='word_1_12' title='bbox 1330 349 1415 393; x_wconf 92' lang='lat' dir='ltr'>Dei</span> <span class='ocrx_word' id='word_1_13' title='bbox 1453 349 1620 407; x_wconf 84' lang='lat' dir='ltr'>templa</span> <span class='ocrx_word' id='word_1_14' title='bbox 1656 349 1856 407; x_wconf 90' lang='lat' dir='ltr'>pecuniis</span> 
     </span>
     <span class='ocr_line' id='line_1_3' title="bbox 388 418 1856 477; baseline 0 -15"><span class='ocrx_word' id='word_1_15' title='bbox 388 422 731 477; x_wconf 77' lang='lat' dir='ltr'>expugnenth</span> <span class='ocrx_word' id='word_1_16' title='bbox 791 420 933 473; x_wconf 84' lang='lat' dir='ltr'>Quem</span> <span class='ocrx_word' id='word_1_17' title='bbox 962 434 1139 463; x_wconf 90' lang='lat' dir='ltr'>murum</span> <span class='ocrx_word' id='word_1_18' title='bbox 1168 419 1419 476; x_wconf 67' lang='lat' dir='ltr'>integritati</span> <span class='ocrx_word' id='word_1_19' title='bbox 1448 422 1528 462; x_wconf 94' lang='lat' dir='ltr'>aut</span> <span class='ocrx_word' id='word_1_20' title='bbox 1554 419 1723 462; x_wconf 90' lang='lat' dir='ltr'>uallum</span> <span class='ocrx_word' id='word_1_21' title='bbox 1751 418 1856 462; x_wconf 85' lang='lat' dir='ltr'>fidei</span> 
     </span>
     <span class='ocr_line' id='line_1_4' title="bbox 388 488 1857 546; baseline -0.001 -14"><span class='ocrx_word' id='word_1_22' title='bbox 388 489 732 546; x_wconf 87' lang='lat' dir='ltr'>prouidebimus,</span> <span class='ocrx_word' id='word_1_23' title='bbox 751 490 790 532; x_wconf 88' lang='lat' dir='ltr'>si</span> <span class='ocrx_word' id='word_1_24' title='bbox 811 490 909 532; x_wconf 89' lang='lat' dir='ltr'>auri</span> <span class='ocrx_word' id='word_1_25' title='bbox 929 503 1053 533; x_wconf 85' lang='lat' dir='ltr'>sacra</span> <span class='ocrx_word' id='word_1_26' title='bbox 1073 488 1214 532; x_wconf 78' lang='lat' dir='ltr'>fames</span> <span class='ocrx_word' id='word_1_27' title='bbox 1235 489 1318 546; x_wconf 85' lang='lat' dir='ltr'>(in)</span> <span class='ocrx_word' id='word_1_28' title='bbox 1339 488 1592 531; x_wconf 91' lang='lat' dir='ltr'>ueneranda</span> <span class='ocrx_word' id='word_1_29' title='bbox 1611 488 1857 546; x_wconf 89' lang='lat' dir='ltr'>penetralia</span> 
     </span>
     <span class='ocr_line' id='line_1_5' title="bbox 389 557 1856 615; baseline -0.001 -14"><span class='ocrx_word' id='word_1_30' title='bbox 389 558 643 615; x_wconf 59' lang='lat' dir='ltr'>proserpit?</span> <span class='ocrx_word' id='word_1_31' title='bbox 694 558 824 612; x_wconf 83' lang='lat' dir='ltr'>Quod</span> <span class='ocrx_word' id='word_1_32' title='bbox 843 558 1035 615; x_wconf 90' lang='lat' dir='ltr'>denique</span> <span class='ocrx_word' id='word_1_33' title='bbox 1053 560 1234 602; x_wconf 90' lang='lat' dir='ltr'>cautum</span> <span class='ocrx_word' id='word_1_34' title='bbox 1250 572 1343 601; x_wconf 87' lang='lat' dir='ltr'>esse</span> <span class='ocrx_word' id='word_1_35' title='bbox 1358 557 1523 615; x_wconf 87' lang='lat' dir='ltr'>poterit</span> <span class='ocrx_word' id='word_1_36' title='bbox 1543 561 1623 601; x_wconf 91' lang='lat' dir='ltr'>aut</span> <span class='ocrx_word' id='word_1_37' title='bbox 1643 571 1856 607; x_wconf 90' lang='lat' dir='ltr'>securum,</span> 
     </span>
     <span class='ocr_line' id='line_1_6' title="bbox 391 626 1896 685; baseline 0 -16"><span class='ocrx_word' id='word_1_38' title='bbox 391 627 430 669; x_wconf 89' lang='lat' dir='ltr'>si</span> <span class='ocrx_word' id='word_1_39' title='bbox 475 627 689 671; x_wconf 88' lang='lat' dir='ltr'>sanctitas</span> <span class='ocrx_word' id='word_1_40' title='bbox 735 628 992 685; x_wconf 88' lang='lat' dir='ltr'>incorrupta</span> <span class='ocrx_word' id='word_1_41' title='bbox 1034 627 1363 684; x_wconf 58' lang='lat' dir='ltr'>corrumpitur?</span> <span class='ocrx_word' id='word_1_42' title='bbox 1441 626 1593 670; x_wconf 80' lang='lat' dir='ltr'>Cesset</span> <span class='ocrx_word' id='word_1_43' title='bbox 1641 627 1859 670; x_wconf 85' lang='lat' dir='ltr'>altaribus</span> <span class='ocrx_word' id='word_1_44' title='bbox 1877 639 1896 674; x_wconf 88' lang='lat'><strong>5</strong></span> 
     </span>
     <span class='ocr_line' id='line_1_7' title="bbox 391 692 1860 754; baseline 0.001 -16"><span class='ocrx_word' id='word_1_45' title='bbox 391 696 621 740; x_wconf 88' lang='lat' dir='ltr'>imminere</span> <span class='ocrx_word' id='word_1_46' title='bbox 667 697 922 754; x_wconf 87' lang='lat' dir='ltr'>prophanus</span> <span class='ocrx_word' id='word_1_47' title='bbox 968 697 1101 739; x_wconf 90' lang='lat' dir='ltr'>ardor</span> <span class='ocrx_word' id='word_1_48' title='bbox 1131 696 1349 739; x_wconf 86' lang='lat' dir='ltr'>auaritiae</span> <span class='ocrx_word' id='word_1_49' title='bbox 1388 698 1434 739; x_wconf 90' lang='lat' dir='ltr'>et</span> <span class='ocrx_word' id='word_1_50' title='bbox 1475 711 1504 739; x_wconf 92' lang='lat' dir='ltr'>a</span> <span class='ocrx_word' id='word_1_51' title='bbox 1546 692 1681 740; x_wconf 85' lang='lat' dir='ltr'>sacris</span> <span class='ocrx_word' id='word_1_52' title='bbox 1724 696 1860 739; x_wconf 87' lang='lat' dir='ltr'>aditis</span> 
     </span>
     <span class='ocr_line' id='line_1_8' title="bbox 392 765 1862 823; baseline -0.001 -15"><span class='ocrx_word' id='word_1_53' title='bbox 392 766 634 822; x_wconf 85' lang='lat' dir='ltr'>repellatur</span> <span class='ocrx_word' id='word_1_54' title='bbox 665 766 888 823; x_wconf 90' lang='lat' dir='ltr'>piaculare</span> <span class='ocrx_word' id='word_1_55' title='bbox 927 765 1160 822; x_wconf 90' lang='lat' dir='ltr'>flagitium.</span> <span class='ocrx_word' id='word_1_56' title='bbox 1219 765 1379 822; x_wconf 89' lang='lat' dir='ltr'>Itaque</span> <span class='ocrx_word' id='word_1_57' title='bbox 1418 769 1567 809; x_wconf 89' lang='lat' dir='ltr'>castus</span> <span class='ocrx_word' id='word_1_58' title='bbox 1602 769 1648 809; x_wconf 86' lang='lat' dir='ltr'>et</span> <span class='ocrx_word' id='word_1_59' title='bbox 1679 765 1862 808; x_wconf 90' lang='lat' dir='ltr'>humilis</span> 
     </span>
     <span class='ocr_line' id='line_1_9' title="bbox 393 834 1861 892; baseline 0 -14"><span class='ocrx_word' id='word_1_60' title='bbox 393 835 586 892; x_wconf 80' lang='lat' dir='ltr'>eligatur</span> <span class='ocrx_word' id='word_1_61' title='bbox 600 836 765 878; x_wconf 88' lang='lat' dir='ltr'>nostris</span> <span class='ocrx_word' id='word_1_62' title='bbox 778 835 1053 892; x_wconf 82' lang='lat' dir='ltr'>temporibus</span> <span class='ocrx_word' id='word_1_63' title='bbox 1068 835 1307 892; x_wconf 62' lang='lat' dir='ltr'>episcopus</span> <span class='ocrx_word' id='word_1_64' title='bbox 1315 838 1368 878; x_wconf 93' lang='lat' dir='ltr'>ut</span> <span class='ocrx_word' id='word_1_65' title='bbox 1383 834 1577 878; x_wconf 87' lang='lat' dir='ltr'>locorum</span> <span class='ocrx_word' id='word_1_66' title='bbox 1586 849 1861 892; x_wconf 87' lang='lat' dir='ltr'>quocumque</span> 
     </span>
     <span class='ocr_line' id='line_1_10' title="bbox 393 904 1861 962; baseline -0.001 -14"><span class='ocrx_word' id='word_1_67' title='bbox 393 905 648 962; x_wconf 89' lang='lat' dir='ltr'>peruenerit</span> <span class='ocrx_word' id='word_1_68' title='bbox 667 904 817 948; x_wconf 82' lang='lat' dir='ltr'>omnia</span> <span class='ocrx_word' id='word_1_69' title='bbox 836 905 958 947; x_wconf 91' lang='lat' dir='ltr'>uitae</span> <span class='ocrx_word' id='word_1_70' title='bbox 978 904 1183 961; x_wconf 89' lang='lat' dir='ltr'>propriae</span> <span class='ocrx_word' id='word_1_71' title='bbox 1203 904 1463 962; x_wconf 89' lang='lat' dir='ltr'>integritate</span> <span class='ocrx_word' id='word_1_72' title='bbox 1482 904 1698 961; x_wconf 90' lang='lat' dir='ltr'>purificet.</span> <span class='ocrx_word' id='word_1_73' title='bbox 1756 904 1861 947; x_wconf 92' lang='lat' dir='ltr'>Non</span> 
     </span>
     <span class='ocr_line' id='line_1_11' title="bbox 393 973 1924 1031; baseline -0.002 -14"><span class='ocrx_word' id='word_1_74' title='bbox 393 974 540 1031; x_wconf 89' lang='lat' dir='ltr'>precio</span> <span class='ocrx_word' id='word_1_75' title='bbox 570 974 647 1017; x_wconf 90' lang='lat' dir='ltr'>sed</span> <span class='ocrx_word' id='word_1_76' title='bbox 682 974 884 1031; x_wconf 84' lang='lat' dir='ltr'>precibus</span> <span class='ocrx_word' id='word_1_77' title='bbox 913 973 1145 1016; x_wconf 85' lang='lat' dir='ltr'>ordinetur</span> <span class='ocrx_word' id='word_1_78' title='bbox 1173 973 1372 1024; x_wconf 87' lang='lat' dir='ltr'>antistes,</span> <span class='ocrx_word' id='word_1_79' title='bbox 1395 976 1573 1016; x_wconf 90' lang='lat' dir='ltr'>tantum</span> <span class='ocrx_word' id='word_1_80' title='bbox 1603 974 1660 1016; x_wconf 90' lang='lat' dir='ltr'>ab</span> <span class='ocrx_word' id='word_1_81' title='bbox 1689 973 1863 1016; x_wconf 88' lang='lat' dir='ltr'>ambitu</span> <span class='ocrx_word' id='word_1_82' title='bbox 1881 988 1924 1013; x_wconf 77' lang='grc' dir='ltr'>ιο</span> 
     </span>
     <span class='ocr_line' id='line_1_12' title="bbox 395 1043 1864 1101; baseline 0 -15"><span class='ocrx_word' id='word_1_83' title='bbox 395 1043 527 1086; x_wconf 90' lang='lat' dir='ltr'>debet</span> <span class='ocrx_word' id='word_1_84' title='bbox 547 1058 639 1087; x_wconf 90' lang='lat' dir='ltr'>esse</span> <span class='ocrx_word' id='word_1_85' title='bbox 660 1044 878 1101; x_wconf 89' lang='lat' dir='ltr'>sepositus</span> <span class='ocrx_word' id='word_1_86' title='bbox 893 1046 946 1086; x_wconf 92' lang='lat' dir='ltr'>ut</span> <span class='ocrx_word' id='word_1_87' title='bbox 961 1046 1203 1100; x_wconf 74' lang='lat' dir='ltr'>quaeratur</span> <span class='ocrx_word' id='word_1_88' title='bbox 1217 1043 1451 1100; x_wconf 89' lang='lat' dir='ltr'>cogendus,</span> <span class='ocrx_word' id='word_1_89' title='bbox 1472 1046 1655 1100; x_wconf 90' lang='lat' dir='ltr'>rogatus</span> <span class='ocrx_word' id='word_1_90' title='bbox 1674 1043 1864 1095; x_wconf 85' lang='lat' dir='ltr'>recedat,</span> 
     </span>
     <span class='ocr_line' id='line_1_13' title="bbox 395 1112 1864 1171; baseline 0.001 -16"><span class='ocrx_word' id='word_1_91' title='bbox 395 1113 616 1156; x_wconf 88' lang='lat' dir='ltr'>inuitatus</span> <span class='ocrx_word' id='word_1_92' title='bbox 628 1114 826 1171; x_wconf 87' lang='lat' dir='ltr'>effugiat.</span> <span class='ocrx_word' id='word_1_93' title='bbox 878 1113 982 1156; x_wconf 89' lang='lat' dir='ltr'>Sola</span> <span class='ocrx_word' id='word_1_94' title='bbox 995 1113 1061 1155; x_wconf 90' lang='lat' dir='ltr'>illi</span> <span class='ocrx_word' id='word_1_95' title='bbox 1077 1113 1347 1170; x_wconf 86' lang='lat' dir='ltr'>suffragetur</span> <span class='ocrx_word' id='word_1_96' title='bbox 1361 1113 1598 1156; x_wconf 82' lang='lat' dir='ltr'>necessitas</span> <span class='ocrx_word' id='word_1_97' title='bbox 1613 1112 1864 1156; x_wconf 83' lang='lat' dir='ltr'>excusandi.</span> 
     </span>
    </p>

    <p class='ocr_par' dir='ltr' id='par_1_3' title="bbox 349 1181 1931 1794">
     <span class='ocr_line' id='line_1_14' title="bbox 349 1181 1864 1240; baseline 0.001 -17"><span class='ocrx_word' id='word_1_98' title='bbox 349 1182 378 1223; x_wconf 87' lang='lat' dir='ltr'>d</span> <span class='ocrx_word' id='word_1_99' title='bbox 398 1181 600 1226; x_wconf 85' lang='lat' dir='ltr'>Profecto</span> <span class='ocrx_word' id='word_1_100' title='bbox 621 1182 739 1225; x_wconf 89' lang='lat' dir='ltr'>enim</span> <span class='ocrx_word' id='word_1_101' title='bbox 759 1182 972 1240; x_wconf 88' lang='lat' dir='ltr'>indignus</span> <span class='ocrx_word' id='word_1_102' title='bbox 996 1184 1064 1225; x_wconf 90' lang='lat' dir='ltr'>est</span> <span class='ocrx_word' id='word_1_103' title='bbox 1090 1181 1349 1233; x_wconf 88' lang='lat' dir='ltr'>sacerdotio,</span> <span class='ocrx_word' id='word_1_104' title='bbox 1366 1181 1454 1225; x_wconf 90' lang='lat' dir='ltr'>nisi</span> <span class='ocrx_word' id='word_1_105' title='bbox 1475 1181 1614 1225; x_wconf 83' lang='lat' dir='ltr'>fuerit</span> <span class='ocrx_word' id='word_1_106' title='bbox 1633 1181 1864 1225; x_wconf 84' lang='lat' dir='ltr'>ordinatus</span> 
     </span>
     <span class='ocr_line' id='line_1_15' title="bbox 397 1251 1865 1309; baseline 0 -16"><span class='ocrx_word' id='word_1_107' title='bbox 397 1251 580 1303; x_wconf 91' lang='lat' dir='ltr'>inuitus,</span> <span class='ocrx_word' id='word_1_108' title='bbox 610 1266 711 1295; x_wconf 90' lang='lat' dir='ltr'>cum</span> <span class='ocrx_word' id='word_1_109' title='bbox 742 1267 848 1295; x_wconf 89' lang='lat' dir='ltr'>sane</span> <span class='ocrx_word' id='word_1_110' title='bbox 880 1251 1080 1309; x_wconf 89' lang='lat' dir='ltr'>quisquis</span> <span class='ocrx_word' id='word_1_111' title='bbox 1112 1252 1227 1294; x_wconf 89' lang='lat' dir='ltr'>hanc</span> <span class='ocrx_word' id='word_1_112' title='bbox 1256 1254 1455 1295; x_wconf 86' lang='lat' dir='ltr'>sanctam</span> <span class='ocrx_word' id='word_1_113' title='bbox 1486 1254 1532 1294; x_wconf 90' lang='lat' dir='ltr'>et</span> <span class='ocrx_word' id='word_1_114' title='bbox 1565 1251 1865 1294; x_wconf 89' lang='lat' dir='ltr'>uenerabilem</span> 
     </span>
     <span class='ocr_line' id='line_1_16' title="bbox 397 1312 1926 1378; baseline 0.001 -14"><span class='ocrx_word' id='word_1_115' title='bbox 397 1320 615 1364; x_wconf 86' lang='lat' dir='ltr'>antistitis</span> <span class='ocrx_word' id='word_1_116' title='bbox 647 1320 794 1364; x_wconf 90' lang='lat' dir='ltr'>sedem</span> <span class='ocrx_word' id='word_1_117' title='bbox 828 1312 1040 1378; x_wconf 83' lang='lat' dir='ltr'>pecuniae</span> <span class='ocrx_word' id='word_1_118' title='bbox 1075 1321 1334 1364; x_wconf 90' lang='lat' dir='ltr'>interuentu</span> <span class='ocrx_word' id='word_1_119' title='bbox 1368 1321 1537 1364; x_wconf 89' lang='lat' dir='ltr'>subisse</span> <span class='ocrx_word' id='word_1_120' title='bbox 1571 1324 1651 1364; x_wconf 91' lang='lat' dir='ltr'>aut</span> <span class='ocrx_word' id='word_1_121' title='bbox 1684 1321 1723 1364; x_wconf 91' lang='lat' dir='ltr'>si</span> <span class='ocrx_word' id='word_1_122' title='bbox 1754 1320 1865 1378; x_wconf 91' lang='lat' dir='ltr'>quis,</span> <span class='ocrx_word' id='word_1_123' title='bbox 1885 1331 1926 1366; x_wconf 84' lang='lat'>¹5</span> 
     </span>
     <span class='ocr_line' id='line_1_17' title="bbox 398 1389 1867 1448; baseline 0.001 -16"><span class='ocrx_word' id='word_1_124' title='bbox 398 1392 451 1432; x_wconf 92' lang='lat' dir='ltr'>ut</span> <span class='ocrx_word' id='word_1_125' title='bbox 466 1389 656 1432; x_wconf 91' lang='lat' dir='ltr'>alterum</span> <span class='ocrx_word' id='word_1_126' title='bbox 672 1390 898 1434; x_wconf 86' lang='lat' dir='ltr'>ordinaret</span> <span class='ocrx_word' id='word_1_127' title='bbox 910 1391 982 1433; x_wconf 91' lang='lat' dir='ltr'>uel</span> <span class='ocrx_word' id='word_1_128' title='bbox 999 1390 1194 1448; x_wconf 87' lang='lat' dir='ltr'>eligeret,</span> <span class='ocrx_word' id='word_1_129' title='bbox 1209 1390 1378 1447; x_wconf 90' lang='lat' dir='ltr'>aliquid</span> <span class='ocrx_word' id='word_1_130' title='bbox 1397 1390 1613 1447; x_wconf 86' lang='lat' dir='ltr'>accepisse</span> <span class='ocrx_word' id='word_1_131' title='bbox 1629 1389 1867 1448; x_wconf 88' lang='lat' dir='ltr'>detegitur,</span> 
     </span>
     <span class='ocr_line' id='line_1_18' title="bbox 400 1459 1868 1516; baseline 0.001 -15"><span class='ocrx_word' id='word_1_132' title='bbox 400 1459 458 1502; x_wconf 88' lang='lat' dir='ltr'>ad</span> <span class='ocrx_word' id='word_1_133' title='bbox 488 1459 631 1502; x_wconf 88' lang='lat' dir='ltr'>instar</span> <span class='ocrx_word' id='word_1_134' title='bbox 663 1459 829 1516; x_wconf 92' lang='lat' dir='ltr'>publici</span> <span class='ocrx_word' id='word_1_135' title='bbox 859 1460 1057 1503; x_wconf 89' lang='lat' dir='ltr'>criminis</span> <span class='ocrx_word' id='word_1_136' title='bbox 1087 1462 1133 1502; x_wconf 88' lang='lat' dir='ltr'>et</span> <span class='ocrx_word' id='word_1_137' title='bbox 1167 1460 1282 1503; x_wconf 87' lang='lat' dir='ltr'>lesae</span> <span class='ocrx_word' id='word_1_138' title='bbox 1313 1459 1559 1502; x_wconf 88' lang='lat' dir='ltr'>maiestatis</span> <span class='ocrx_word' id='word_1_139' title='bbox 1589 1459 1868 1504; x_wconf 85' lang='lat' dir='ltr'>accusatione</span> 
     </span>
     <span class='ocr_line' id='line_1_19' title="bbox 401 1528 1868 1586; baseline 0.001 -16"><span class='ocrx_word' id='word_1_140' title='bbox 401 1528 628 1586; x_wconf 89' lang='lat' dir='ltr'>proposita</span> <span class='ocrx_word' id='word_1_141' title='bbox 643 1543 670 1571; x_wconf 90' lang='lat' dir='ltr'>a</span> <span class='ocrx_word' id='word_1_142' title='bbox 682 1528 824 1586; x_wconf 90' lang='lat' dir='ltr'>gradu</span> <span class='ocrx_word' id='word_1_143' title='bbox 837 1529 1070 1572; x_wconf 87' lang='lat' dir='ltr'>sacerdotii</span> <span class='ocrx_word' id='word_1_144' title='bbox 1083 1529 1349 1572; x_wconf 88' lang='lat' dir='ltr'>retrahatur.</span> <span class='ocrx_word' id='word_1_145' title='bbox 1399 1528 1493 1572; x_wconf 91' lang='lat' dir='ltr'>Nec</span> <span class='ocrx_word' id='word_1_146' title='bbox 1509 1529 1651 1571; x_wconf 92' lang='lat' dir='ltr'>solum</span> <span class='ocrx_word' id='word_1_147' title='bbox 1663 1528 1868 1586; x_wconf 87' lang='lat' dir='ltr'>deinceps</span> 
     </span>
     <span class='ocr_line' id='line_1_20' title="bbox 401 1597 1868 1656; baseline 0.001 -16"><span class='ocrx_word' id='word_1_148' title='bbox 401 1597 566 1640; x_wconf 88' lang='lat' dir='ltr'>honore</span> <span class='ocrx_word' id='word_1_149' title='bbox 605 1597 774 1655; x_wconf 89' lang='lat' dir='ltr'>priuari</span> <span class='ocrx_word' id='word_1_150' title='bbox 814 1597 891 1641; x_wconf 86' lang='lat' dir='ltr'>sed</span> <span class='ocrx_word' id='word_1_151' title='bbox 928 1601 1167 1656; x_wconf 85' lang='lat' dir='ltr'>perpetuae</span> <span class='ocrx_word' id='word_1_152' title='bbox 1206 1612 1380 1655; x_wconf 88' lang='lat' dir='ltr'>quoque</span> <span class='ocrx_word' id='word_1_153' title='bbox 1419 1597 1630 1641; x_wconf 80' lang='lat' dir='ltr'>infamiae</span> <span class='ocrx_word' id='word_1_154' title='bbox 1664 1597 1868 1641; x_wconf 89' lang='lat' dir='ltr'>damnari</span> 
     </span>
     <span class='ocr_line' id='line_1_21' title="bbox 402 1666 1931 1726; baseline 0.001 -16"><span class='ocrx_word' id='word_1_155' title='bbox 402 1666 689 1718; x_wconf 88' lang='lat' dir='ltr'>decreuimus,</span> <span class='ocrx_word' id='word_1_156' title='bbox 716 1670 768 1710; x_wconf 91' lang='lat' dir='ltr'>ut</span> <span class='ocrx_word' id='word_1_157' title='bbox 794 1682 878 1718; x_wconf 79' lang='lat' dir='ltr'>coe,</span> <span class='ocrx_word' id='word_1_158' title='bbox 904 1682 1013 1725; x_wconf 92' lang='lat' dir='ltr'>quos</span> <span class='ocrx_word' id='word_1_159' title='bbox 1040 1668 1213 1712; x_wconf 84' lang='lat' dir='ltr'>facinus</span> <span class='ocrx_word' id='word_1_160' title='bbox 1240 1683 1321 1726; x_wconf 90' lang='lat' dir='ltr'>par</span> <span class='ocrx_word' id='word_1_161' title='bbox 1344 1667 1602 1725; x_wconf 87' lang='lat' dir='ltr'>coinquinat</span> <span class='ocrx_word' id='word_1_162' title='bbox 1625 1670 1671 1711; x_wconf 90' lang='lat' dir='ltr'>et</span> <span class='ocrx_word' id='word_1_163' title='bbox 1693 1670 1868 1724; x_wconf 81' lang='lat' dir='ltr'>aequat,</span> <span class='ocrx_word' id='word_1_164' title='bbox 1886 1675 1931 1701; x_wconf 78' lang='lat'>²0</span> 
     </span>
     <span class='ocr_line' id='line_1_22' title="bbox 402 1737 1187 1794; baseline 0.001 -14"><span class='ocrx_word' id='word_1_165' title='bbox 402 1740 613 1794; x_wconf 87' lang='lat' dir='ltr'>utrosque</span> <span class='ocrx_word' id='word_1_166' title='bbox 633 1737 789 1780; x_wconf 84' lang='lat' dir='ltr'>similis</span> <span class='ocrx_word' id='word_1_167' title='bbox 809 1751 923 1794; x_wconf 86' lang='lat' dir='ltr'>pena</span> <span class='ocrx_word' id='word_1_168' title='bbox 942 1738 1187 1781; x_wconf 88' lang='lat' dir='ltr'>comitetur.</span> 
     </span>
    </p>

    <p class='ocr_par' dir='ltr' id='par_1_4' title="bbox 403 1805 1933 2071">
     <span class='ocr_line' id='line_1_23' title="bbox 464 1805 1870 1850; baseline 0.001 -1"><span class='ocrx_word' id='word_1_169' title='bbox 464 1806 579 1850; x_wconf 87' lang='lat' dir='ltr'>Item</span> <span class='ocrx_word' id='word_1_170' title='bbox 615 1806 891 1849; x_wconf 87' lang='lat' dir='ltr'>Iustinianus</span> <span class='ocrx_word' id='word_1_171' title='bbox 920 1807 1237 1850; x_wconf 89' lang='lat' dir='ltr'>constitutione</span> <span class='ocrx_word' id='word_1_172' title='bbox 1272 1805 1484 1850; x_wconf 87' lang='lat' dir='ltr'>Nouella:</span> <span class='ocrx_word' id='word_1_173' title='bbox 1523 1805 1633 1849; x_wconf 86' lang='lat' dir='ltr'>Prae</span> <span class='ocrx_word' id='word_1_174' title='bbox 1664 1805 1870 1850; x_wconf 88' lang='lat' dir='ltr'>omnibus</span> 
     </span>
     <span class='ocr_line' id='line_1_24' title="bbox 404 1875 1872 1933; baseline 0 -14"><span class='ocrx_word' id='word_1_175' title='bbox 404 1875 513 1919; x_wconf 90' lang='lat' dir='ltr'>illud</span> <span class='ocrx_word' id='word_1_176' title='bbox 538 1875 764 1919; x_wconf 86' lang='lat' dir='ltr'>obseruari</span> <span class='ocrx_word' id='word_1_177' title='bbox 789 1876 1009 1919; x_wconf 85' lang='lat' dir='ltr'>sancimus</span> <span class='ocrx_word' id='word_1_178' title='bbox 1035 1878 1089 1919; x_wconf 89' lang='lat' dir='ltr'>ut</span> <span class='ocrx_word' id='word_1_179' title='bbox 1115 1876 1264 1920; x_wconf 91' lang='lat' dir='ltr'>nullus</span> <span class='ocrx_word' id='word_1_180' title='bbox 1290 1890 1368 1933; x_wconf 88' lang='lat' dir='ltr'>per</span> <span class='ocrx_word' id='word_1_181' title='bbox 1397 1875 1657 1933; x_wconf 86' lang='lat' dir='ltr'>suffragium</span> <span class='ocrx_word' id='word_1_182' title='bbox 1684 1875 1872 1919; x_wconf 86' lang='lat' dir='ltr'>alicuius</span> 
     </span>
     <span class='ocr_line' id='line_1_25' title="bbox 403 1943 1870 2002; baseline 0.001 -14"><span class='ocrx_word' id='word_1_183' title='bbox 403 1944 599 1988; x_wconf 79' lang='lat' dir='ltr'>muneris</span> <span class='ocrx_word' id='word_1_184' title='bbox 634 1944 863 2002; x_wconf 84' lang='lat' dir='ltr'>episcopus</span> <span class='ocrx_word' id='word_1_185' title='bbox 898 1945 1139 1988; x_wconf 90' lang='lat' dir='ltr'>ordinetur.</span> <span class='ocrx_word' id='word_1_186' title='bbox 1201 1945 1251 1988; x_wconf 90' lang='lat' dir='ltr'>Si</span> <span class='ocrx_word' id='word_1_187' title='bbox 1291 1943 1398 2002; x_wconf 89' lang='lat' dir='ltr'>quid</span> <span class='ocrx_word' id='word_1_188' title='bbox 1437 1947 1588 1987; x_wconf 85' lang='lat' dir='ltr'>autem</span> <span class='ocrx_word' id='word_1_189' title='bbox 1627 1944 1718 1988; x_wconf 82' lang='lat' dir='ltr'>tale</span> <span class='ocrx_word' id='word_1_190' title='bbox 1755 1959 1870 1989; x_wconf 90' lang='lat' dir='ltr'>com-</span> 
     </span>
     <span class='ocr_line' id='line_1_26' title="bbox 404 2013 1933 2071; baseline 0.001 -14"><span class='ocrx_word' id='word_1_191' title='bbox 404 2014 556 2064; x_wconf 88' lang='lat' dir='ltr'>itatur,</span> <span class='ocrx_word' id='word_1_192' title='bbox 597 2013 679 2071; x_wconf 84' lang='lat' dir='ltr'>ipsi</span> <span class='ocrx_word' id='word_1_193' title='bbox 720 2013 878 2057; x_wconf 86' lang='lat' dir='ltr'>dantes</span> <span class='ocrx_word' id='word_1_194' title='bbox 926 2017 972 2057; x_wconf 90' lang='lat' dir='ltr'>et</span> <span class='ocrx_word' id='word_1_195' title='bbox 1011 2014 1275 2071; x_wconf 81' lang='lat' dir='ltr'>accipientes</span> <span class='ocrx_word' id='word_1_196' title='bbox 1325 2018 1371 2057; x_wconf 89' lang='lat' dir='ltr'>et</span> <span class='ocrx_word' id='word_1_197' title='bbox 1416 2029 1568 2058; x_wconf 87' lang='lat' dir='ltr'>eorum</span> <span class='ocrx_word' id='word_1_198' title='bbox 1607 2014 1872 2059; x_wconf 87' lang='lat' dir='ltr'>mediatores</span> <span class='ocrx_word' id='word_1_199' title='bbox 1891 2021 1933 2058; x_wconf 76' lang='lat'>²5</span> 
     </span>
    </p>

    <p class='ocr_par' dir='ltr' id='par_1_5' title="bbox 254 2082 1936 2476">
     <span class='ocr_line' id='line_1_27' title="bbox 254 2082 1872 2142; baseline 0 -14"><span class='ocrx_word' id='word_1_200' title='bbox 254 2082 338 2125; x_wconf 89' lang='grc'>688</span> <span class='ocrx_word' id='word_1_201' title='bbox 359 2092 389 2122; x_wconf 74' lang='lat' dir='ltr'>a</span> <span class='ocrx_word' id='word_1_202' title='bbox 405 2083 711 2142; x_wconf 81' lang='lat' dir='ltr'>dampnationi</span> <span class='ocrx_word' id='word_1_203' title='bbox 751 2083 1040 2128; x_wconf 83' lang='lat' dir='ltr'>subiciantur.</span> <span class='ocrx_word' id='word_1_204' title='bbox 1107 2084 1165 2127; x_wconf 90' lang='lat' dir='ltr'>Et</span> <span class='ocrx_word' id='word_1_205' title='bbox 1203 2087 1437 2142; x_wconf 84' lang='lat' dir='ltr'>propterea</span> <span class='ocrx_word' id='word_1_206' title='bbox 1476 2084 1552 2141; x_wconf 90' lang='lat' dir='ltr'>qui</span> <span class='ocrx_word' id='word_1_207' title='bbox 1592 2083 1671 2127; x_wconf 90' lang='lat' dir='ltr'>dat</span> <span class='ocrx_word' id='word_1_208' title='bbox 1710 2087 1756 2127; x_wconf 89' lang='lat' dir='ltr'>et</span> <span class='ocrx_word' id='word_1_209' title='bbox 1794 2084 1872 2142; x_wconf 90' lang='lat' dir='ltr'>qui</span> 
     </span>
     <span class='ocr_line' id='line_1_28' title="bbox 406 2153 1874 2211; baseline 0.001 -14"><span class='ocrx_word' id='word_1_210' title='bbox 406 2153 568 2211; x_wconf 86' lang='lat' dir='ltr'>accipit</span> <span class='ocrx_word' id='word_1_211' title='bbox 587 2156 633 2196; x_wconf 92' lang='lat' dir='ltr'>et</span> <span class='ocrx_word' id='word_1_212' title='bbox 652 2153 870 2196; x_wconf 87' lang='lat' dir='ltr'>mediator</span> <span class='ocrx_word' id='word_1_213' title='bbox 889 2153 1121 2197; x_wconf 83' lang='lat' dir='ltr'>sacerdotii</span> <span class='ocrx_word' id='word_1_214' title='bbox 1149 2157 1229 2197; x_wconf 87' lang='lat' dir='ltr'>aut</span> <span class='ocrx_word' id='word_1_215' title='bbox 1255 2154 1359 2197; x_wconf 89' lang='lat' dir='ltr'>cleri</span> <span class='ocrx_word' id='word_1_216' title='bbox 1388 2154 1551 2197; x_wconf 89' lang='lat' dir='ltr'>honore</span> <span class='ocrx_word' id='word_1_217' title='bbox 1579 2156 1874 2198; x_wconf 83' lang='lat' dir='ltr'>remoueatur.</span> 
     </span>
     <span class='ocr_line' id='line_1_29' title="bbox 408 2223 1873 2280; baseline -0.001 -13"><span class='ocrx_word' id='word_1_218' title='bbox 408 2223 537 2278; x_wconf 86' lang='lat' dir='ltr'>Quod</span> <span class='ocrx_word' id='word_1_219' title='bbox 575 2226 725 2267; x_wconf 84' lang='lat' dir='ltr'>autem</span> <span class='ocrx_word' id='word_1_220' title='bbox 760 2237 841 2280; x_wconf 88' lang='lat' dir='ltr'>pro</span> <span class='ocrx_word' id='word_1_221' title='bbox 869 2223 950 2267; x_wconf 84' lang='lat' dir='ltr'>hac</span> <span class='ocrx_word' id='word_1_222' title='bbox 980 2237 1112 2266; x_wconf 81' lang='lat' dir='ltr'>causa</span> <span class='ocrx_word' id='word_1_223' title='bbox 1142 2223 1296 2266; x_wconf 87' lang='lat' dir='ltr'>datum</span> <span class='ocrx_word' id='word_1_224' title='bbox 1327 2226 1406 2274; x_wconf 90' lang='lat' dir='ltr'>est,</span> <span class='ocrx_word' id='word_1_225' title='bbox 1435 2223 1638 2267; x_wconf 86' lang='lat' dir='ltr'>ecclesiae</span> <span class='ocrx_word' id='word_1_226' title='bbox 1668 2223 1734 2266; x_wconf 92' lang='lat' dir='ltr'>illi</span> <span class='ocrx_word' id='word_1_227' title='bbox 1764 2238 1873 2267; x_wconf 88' lang='lat' dir='ltr'>uen-</span> 
     </span>
     <span class='ocr_line' id='line_1_30' title="bbox 407 2291 1874 2350; baseline -0.001 -14"><span class='ocrx_word' id='word_1_228' title='bbox 407 2293 580 2336; x_wconf 78' lang='lat' dir='ltr'>dicetur</span> <span class='ocrx_word' id='word_1_229' title='bbox 599 2292 725 2336; x_wconf 85' lang='lat' dir='ltr'>cuius</span> <span class='ocrx_word' id='word_1_230' title='bbox 741 2291 886 2335; x_wconf 88' lang='lat' dir='ltr'>uoluit</span> <span class='ocrx_word' id='word_1_231' title='bbox 901 2292 1194 2335; x_wconf 79' lang='lat' dir='ltr'>sacerdotium</span> <span class='ocrx_word' id='word_1_232' title='bbox 1215 2307 1479 2350; x_wconf 85' lang='lat' dir='ltr'>comparare.</span> <span class='ocrx_word' id='word_1_233' title='bbox 1531 2292 1578 2336; x_wconf 85' lang='lat' dir='ltr'>Si</span> <span class='ocrx_word' id='word_1_234' title='bbox 1600 2292 1716 2335; x_wconf 85' lang='lat' dir='ltr'>forte</span> <span class='ocrx_word' id='word_1_235' title='bbox 1735 2291 1874 2336; x_wconf 86' lang='lat' dir='ltr'>laicus</span> 
     </span>
     <span class='ocr_line' id='line_1_31' title="bbox 408 2360 1936 2419; baseline 0.001 -14"><span class='ocrx_word' id='word_1_236' title='bbox 408 2361 625 2406; x_wconf 76' lang='lat' dir='ltr'>mediator</span> <span class='ocrx_word' id='word_1_237' title='bbox 664 2376 745 2419; x_wconf 89' lang='lat' dir='ltr'>pro</span> <span class='ocrx_word' id='word_1_238' title='bbox 784 2361 866 2406; x_wconf 83' lang='lat' dir='ltr'>hac</span> <span class='ocrx_word' id='word_1_239' title='bbox 906 2375 1038 2405; x_wconf 82' lang='lat' dir='ltr'>causa</span> <span class='ocrx_word' id='word_1_240' title='bbox 1077 2362 1245 2419; x_wconf 86' lang='lat' dir='ltr'>aliquid</span> <span class='ocrx_word' id='word_1_241' title='bbox 1285 2362 1485 2419; x_wconf 84' lang='lat' dir='ltr'>accipiat,</span> <span class='ocrx_word' id='word_1_242' title='bbox 1520 2361 1567 2404; x_wconf 93' lang='lat' dir='ltr'>in</span> <span class='ocrx_word' id='word_1_243' title='bbox 1602 2361 1787 2419; x_wconf 90' lang='lat' dir='ltr'>duplum</span> <span class='ocrx_word' id='word_1_244' title='bbox 1826 2360 1874 2405; x_wconf 88' lang='lat' dir='ltr'>id</span> <span class='ocrx_word' id='word_1_245' title='bbox 1892 2370 1936 2407; x_wconf 79' lang='lat'>30</span> 
     </span>
     <span class='ocr_line' id='line_1_32' title="bbox 408 2431 862 2476; baseline -0.004 0"><span class='ocrx_word' id='word_1_246' title='bbox 408 2431 613 2476; x_wconf 76' lang='lat' dir='ltr'>ecclesiae</span> <span class='ocrx_word' id='word_1_247' title='bbox 643 2431 862 2475; x_wconf 85' lang='lat' dir='ltr'>restituat.</span> 
     </span>
    </p>
   </div>
   <div class='ocr_carea' id='block_1_3' title="bbox 410 2519 712 2525">
    <p class='ocr_par' dir='ltr' id='par_1_6' title="bbox 410 2519 712 2525">
     <span class='ocr_line' id='line_1_33' title="bbox 410 2519 712 2525; baseline 0 0"><span class='ocrx_word' id='word_1_248' title='bbox 410 2519 712 2525; x_wconf 95' lang='lat' dir='ltr'> </span> 
     </span>
    </p>
   </div>
   <div class='ocr_carea' id='block_1_4' title="bbox 715 2518 841 2525">
    <p class='ocr_par' dir='ltr' id='par_1_7' title="bbox 715 2518 841 2525">
     <span class='ocr_line' id='line_1_34' title="bbox 715 2518 841 2525; baseline 0 0"><span class='ocrx_word' id='word_1_249' title='bbox 715 2518 841 2525; x_wconf 95' lang='lat' dir='ltr'> </span> 
     </span>
    </p>
   </div>
   <div class='ocr_carea' id='block_1_5' title="bbox 409 2556 1876 2652">
    <p class='ocr_par' dir='ltr' id='par_1_8' title="bbox 409 2556 1876 2652">
     <span class='ocr_line' id='line_1_35' title="bbox 409 2556 1876 2642; baseline 0.001 -48"><span class='ocrx_word' id='word_1_250' title='bbox 409 2568 433 2642; x_wconf 61' lang='grc' dir='ltr'>Ξ</span> <span class='ocrx_word' id='word_1_251' title='bbox 456 2559 496 2594; x_wconf 72' lang='lat' dir='ltr'>ln</span> <span class='ocrx_word' id='word_1_252' title='bbox 514 2559 607 2594; x_wconf 72' lang='lat' dir='ltr'>deese</span> <span class='ocrx_word' id='word_1_253' title='bbox 625 2559 665 2593; x_wconf 73' lang='lat' dir='ltr'>in</span> <span class='ocrx_word' id='word_1_254' title='bbox 682 2559 783 2594; x_wconf 81' lang='lat' dir='ltr'>codd.</span> <span class='ocrx_word' id='word_1_255' title='bbox 975 2566 1019 2604; x_wconf 87' lang='grc'>23</span> <span class='ocrx_word' id='word_1_256' title='bbox 1046 2557 1256 2595; x_wconf 68' lang='lat' dir='ltr'>sanetimun</span> <span class='ocrx_word' id='word_1_257' title='bbox 1274 2558 1306 2593; x_wconf 83' lang='lat' dir='ltr'>A</span> <span class='ocrx_word' id='word_1_258' title='bbox 1514 2569 1559 2605; x_wconf 90' lang='lat'>30</span> <span class='ocrx_word' id='word_1_259' title='bbox 1585 2556 1751 2605; x_wconf 77' lang='lat' dir='ltr'>accipiat</span> <span class='ocrx_word' id='word_1_260' title='bbox 1767 2568 1833 2595; x_wconf 86' lang='lat' dir='ltr'>om.</span> <span class='ocrx_word' id='word_1_261' title='bbox 1851 2556 1876 2595; x_wconf 86' lang='lat' dir='ltr'>S</span> 
     </span>
     <span class='ocr_line' id='line_1_36' title="bbox 436 2604 1102 2652; baseline 0 -11"><span class='ocrx_word' id='word_1_262' title='bbox 436 2605 594 2652; x_wconf 78' lang='lat' dir='ltr'>upplun</span> <span class='ocrx_word' id='word_1_263' title='bbox 611 2605 643 2641; x_wconf 74' lang='lat' dir='ltr'>A</span> <span class='ocrx_word' id='word_1_264' title='bbox 785 2604 993 2643; x_wconf 75' lang='lat' dir='ltr'>aecclesiae</span> <span class='ocrx_word' id='word_1_265' title='bbox 1013 2604 1052 2641; x_wconf 90' lang='lat' dir='ltr'>id</span> <span class='ocrx_word' id='word_1_266' title='bbox 1070 2604 1102 2641; x_wconf 77' lang='lat' dir='ltr'>A</span> 
     </span>
    </p>
   </div>
   <div class='ocr_carea' id='block_1_6' title="bbox 408 2723 1880 2819">
    <p class='ocr_par' dir='ltr' id='par_1_9' title="bbox 408 2723 1880 2819">
     <span class='ocr_line' id='line_1_37' title="bbox 458 2723 1878 2772; baseline 0.001 -12"><span class='ocrx_word' id='word_1_267' title='bbox 458 2734 478 2770; x_wconf 88' lang='lat'>3</span> <span class='ocrx_word' id='word_1_268' title='bbox 503 2725 591 2760; x_wconf 66' lang='lat' dir='ltr'>auri</span> <span class='ocrx_word' id='word_1_269' title='bbox 606 2736 709 2760; x_wconf 76' lang='lat' dir='ltr'>mera</span> <span class='ocrx_word' id='word_1_270' title='bbox 727 2726 858 2765; x_wconf 69' lang='lat' dir='ltr'>fames:</span> <span class='ocrx_word' id='word_1_271' title='bbox 885 2724 961 2762; x_wconf 83' lang='lat' dir='ltr'>Ver</span> <span class='ocrx_word' id='word_1_272' title='bbox 989 2752 997 2761; x_wconf 86' lang='grc'>,</span> <span class='ocrx_word' id='word_1_273' title='bbox 1014 2726 1103 2761; x_wconf 80' lang='lat' dir='ltr'>Aen.</span> <span class='ocrx_word' id='word_1_274' title='bbox 1121 2723 1175 2761; x_wconf 83' lang='lat' dir='ltr'>iii.</span> <span class='ocrx_word' id='word_1_275' title='bbox 1195 2733 1249 2771; x_wconf 82' lang='grc'>57.</span> <span class='ocrx_word' id='word_1_276' title='bbox 1346 2735 1367 2770; x_wconf 87' lang='grc'>4</span> <span class='ocrx_word' id='word_1_277' title='bbox 1397 2726 1520 2770; x_wconf 81' lang='lat' dir='ltr'>Quod:</span> <span class='ocrx_word' id='word_1_278' title='bbox 1546 2726 1635 2772; x_wconf 70' lang='lat' dir='ltr'>quid</span> <span class='ocrx_word' id='word_1_279' title='bbox 1647 2723 1735 2762; x_wconf 80' lang='lat' dir='ltr'>eod.</span> <span class='ocrx_word' id='word_1_280' title='bbox 1834 2733 1878 2770; x_wconf 77' lang='lat'>¹4</span> 
     </span>
     <span class='ocr_line' id='line_1_38' title="bbox 408 2772 1880 2819; baseline 0 -12"><span class='ocrx_word' id='word_1_281' title='bbox 408 2772 646 2808; x_wconf 66' lang='lat' dir='ltr'>uena-abilam</span> <span class='ocrx_word' id='word_1_282' title='bbox 661 2784 668 2807; x_wconf 74' lang='grc' dir='ltr'>ε</span> <span class='ocrx_word' id='word_1_283' title='bbox 695 2773 939 2808; x_wconf 60' lang='lat' dir='ltr'>uerter-andam</span> <span class='ocrx_word' id='word_1_284' title='bbox 986 2772 1045 2808; x_wconf 85' lang='lat' dir='ltr'>od.</span> <span class='ocrx_word' id='word_1_285' title='bbox 1201 2782 1247 2809; x_wconf 85' lang='lat'>20</span> <span class='ocrx_word' id='word_1_286' title='bbox 1270 2774 1518 2819; x_wconf 69' lang='lat' dir='ltr'>quosfacinus</span> <span class='ocrx_word' id='word_1_287' title='bbox 1531 2784 1607 2819; x_wconf 81' lang='lat' dir='ltr'>par</span> <span class='ocrx_word' id='word_1_288' title='bbox 1621 2773 1831 2819; x_wconf 72' lang='lat' dir='ltr'>coinquinat</span> <span class='ocrx_word' id='word_1_289' title='bbox 1847 2776 1880 2808; x_wconf 77' lang='lat' dir='ltr'>et</span> 
     </span>
    </p>
   </div>
   <div class='ocr_carea' id='block_1_7' title="bbox 408 2818 1877 2914">
    <p class='ocr_par' dir='ltr' id='par_1_10' title="bbox 408 2818 1877 2914">
     <span class='ocr_line' id='line_1_39' title="bbox 408 2818 1877 2867; baseline 0.002 -13"><span class='ocrx_word' id='word_1_290' title='bbox 408 2824 559 2867; x_wconf 74' lang='lat' dir='ltr'>aequat:</span> <span class='ocrx_word' id='word_1_291' title='bbox 587 2830 618 2855; x_wconf 86' lang='lat' dir='ltr'>v.</span> <span class='ocrx_word' id='word_1_292' title='bbox 639 2818 778 2856; x_wconf 76' lang='lat' dir='ltr'>Lucan.</span> <span class='ocrx_word' id='word_1_293' title='bbox 796 2821 923 2855; x_wconf 72' lang='lat' dir='ltr'>Phara.</span> <span class='ocrx_word' id='word_1_294' title='bbox 942 2831 973 2856; x_wconf 85' lang='lat' dir='ltr'>v.</span> <span class='ocrx_word' id='word_1_295' title='bbox 992 2829 1072 2865; x_wconf 88' lang='lat'><strong>290.</strong></span> <span class='ocrx_word' id='word_1_296' title='bbox 1218 2829 1262 2856; x_wconf 83' lang='lat'>22</span> <span class='ocrx_word' id='word_1_297' title='bbox 1289 2821 1381 2856; x_wconf 72' lang='lat' dir='ltr'>Prae</span> <span class='ocrx_word' id='word_1_298' title='bbox 1397 2821 1562 2856; x_wconf 72' lang='lat' dir='ltr'>omnibus</span> <span class='ocrx_word' id='word_1_299' title='bbox 1575 2822 1669 2857; x_wconf 61' lang='lat' dir='ltr'>etc:</span> <span class='ocrx_word' id='word_1_300' title='bbox 1693 2831 1726 2856; x_wconf 84' lang='lat' dir='ltr'>v.</span> <span class='ocrx_word' id='word_1_301' title='bbox 1743 2819 1877 2857; x_wconf 74' lang='lat' dir='ltr'><em>Nonou.</em></span> 
     </span>
     <span class='ocr_line' id='line_1_40' title="bbox 410 2865 1266 2914; baseline 0 -11"><span class='ocrx_word' id='word_1_302' title='bbox 410 2865 526 2904; x_wconf 77' lang='lat' dir='ltr'>cxxiii</span> <span class='ocrx_word' id='word_1_303' title='bbox 545 2867 779 2912; x_wconf 70' lang='lat' dir='ltr'><em>(-Auehene.</em></span> <span class='ocrx_word' id='word_1_304' title='bbox 796 2866 881 2904; x_wconf 90' lang='lat' dir='ltr'>coll.</span> <span class='ocrx_word' id='word_1_305' title='bbox 901 2866 950 2904; x_wconf 84' lang='lat' dir='ltr'>ix.</span> <span class='ocrx_word' id='word_1_306' title='bbox 969 2866 1029 2904; x_wconf 73' lang='lat' dir='ltr'>tit.</span> <span class='ocrx_word' id='word_1_307' title='bbox 1048 2868 1086 2914; x_wconf 85' lang='lat'>6)</span> <span class='ocrx_word' id='word_1_308' title='bbox 1103 2878 1137 2904; x_wconf 90' lang='lat' dir='ltr'>c.</span> <span class='ocrx_word' id='word_1_309' title='bbox 1156 2876 1176 2903; x_wconf 92' lang='grc'><strong>2</strong></span> <span class='ocrx_word' id='word_1_310' title='bbox 1196 2866 1213 2914; x_wconf 83' lang='lat'>§</span> <span class='ocrx_word' id='word_1_311' title='bbox 1237 2877 1266 2905; x_wconf 85' lang='lat'>1.</span> 
     </span>
    </p>
   </div>
   <div class='ocr_carea' id='block_1_8' title="bbox 523 2939 583 2981">
    <p class='ocr_par' dir='ltr' id='par_1_11' title="bbox 523 2939 583 2981">
     <span class='ocr_line' id='line_1_41' title="bbox 523 2939 583 2981; baseline -0.017 -10"><span class='ocrx_word' id='word_1_312' title='bbox 523 2939 583 2981; x_wconf 71' lang='lat'>18⁴</span> 
     </span>
    </p>
   </div>
  </div>
 </body>
</html>
