1988 3250
260 173 345 223 789
364 181 390 212 c
737 170 998 216 IOANNIS
1037 170 1551 216 SARESBERIENSIS
1646 167 1761 233 [ΜΒ.
1776 181 1873 216 v111

402 292 571 336 strictis
596 292 866 350 pugionibus
890 292 996 350 peti,
1015 295 1122 351 toga
1147 295 1283 350 caput
1306 292 1518 344 obuoluit‚
1539 293 1671 337 simul
1691 294 1874 338 sinistra

402 377 540 405 manu
559 362 706 405 sinum
727 362 785 405 ad
804 362 895 405 ima
922 362 1122 413 deduxit,
1143 377 1231 419 quo
1260 362 1490 406 honestius
1515 363 1702 406 caderet.
1763 363 1873 406 Suc-

402 445 548 475 cessor
566 431 662 475 eius
681 431 913 489 Augustus
932 431 1212 475 felicissimus
1227 431 1424 475 omnium
1445 446 1491 475 se
1511 432 1595 475 sub
1613 432 1872 475 intermina-

403 500 526 544 tione
564 515 703 558 penae
742 501 971 544 dominum
1002 504 1069 544 est
1102 501 1355 558 prohibitus
1384 501 1607 559 appellare
1645 504 1691 545 et
1730 502 1873 545 ciuem

356 569 387 609 d
403 585 560 628 gerens
580 570 818 614 tirannidis
838 585 931 614 rem
951 570 1193 613 declinauit
1212 573 1258 614 et
1277 573 1443 614 notam.
1500 571 1703 614 Tiberius
1722 574 1873 614 autem
1891 584 1912 621 5

404 653 433 682 a
461 639 579 682 Iulio
608 639 770 682 tertius
798 654 971 683 ueneno
999 639 1138 691 obiit3
1182 639 1308 682 cuius
1339 642 1481 683 morte
1511 640 1577 683 ita
1606 640 1772 683 letatus
1806 642 1875 683 est

403 708 594 766 populus
636 712 689 752 ut
728 709 909 752 Terram
948 713 1136 751 matrem
1172 711 1217 751 et
1249 708 1366 751 Deos
1405 709 1559 752 Manes
1598 712 1778 752 orarent
1816 723 1874 752 116

402 782 580 821 mortuo
618 778 765 821 sedem
800 778 937 820 ullam
973 778 1132 820 darent
1166 777 1253 820 nisi
1284 777 1403 820 inter
1436 778 1608 835 impios.
1667 779 1738 831 Et,
1770 778 1876 822 licet

402 847 665 890 ueneficium
704 847 965 890 detestabile
1011 860 1183 903 semper
1221 845 1369 899 fuerit,
1408 861 1630 890 uenenum
1672 862 1760 905 quo
1798 847 1874 891 ille

403 916 628 960 extinctus
662 921 730 960 est
763 917 883 960 orbis
921 916 1093 959 censuit
1127 930 1220 959 esse
1258 916 1408 959 uitale.
1483 916 1672 974 Signum
1711 917 1873 960 ueneni
1892 934 1936 962 ιο

403 989 574 1030 certum
601 986 804 1029 habitum
832 989 900 1029 est
926 985 1044 1042 quod
1071 1000 1146 1028 cor
1172 985 1292 1028 inter
1316 1000 1415 1028 ossa
1435 986 1618 1029 cremati
1638 986 1873 1030 inuentum

404 1058 473 1099 est
511 1055 831 1112 incorruptum.
891 1055 956 1098 Ea
1000 1055 1118 1098 enim
1158 1070 1306 1098 rerum
1347 1055 1582 1098 estimatur
1620 1059 1783 1099 natura
1821 1058 1875 1100 ut

404 1125 596 1168 tinctum
628 1139 799 1168 ueneno
834 1124 937 1182 igne
979 1124 1134 1168 confici
1169 1127 1373 1182 nequeat.
1453 1125 1629 1168 Tertius
1667 1125 1875 1169 tirannus

404 1194 544 1238 Gaius
584 1194 788 1252 Caligula
826 1194 993 1238 occisus
1032 1197 1099 1237 est
1134 1209 1162 1237 a
1200 1194 1452 1238 domesticis
1490 1195 1593 1238 suis.
1671 1194 1875 1238 Tiberius

404 1263 631 1314 Claudius,
655 1264 840 1320 quintus
867 1279 894 1306 a
921 1263 1049 1314 Iulio,
1070 1264 1154 1307 etsi
1185 1263 1455 1307 tirannidem
1485 1264 1711 1315 uitauerit‚
1731 1264 1872 1307 mani·
1892 1278 1934 1317 15

404 1333 544 1386 festis,
573 1337 626 1376 ut
657 1333 771 1376 alter
802 1333 1017 1384 Tiberius,
1047 1333 1208 1376 ueneni
1243 1333 1383 1391 signis
1415 1333 1640 1377 extinctus
1671 1337 1750 1377 est.
1809 1333 1874 1377 At

406 1403 528 1446 Nero
556 1406 710 1446 sextus
741 1417 768 1445 a
797 1403 914 1446 Iulio
942 1403 1141 1446 omnium
1171 1403 1518 1446 immanissimus
1547 1406 1592 1446 et
1625 1403 1874 1447 uilissimus

254 1485 340 1526 790
360 1485 390 1515 a
406 1473 524 1516 hunc
544 1473 715 1515 exitum
736 1473 906 1517 habuit.
965 1473 1205 1530 Postquam
1225 1473 1355 1523 enim,
1367 1473 1652 1516 deformitate
1670 1476 1876 1516 ueterum

404 1541 646 1585 officiorum
667 1545 712 1584 et
732 1542 952 1599 angustiis
966 1542 1236 1599 flexurisque
1251 1542 1450 1586 uicorum
1465 1543 1669 1593 offensus,
1681 1545 1735 1585 ut
1747 1557 1874 1600 prae-

403 1610 572 1654 dictum
594 1614 673 1662 est,
688 1612 843 1654 urbem
864 1611 1070 1662 incendit,
1084 1612 1141 1654 ab
1160 1611 1281 1655 omni
1304 1612 1478 1669 populo,
1498 1612 1614 1655 sicut
1633 1611 1874 1656 Suetonius
1893 1628 1938 1654 πο

403 1679 688 1738 Tranquillus
737 1681 888 1734 refert,
933 1681 1133 1724 desertus
1182 1684 1260 1732 est,
1309 1684 1355 1724 et
1403 1696 1503 1724 cum
1552 1681 1777 1739 ingressus
1825 1681 1874 1724 in

403 1750 655 1794 cubiculum
686 1754 918 1807 quaereret
947 1765 1246 1808 percussorem
1277 1754 1323 1794 et
1351 1765 1440 1794 non
1470 1751 1703 1802 inueniret,
1723 1766 1876 1795 omnes

404 1819 568 1877 quippe
608 1820 924 1864 discesserant:
966 1820 1084 1877 Ergo
1123 1835 1215 1878 ego,
1248 1820 1406 1877 inquit,
1446 1835 1526 1864 nec
1565 1820 1756 1864 amicum
1795 1835 1876 1865 nec

404 1887 632 1932 inimicum
672 1889 846 1935 habeo?
925 1890 1049 1933 Idem
1087 1890 1220 1947 paulo
1254 1894 1494 1947 antequam
1533 1905 1580 1934 se
1618 1890 1877 1934 confoderet

404 1958 600 2001 scrobem
622 1972 767 2002 coram
789 1974 834 2002 se
854 1960 950 2003 fieri
981 1961 1205 2018 praecepit
1234 1961 1291 2003 ad
1322 1962 1516 2018 corporis
1543 1962 1612 2005 sui
1643 1961 1872 2006 modulum
1894 1980 1937 2017 ²⁵

403 2027 693 2085 componique
724 2028 771 2070 in
796 2043 848 2072 ea
871 2029 908 2072 si
937 2044 1026 2086 qua
1052 2029 1361 2073 inuenirentur
1387 2031 1620 2075 marmoris
1651 2031 1797 2075 frusta
1827 2034 1875 2075 et

403 2111 565 2154 aquam
593 2097 725 2140 simul
752 2102 798 2141 et
824 2098 948 2156 ligna
973 2099 1164 2142 conferri
1191 2100 1248 2143 ad
1276 2101 1521 2144 curandum
1545 2101 1746 2152 cadauer,
1766 2101 1876 2145 fiens

404 2166 461 2209 ad
491 2166 669 2224 singula
698 2170 832 2224 atque
863 2169 1018 2212 itidem
1049 2169 1287 2213 dictitans:
1329 2169 1484 2223 Qualis
1519 2170 1687 2214 artifex
1716 2176 1872 2229 pereol

404 2314 427 2348 4
454 2301 668 2349 prohibitus
684 2303 741 2340 eet
758 2302 825 2340 SM
972 2312 1012 2351 15
1038 2302 1108 2340 V²¹⁸
1125 2303 1154 2340 G
1299 2315 1342 2352 19
1367 2303 1552 2343 uiciorum
1573 2304 1753 2343 CBAS¹M

404 2431 1040 2533 sutfflffiffimffssssi.
1178 2435 1703 2519 {matrs-‘crassam
1718 2435 1876 2528 aa}

404 2525 506 2563 Oros.
532 2538 594 2562 vn.
619 2537 641 2571 4
669 2526 686 2574 §
712 2529 763 2563 18.
872 2531 976 2563 euius
989 2533 1098 2563 morte
1111 2529 1205 2565 etc.:
1234 2540 1264 2564 v.
1278 2528 1381 2565 Suet.
1399 2530 1544 2576 Tib.75.
1655 2538 1700 2566 10
1724 2530 1876 2574 Signum

403 2575 537 2609 ueneno·
552 2575 649 2610 eta:
676 2586 709 2612 v.
729 2574 824 2610 Plin.
843 2576 890 2612 Η.
905 2577 950 2612 N.
968 2575 1018 2611 xi.
1036 2588 1066 2611 c.
1086 2586 1126 2621 71
1150 2575 1167 2621 ξ
1189 2576 1265 2620 187.
1372 2587 1413 2621 14
1431 2578 1565 2613 occicus
1577 2582 1627 2613 m
1639 2589 1662 2614 a
1675 2577 1878 2614 dommim

403 2622 501 2657 euin:
527 2633 558 2656 v.
579 2623 682 2657 Oros.
702 2621 768 2659 vii.
788 2632 805 2669 5
826 2621 844 2669 ξ
865 2633 896 2668 9.
999 2632 1048 2670 15.
1072 2624 1113 2659 16
1139 2626 1344 2669 manifestis
1360 2626 1432 2661 etc.
1453 2636 1460 2660 :
1487 2636 1519 2660 v.
1536 2623 1640 2661 Oros.
1659 2623 1720 2660 vii.
1737 2625 1761 2661 6
1779 2623 1797 2670 ξ
1822 2625 1875 2662 18.

409 2669 451 2705 18
476 2670 702 2715 deformitate
719 2672 815 2707 eta:
841 2682 871 2705 v.
892 2670 995 2707 Suet.
1015 2672 1098 2707 Ner.
1119 2673 1176 2715 38.
1317 2682 1359 2718 19
1383 2673 1602 2718 officiorum:
1627 2673 1876 2718 aedificiorum

405 2714 510 2752 Suet.
643 2727 694 2762 19,
714 2727 760 2753 20
784 2722 824 2753 ut
866 2719 1064 2754 medictum
1081 2723 1151 2754 eet:
1177 2730 1208 2755 v,
1229 2730 1345 2765 supra
1361 2731 1391 2756 c.
1417 2719 1457 2756 18
1477 2719 1560 2766 (787
1573 2719 1628 2765 1)).
1759 2729 1805 2755 20
1829 2720 1875 2755 ab

402 2765 503 2800 omni
515 2765 649 2810 populo
666 2766 758 2801 etc.:
786 2777 816 2801 v.
835 2729 939 2802 gunt.
960 2767 1043 2802 Ner.
1061 2777 1117 2811 40.
1237 2777 1276 2803 21
1306 2779 1387 2802 cum
1404 2768 1584 2814 inquom
1601 2768 1694 2805 eta:
1719 2778 1751 2804 v.
1771 2765 1873 2804 Suet.

404 2811 489 2847 Ner.
508 2821 565 2856 47.
704 2821 746 2859 25
773 2814 928 2850 umbem
946 2816 1040 2851 ete:
1067 2825 1097 2850 v.
1117 2812 1219 2851 Suet.
1237 2816 1320 2851 Ner.
1338 2824 1395 2861 49.

514 2882 580 2927 3⁶6
