1988 3250
258 229 345 283 648
365 244 390 274 c
737 231 998 276 IOANNIS
1040 228 1555 276 SARESBERIENSIS
1674 230 1784 292 [1113.
1799 240 1885 275 vn*

402 356 541 405 erant,
570 353 664 397 fere
698 354 754 397 de
782 354 988 397 omnibus
1016 353 1233 396 dubitare.
1293 352 1523 410 Siquidem
1553 355 1654 410 post
1682 355 1870 396 mortem

354 426 383 466 (1
402 423 600 467 Platonis
624 423 847 481 Eusippus
874 423 1035 467 sororis
1059 423 1154 466 eius
1178 423 1297 466 filius
1321 425 1368 466 et
1391 423 1660 466 Xenocrates
1683 422 1871 480 dilectus

401 492 496 536 eius
516 493 758 550 discipulus
777 493 825 536 in
844 493 1018 543 scolam,
1038 507 1150 549 quae
1171 492 1442 535 Achademia
1460 492 1716 542 uocabatur,
1729 491 1872 534 eidem

401 565 720 615 successerunt;
749 566 796 606 et
810 563 867 606 ob
882 563 964 606 hoc
979 562 1065 619 ipsi
1081 564 1127 604 et
1142 576 1410 605 successores
1427 576 1579 605 eorum
1587 560 1870 604 Achademici

401 632 684 689 appellantur
713 647 740 675 a
770 632 864 676 loco
894 632 1010 675 sicut
1035 631 1251 674 Platonici
1275 646 1303 674 a
1326 631 1554 688 magistro.
1616 631 1686 673 Ex
1709 630 1871 687 quibus
1890 644 1910 679 5

401 701 532 744 ualde
549 701 774 744 nobilitati
790 704 896 744 sunt
912 700 1041 743 Greci
1058 700 1270 750 Plotinus,
1287 699 1526 743 Iamblicus
1539 703 1585 743 et
1601 699 1870 756 Porphirius,

400 771 643 814 catholicae
674 771 890 820 ueritatis,
921 773 974 812 ut
1005 769 1181 821 dicitur,
1211 769 1428 826 pessimus
1458 769 1755 827 impugnator.
1815 768 1872 810 In

401 841 590 897 utraque
611 855 717 883 uero
737 840 892 897 lingua
913 839 1052 882 Greca
1076 838 1243 881 scilicet
1270 840 1316 881 et
1335 838 1498 881 Latina
1525 839 1687 882 nobilis
1717 838 1873 882 extitit

398 910 615 967 Apuleius
627 910 760 960 Affer,
771 910 844 952 uir
858 923 1047 966 magnus
1063 908 1282 964 imprimis
1298 910 1343 950 et
1359 908 1435 964 qui
1448 910 1685 951 uenustate
1697 922 1871 950 morum

400 980 446 1021 et
475 978 650 1022 dicendi
680 978 806 1035 copia
833 977 1107 1021 Socraticum
1135 976 1307 1019 fontem
1332 979 1378 1019 et
1403 978 1647 1020 torrentem
1675 976 1870 1020 Platoni·
1890 988 1935 1014 ῐα

399 1062 500 1092 cum
522 1048 650 1091 facile
672 1047 868 1091 redoleat
887 1047 960 1090 uel
981 1046 1178 1089 tenuiter
1196 1046 1400 1103 sapienti.
1459 1046 1532 1089 Ab
1552 1046 1623 1089 his
1642 1046 1872 1089 fluxerunt

401 1120 447 1160 et
466 1117 542 1160 alii
562 1117 693 1159 multi
715 1117 791 1174 qui
812 1115 1078 1159 dubitabilia
1097 1115 1316 1159 discutere
1342 1116 1404 1159 sic
1431 1118 1484 1158 ut
1511 1116 1624 1158 nulli
1650 1115 1871 1173 praeiudi·
1891 1111 1893 1114 ’

244 1195 334 1244 649
354 1204 384 1233 a
400 1190 578 1230 caretur
605 1187 862 1229 maluerunt
890 1201 1024 1242 quam
1053 1200 1165 1228 ausu
1194 1186 1430 1228 temerario
1457 1185 1659 1238 diffinire,
1677 1185 1872 1228 maxime

400 1270 501 1300 cum
540 1256 757 1299 occultam
797 1255 1026 1298 crederent
1064 1254 1301 1297 ueritatem
1341 1269 1492 1298 eorum
1532 1255 1587 1298 de
1627 1255 1789 1312 quibus
1822 1254 1871 1297 in

400 1327 636 1382 utramque
666 1327 838 1382 partem
868 1324 1157 1380 probabiliter
1178 1324 1446 1381 disputatur.
1505 1324 1633 1367 Vnde
1660 1327 1706 1368 et
1725 1324 1868 1368 Acha-
1890 1337 1933 1374 15

400 1394 669 1437 demicorum
709 1393 1020 1450 antiquissima
1053 1393 1208 1450 regula
1242 1395 1310 1436 est
1339 1397 1392 1436 ut
1421 1393 1607 1450 quisque
1637 1394 1755 1451 quod
1785 1393 1871 1437 sibi

400 1464 592 1508 occurrit
620 1463 847 1520 probabile
877 1478 957 1506 suo
987 1463 1083 1506 iure
1113 1463 1334 1507 defendat.

401 1578 507 1636 Cap.
531 1590 566 1634 7.
608 1579 735 1632 Quod
775 1578 873 1622 alia
913 1593 1076 1630 sensus,
1108 1578 1208 1621 alia
1247 1579 1458 1630 rationis,
1493 1579 1593 1623 alia
1632 1579 1877 1636 ‘reliyionis

517 1648 782 1692 auctoritate
800 1646 1063 1703 probantur
1069 1667 1088 1698 ;
1119 1651 1158 1691 et
1179 1648 1297 1705 quod
1305 1648 1421 1705 fides
1434 1649 1491 1692 in
1506 1649 1637 1692 omni
1655 1649 1868 1694 doctrina

516 1717 705 1774 aliquod
737 1717 891 1760 stabile
924 1717 1123 1761 initium
1158 1718 1377 1761 ‘mendicat
1408 1719 1528 1775 quod
1547 1719 1740 1776 probari
1772 1735 1865 1763 ‘no‘n
1889 1737 1934 1761 πο

514 1786 665 1837 debet:
698 1791 735 1830 et
769 1788 887 1844 quod
923 1787 1024 1831 alia
1050 1802 1135 1844 per
1173 1803 1215 1831 se
1253 1788 1529 1832 doctioribus
1566 1789 1869 1842 innotescunt,

516 1857 615 1900 alia
648 1856 842 1900 rudibus
853 1875 871 1907 ;
912 1862 951 1900 et
975 1861 1199 1913 quatenus
1225 1857 1541 1902 dubitandum
1563 1859 1622 1902 sit
1633 1877 1652 1909 ;
1682 1863 1719 1902 et
1751 1859 1871 1916 quod

515 1926 774 1982 pertinacia
789 1926 1002 1970 ueritatis
1014 1926 1212 1983 inquisit
1219 1927 1364 1971 ionem
1380 1927 1650 1984 plurimum
1664 1929 1870 1986 impedit.

459 2017 577 2060 Sunt
605 2018 722 2060 enim
753 2018 967 2060 nonnulla
997 2033 1109 2075 quae
1138 2034 1292 2062 sensus
1322 2019 1508 2063 rationis
1534 2023 1614 2063 aut
1644 2020 1870 2078 religionis

400 2087 638 2144 persuadet
656 2087 909 2130 auctoritas.
970 2087 1142 2130 Horum
1164 2088 1387 2131 dubitatio
1411 2089 1686 2132 infirmitatis
1709 2092 1870 2135 erroris
1890 2106 1932 2142 ²5

402 2159 552 2198 notam
575 2156 709 2198 habet
724 2159 804 2199 aut
819 2156 1025 2199 criminis.
1086 2157 1307 2210 Quaerere
1328 2158 1445 2201 enim
1466 2173 1524 2200 an
1544 2159 1608 2202 sol
1629 2159 1872 2216 splendeat,

355 2232 385 2274 b
404 2225 551 2268 albeat
584 2225 676 2277 nix,
698 2225 814 2282 ignis
844 2226 995 2276 calcat,
1018 2226 1209 2269 hominis
1239 2231 1307 2269 est
1337 2241 1467 2270 sensu
1492 2227 1746 2285 indigentis.
1807 2229 1872 2273 At

402 2308 509 2337 uero
548 2309 605 2336 an
646 2295 867 2338 ternarius
909 2295 1081 2338 binario
1113 2296 1254 2339 maior
1285 2296 1345 2339 sit
1380 2296 1612 2354 ipsumque
1647 2300 1793 2341 totum
1826 2303 1872 2343 et

401 2363 684 2406 medietatem
707 2364 801 2406 eius
831 2365 1057 2408 contineat
1081 2380 1291 2422 quaerere
1322 2369 1367 2409 et
1394 2381 1450 2408 an
1480 2368 1791 2423 quaternarius
1811 2369 1872 2413 sit

401 2432 564 2489 duplus
584 2433 767 2483 binario,
782 2433 1007 2477 indiscreti
1029 2439 1096 2477 cst
1117 2439 1161 2478 ct
1181 2435 1251 2478 cui
1273 2439 1340 2478 cst
1361 2435 1476 2478 ratio
1496 2435 1638 2479 otiosa
1652 2440 1732 2480 aut
1747 2437 1872 2483 deest
1890 2451 1934 2486 30

403 2551 422 2589 5
448 2541 667 2588 apellantur
683 2541 793 2597 0883
821 2542 1055 2597 uocabantur
1072 2542 1111 2579 M
1232 2552 1252 2589 7
1278 2545 1322 2580 ut
1339 2543 1481 2598 dicitur
1497 2544 1673 2582 ueritatis
1690 2546 1736 2582 A¹
1847 2558 1871 2596 9

401 2589 567 2683 gnegphlffn
582 2636 613 2671 A
689 2600 732 2627 10
755 2589 924 2627 discendi
942 2589 1104 2626 CBASM
1252 2602 1306 2635 12,
1329 2601 1368 2638 13
1396 2592 1632 2629 iudicaretur
1651 2593 1704 2629 M¹
1824 2605 1872 2643 30

453 2745 468 2772 1
496 2737 679 2782 Siquidem
695 2739 767 2773 etc.
790 2747 908 2783 usque
925 2735 972 2772 ad
990 2738 1112 2782 Affer:
1140 2748 1171 2772 v.
1189 2736 1285 2783 Aug.
1302 2739 1345 2773 de
1370 2738 1410 2775 C.
1440 2739 1485 2774 D.
1505 2738 1581 2774 viii.
1602 2750 1654 2776 12.
1848 2751 1870 2778 2

401 2783 613 2829 Eune'ppue:
640 2786 864 2830 Speusippus
884 2783 977 2829 Aug.
1140 2793 1159 2829 7
1186 2786 1376 2821 catholicae
1395 2788 1570 2829 ueritatis,
1590 2793 1629 2823 ut
1646 2789 1790 2832 dicitur,
1807 2789 1871 2825 im·

397 2836 604 2877 puqnator:
630 2831 730 2867 haud
747 2843 790 2867 ox
810 2830 1035 2877 Augustino.
1185 2842 1229 2869 10
1251 2834 1471 2869 Socraticum
1477 2835 1638 2880 sontem:
1665 2836 1713 2871 cf.
1731 2834 1808 2873 Cio.
1826 2837 1871 2873 do

403 2879 503 2915 Orat.
523 2877 546 2914 i.
571 2888 612 2914 ιο
629 2878 646 2926 §
666 2888 712 2925 42
726 2880 1021 2926 philosophorum
1035 2890 1157 2926 yreqea
1171 2881 1216 2916 ab
1233 2881 1408 2926 illosonte
1427 2886 1459 2917 et
1475 2883 1590 2928 capite
1606 2884 1760 2922 socrate.

515 2958 574 2993 ¹¹⁴
