1988 3250
232 209 315 259 768
336 210 365 249 b
709 211 970 256 IOANNIS
1010 211 1525 256 SARESBERIENSIS
1625 211 1847 270 [ΜΒΝΙΠ

338 386 368 424 b
386 378 493 437 Cap.
517 393 581 433 14.
612 381 742 435 Quod
760 382 908 426 nichil
933 383 998 426 ad
1024 383 1223 439 yloriam
1242 382 1532 440 fructuosius
1557 386 1616 427 est
1646 382 1783 427 laude
1808 385 1847 426 et

488 449 660 506 fauore
703 450 926 496 bonorum
965 456 1004 496 et
1043 453 1244 496 maxime
1282 452 1559 509 scriptorum
1570 467 1588 504 ;
1638 456 1677 496 et
1726 451 1847 509 quod

499 520 717 576 turpium
735 521 1053 578 familiaritas
1079 537 1176 565 ‘non
1205 526 1302 565 tam
1326 522 1503 578 prodest
1531 536 1673 578 quam
1700 521 1811 566 obest
1826 539 1846 571 ;

499 593 539 632 et
559 589 680 646 quod
698 604 796 634 ’ωηο
816 590 1055 646 benefacto
1075 591 1149 634 uel
1168 590 1290 635 dicto
1307 591 1461 648 yloria
1474 595 1783 648 propayatur.

439 679 635 724 Interest
673 695 778 724 sane
821 681 939 724 inter
987 682 1278 739 cupiditatem
1321 682 1488 740 gloriae
1537 683 1756 725 humanae
1800 685 1846 726 et
1867 699 1886 733 ⁵

381 749 640 806 cupiditatis
678 749 893 792 ardorem.
972 750 1103 802 Nam,
1148 751 1252 794 licet
1290 751 1507 808 procliues
1546 751 1638 794 sint
1677 754 1730 794 ut
1769 751 1846 808 qui

382 818 579 861 humana
597 819 739 876 gloria
753 819 940 862 nimium
956 820 1244 871 delectantur,
1259 821 1395 863 etiam
1407 820 1626 863 dominari
1641 820 1849 864 ardenter

383 888 602 938 affectent,
646 892 795 931 tamen
842 889 918 945 qui
958 903 1123 940 ueram,
1162 889 1266 932 licet
1311 890 1608 932 humanarum
1652 889 1847 940 laudum,

382 957 570 1015 gloriam
597 958 922 1014 concupiscunt,
942 958 1052 1001 dant
1081 973 1260 1015 operam
1290 959 1401 1002 bene
1430 959 1730 1003 iudicantibus
1755 973 1845 1002 non

382 1027 623 1085 displicere.
686 1027 843 1071 Refert
862 1028 979 1070 enim
1001 1028 1242 1085 plurimum
1263 1029 1363 1086 quis
1381 1028 1453 1072 cui
1469 1031 1514 1072 et
1528 1028 1646 1071 unde
1660 1028 1844 1086 placeat.
1866 1047 1909 1071 10

383 1097 478 1141 Nec
508 1101 577 1141 est
613 1098 670 1140 ab
702 1113 753 1141 eo
782 1098 955 1140 laudari
984 1098 1225 1155 gloriosum
1255 1098 1380 1141 cuius
1410 1097 1692 1141 familiaritas
1721 1098 1846 1155 igno-

382 1167 565 1209 miniam
597 1166 776 1210 redolet.
848 1166 965 1210 Laus
998 1167 1131 1210 unius
1162 1167 1349 1211 studiosi
1383 1167 1537 1210 multis
1574 1166 1764 1224 profecit
1801 1169 1848 1214 et

382 1236 556 1279 suffecit
586 1236 643 1278 ad
674 1236 885 1293 gloriam;
926 1239 971 1279 et
990 1236 1233 1280 multorum
1267 1251 1396 1294 saepe
1430 1236 1752 1280 commendatio
1781 1236 1847 1279 in-

341 1317 367 1347 c
383 1305 566 1348 famiam
586 1305 769 1362 peperit.
830 1304 885 1348 In
901 1305 1132 1349 rethoricis
1152 1306 1272 1350 locus
1293 1310 1360 1349 est
1379 1305 1560 1349 celebris
1580 1320 1607 1348 a
1626 1306 1845 1357 conuictu,

381 1389 641 1432 morumque
680 1375 1016 1418 similitudinem
1056 1375 1235 1426 indicat,
1266 1378 1312 1419 et
1354 1375 1412 1418 ab
1451 1390 1503 1418 ea
1540 1375 1761 1418 amicitiae
1799 1378 1847 1419 et
1866 1394 1906 1429 15

379 1445 774 1489 commendationis
818 1459 999 1488 manare
1048 1445 1264 1503 originem
1313 1460 1443 1502 saepe
1491 1444 1718 1503 proditum
1767 1447 1844 1489 est.

381 1514 509 1565 Nolo,
539 1515 688 1572 inquit
719 1515 906 1572 sapiens,
939 1515 996 1558 ab
1039 1515 1109 1558 his
1148 1514 1322 1558 laudari
1362 1529 1550 1572 quorum
1589 1514 1686 1558 laus
1726 1514 1846 1558 uitu-

379 1584 553 1641 perium
588 1587 666 1634 est,
696 1599 776 1628 nec
805 1585 863 1627 ab
893 1585 963 1627 his
991 1584 1160 1642 culpari
1191 1599 1347 1627 uereor
1376 1598 1563 1641 quorum
1593 1583 1844 1628 criminatio

379 1655 477 1697 laus
497 1658 577 1697 est.
638 1653 751 1699 Cum
772 1669 877 1712 ergo
896 1654 1143 1705 histriones,
1163 1653 1299 1704 mimi,
1320 1653 1504 1711 parasiti
1525 1656 1571 1696 et
1590 1653 1845 1696 huiusmodi

379 1724 573 1781 ineptiae
593 1724 834 1775 hominum,
854 1724 901 1766 ni
929 1723 1000 1767 cui
1029 1723 1172 1767 indice
1192 1723 1289 1766 uita
1308 1723 1612 1775 laudabilium,
1639 1723 1842 1780 probent,
1864 1743 1908 1768 ao

378 1808 525 1836 nonne
549 1794 804 1850 perspicuae
832 1793 1120 1850 desipientiae
1147 1795 1214 1836 est
1244 1792 1433 1843 illorum,
1452 1795 1505 1836 ut
1534 1792 1633 1849 quis
1658 1791 1842 1850 fulgeat,

379 1862 591 1920 aucupari
632 1862 831 1906 fauorem
876 1863 953 1920 qui
1000 1863 1203 1906 sordibus
1242 1862 1374 1906 obsiti
1414 1864 1520 1905 sunt
1559 1864 1604 1904 et
1649 1875 1838 1918 quorum

379 1932 528 1990 gratia
561 1932 646 1975 nisi
682 1946 761 1989 per
791 1932 942 1989 turpia
980 1932 1156 1988 adquiri
1197 1947 1285 1975 non
1324 1932 1503 1989 potest?
1576 1931 1827 1975 Huiusmod

379 2001 590 2045 monstris
622 2001 849 2044 hominum
880 2001 1198 2058 amplissimum
1229 2001 1546 2058 patrimonium
1577 2000 1772 2058 Pompeii
1799 2003 1846 2044 et

380 2072 473 2115 fere
494 2072 633 2115 totius
661 2071 780 2114 orbis
805 2086 911 2129 opes
937 2071 1127 2114 contulit
1154 2071 1330 2114 Marcus
1350 2070 1596 2123 Antonius;
1626 2073 1672 2114 et
1691 2073 1842 2113 tamen
1864 2089 1905 2126 ²⁵

380 2156 531 2185 eorum
563 2140 806 2198 praeconiis
840 2155 929 2183 non
961 2141 1171 2190 clarescit,
1207 2141 1283 2183 sed
1315 2155 1366 2184 eo
1402 2140 1620 2183 sordidior
1654 2139 1845 2184 occurrit

332 2208 360 2248 d
378 2210 640 2268 posteritati.
700 2209 749 2252 Si
769 2209 902 2252 unius
921 2210 1144 2267 sapientis,
1163 2210 1200 2253 si
1221 2209 1448 2267 scriptoris
1468 2209 1634 2267 egregii
1653 2209 1845 2267 gratiam

383 2319 423 2355 ¹7
450 2309 524 2346 hiis
541 2308 566 2345 S
661 2318 702 2346 21
731 2307 950 2358 disipientie
969 2307 999 2343 B
1094 2316 1139 2352 27
1164 2306 1369 2354 scriptores
1387 2305 1538 2343 CBA¹M
1625 2304 1798 2354 eggregii
1816 2305 1844 2343 C

377 2388 626 2481 ,εὲΑἷιέἶΜ
642 2387 715 2478 ‘³³3‘
728 2385 966 2468 215202‘2‘422'12?
963 2411 973 2467 ἑ
993 2385 1192 2466 ffelezaessffizr
1207 2430 1303 2475 Aug.
1329 2383 1352 2419 ⁶
1371 2384 1661 2483 Wg'zffisslssssg
1674 2383 1846 2466 2²²5&ss

379 2483 474 2527 Aug.
622 2490 663 2517 12
688 2482 862 2516 studiosi:
903 2479 926 2515 i.
939 2490 971 2515 e.
1003 2478 1202 2521 σπουδαίου,
1229 2478 1329 2523 quod
1355 2476 1579 2514 vocabulum
1603 2478 1659 2513 ita
1749 2476 1845 2513 dunt

380 2528 612 2565 Iustinianus
629 2530 689 2569 (ut
713 2527 769 2564 ait
793 2527 836 2564 G.
864 2526 890 2563 I.
917 2525 1069 2563 Vossius
1101 2527 1143 2561 de
1182 2527 1287 2562 Vitiis
1311 2526 1494 2562 Sermonis
1518 2524 1541 2560 i.
1570 2534 1626 2571 33,
1655 2523 1713 2560 ed.
1742 2524 1842 2567 1666.

408 2604 415 2612 .
447 2582 526 2624 154)
556 2578 596 2613 et
621 2578 765 2612 vetere·
789 2573 1003 2611 Aristotelis
1028 2572 1267 2619 interpretes.
1448 2583 1489 2616 14
1514 2584 1538 2608 a
1565 2573 1756 2608 conuictu:
1788 2569 1844 2609 De

379 2587 462 2660 foco
480 2636 503 2659 a
524 2626 622 2659 uictu
639 2635 672 2658 v.
687 2622 761 2659 Cic.
778 2624 821 2657 de
840 2624 981 2658 [nuent.
1002 2620 1024 2656 i.
1043 2630 1064 2656 2
1071 2630 1087 2666 5
1108 2620 1125 2667 ξ
1149 2631 1202 2667 35.
1323 2630 1376 2666 19,
1395 2630 1442 2656 2ο
1465 2621 1673 2655 huiusmodi
1688 2621 1845 2666 ineptiae

378 2673 564 2707 hominum
581 2683 588 2707 :
616 2670 663 2706 cf.
683 2669 783 2706 infra
799 2670 1005 2705 huiuamodi
1023 2671 1192 2704 monstris
1205 2669 1400 2703 hominum.
1544 2677 1590 2703 2ο
1612 2669 1654 2702 m'
1669 2668 1729 2703 cui
1744 2667 1818 2704 etc.
1834 2678 1844 2703 z

378 2721 424 2756 ut
440 2717 611 2755 Ciceroni
629 2720 740 2754 erant
767 2717 917 2753 Roscius
933 2719 972 2753 et
990 2716 1156 2761 Aesopus
1172 2729 1180 2761 ς
1207 2728 1239 2751 ν.
1258 2726 1372 2761 supra
1389 2727 1420 2751 c.
1442 2724 1482 2751 12
1503 2714 1588 2760 (759
1600 2715 1653 2760 Β).
1797 2723 1842 2759 24

377 2768 548 2802 monsterio
571 2767 781 2801 hominum:
807 2777 838 2800 v.
863 2763 948 2801 Ter.
979 2765 1076 2798 Eun.
1103 2763 1148 2798 iv.
1176 2774 1208 2807 4.
1237 2774 1304 2809 29;
1339 2763 1385 2798 cs.
1413 2773 1526 2810 supra
1544 2772 1581 2816 ὀ.
1613 2772 1654 2798 12
1681 2759 1766 2815 (75.8.
1782 2760 1840 2805 Α).

377 2815 560 2860 Pompeii:
587 2813 693 2849 cuiu-
718 2812 899 2849 bonorum
925 2813 1048 2847 sector
1074 2810 1147 2847 suit
1169 2810 1220 2848 M.
1239 2810 1439 2854 Antonius,
1458 2812 1502 2846 ut
1517 2812 1573 2846 ait
1590 2808 1721 2846 Florus
1737 2819 1776 2844 u.
1801 2808 1842 2845 18

378 2861 441 2907 (iv.
459 2864 496 2907 8)
517 2860 534 2908 ξ
557 2869 587 2908 ς.

487 2934 552 2975 328
