1988 3250
128 252 227 286 car.
242 238 356 300 xxv]
645 235 1084 283 POLICRATICVS
1606 235 1688 286 708
1709 245 1736 277 c

130 360 281 404 Puella
311 359 440 410 enim,
463 372 563 402 cum
593 371 776 415 grauem
805 356 1033 399 tirannum
1063 355 1336 405 haberemus,
1361 369 1509 398 carere
1539 369 1590 398 eo

128 429 366 487 cupiebam.
427 427 525 480 Quo
555 425 802 475 interfecto,
831 425 1062 481 aliquanto
1096 424 1256 466 tetrior
1289 438 1433 467 arcem
1466 439 1589 467 occu—

128 498 279 556 pauit;
310 497 403 540 eius
430 509 603 554 quoque
629 494 747 537 finiri
776 492 1122 536 dominationem
1143 493 1294 550 magni
1316 493 1588 536 estimabam.

128 567 325 611 Tertium
358 569 403 610 te
435 564 733 622 superioribus
772 562 1136 620 importuniorem
1175 562 1398 618 coepimus
1430 562 1591 604 habere

91 653 110 688 5
127 640 352 680 rectorem.
412 636 588 678 Timens
627 634 778 690 itaque
812 647 880 685 ne,
915 632 952 675 si
987 635 1032 675 et
1066 634 1118 675 tu
1153 635 1407 688 assumptus
1443 630 1593 681 fueris,

129 707 261 750 etiam
294 705 378 749 tibi
413 704 618 748 succedat
649 702 852 753 deterior,
885 705 1020 758 caput
1051 715 1197 743 meum
1229 715 1310 758 pro
1339 704 1420 743 tua
1449 700 1593 743 salute

129 776 334 820 deuoueo.
383 775 491 818 Tam
507 773 718 817 fascetam
734 772 963 815 audaciam
985 771 1213 814 Dionisius
1234 771 1316 813 etsi
1337 771 1593 813 teterrimus

128 845 285 904 punire
314 847 464 888 tamen
491 843 680 887 erubuit.
740 842 858 894 Quid
886 841 1003 884 enim
1030 855 1232 883 securum
1261 840 1358 890 erit,
1388 840 1425 882 si
1456 840 1591 883 etiam
1611 843 1640 883 d

129 914 331 965 uirtutes,
350 914 468 957 inter
488 927 596 970 quas
615 911 900 970 praecipuum
921 910 1014 953 fere
1039 910 1181 954 locum
1206 910 1390 952 libertas
1409 909 1594 967 optinet,

73 997 114 1022 10
130 983 405 1042 puniuntur?
466 981 652 1025 Romani
677 995 781 1038 ergo
808 980 923 1023 sicut
952 980 1052 1022 aliis
1083 980 1427 1037 praestantiores
1455 979 1520 1022 ita
1550 982 1596 1021 et

130 1051 480 1110 reprehensionis
518 1051 807 1109 patientiores
846 1049 1118 1102 extiterunt;
1163 1049 1272 1091 adeo
1314 1049 1492 1105 quidem
1531 1051 1596 1099 ut,

130 1121 366 1165 dummodo
405 1121 452 1164 in
496 1120 714 1164 conuiuiis
752 1122 798 1162 et
842 1118 948 1162 locis
987 1118 1135 1161 minus
1175 1118 1333 1160 sobriis
1372 1120 1596 1168 caueatur,

131 1191 329 1249 quisquis
361 1205 455 1233 eam
485 1190 648 1232 iustam
681 1191 830 1232 tamen
863 1188 1015 1231 horret
1049 1202 1099 1230 ac
1131 1187 1311 1244 refugit,
1342 1187 1596 1230 sobrietatis

131 1259 337 1303 uideatur
350 1259 542 1317 ignarus.
592 1258 723 1309 Nam,
738 1257 823 1300 etsi
838 1256 1149 1300 contumeliam
1167 1256 1329 1299 habeat
1345 1257 1596 1300 euidentem

71 1343 114 1380 ις,
132 1329 204 1372 uel
238 1328 550 1380 absconditam,
585 1327 804 1385 patientia
839 1326 1192 1384 reprehensionis
1224 1326 1343 1383 apud
1375 1326 1598 1383 sapientes

131 1398 261 1456 longe
309 1397 538 1455 gloriosior
587 1399 655 1440 est
704 1411 837 1453 quam
886 1410 1011 1454 pena.
1074 1395 1184 1438 Inde
1234 1396 1501 1438 ledoriarum
1552 1399 1598 1439 et

132 1470 373 1512 scomatum
400 1467 533 1510 etiam
561 1466 773 1510 aduersus
800 1466 920 1509 uiros
940 1480 1112 1508 summa
1132 1469 1351 1523 potestate
1372 1465 1596 1523 praeditos

133 1536 390 1580 exercitium
405 1536 680 1579 licentiosum
696 1535 838 1593 magis
859 1550 990 1592 quam
1012 1534 1183 1578 licitum
1205 1538 1282 1578 est.
1334 1534 1415 1578 Est
1434 1538 1596 1585 autem,

133 1609 186 1650 ut
214 1606 262 1648 in
290 1606 403 1648 libro
430 1605 786 1648 Saturnaliorum
818 1604 1084 1647 Eustachius
1114 1604 1252 1655 docet,
1283 1604 1451 1647 ledoria
1482 1619 1595 1661 quae
1613 1611 1701 1652 709
1720 1612 1751 1641 a

76 1693 120 1719 ιο
135 1675 516 1732 exprobrationem
538 1677 583 1718 et
602 1674 814 1717 directam
835 1673 1147 1718 contumeliam
1168 1674 1377 1717 continet.
1438 1674 1598 1717 Scoma

135 1744 311 1802 quidem
349 1758 520 1787 morsus
560 1747 627 1787 est
657 1744 887 1801 figuratus,
922 1743 1028 1800 quia
1061 1758 1190 1800 saepe
1225 1743 1297 1786 uel
1333 1743 1491 1787 fraude
1526 1744 1598 1787 uel

134 1813 386 1857 urbanitate
425 1813 594 1871 tegitur
632 1816 684 1856 ut
723 1812 846 1855 aliud
885 1816 1023 1863 sonet,
1062 1813 1184 1855 aliud
1224 1813 1474 1871 intelligas3
1518 1828 1599 1857 nec

134 1885 283 1926 tamen
311 1897 483 1940 semper
511 1883 568 1926 ad
597 1882 941 1926 amaritudinem
968 1883 1127 1940 pergit,
1156 1883 1233 1926 sed
1263 1898 1598 1940 nonnumquam

135 1952 206 1995 his
227 1952 275 1994 in
299 1966 408 2010 quos
432 1952 593 1995 iacitur
618 1956 664 1995 et
691 1952 817 1995 dulce
845 1956 923 1995 est.
984 1952 1113 2006 Quod
1140 1967 1281 2009 genus
1309 1954 1503 1996 maxime
1523 1953 1596 1996 uel

80 2041 120 2076 ²⁵
137 2021 309 2079 sapiens
337 2021 408 2064 uel
438 2021 548 2065 alias
576 2022 773 2065 urbanus
803 2025 989 2072 exercet,
1015 2022 1250 2079 praecipue
1277 2023 1396 2065 inter
1425 2038 1599 2066 mensas

137 2094 183 2134 et
209 2090 375 2147 pocula,
394 2090 471 2133 ubi
498 2090 641 2134 facilis
667 2094 735 2134 est
764 2091 821 2134 ad
845 2091 1119 2135 iracundiam
1141 2092 1407 2149 prouocatio.
1468 2092 1600 2143 Nam,

138 2159 252 2203 sicut
271 2159 318 2202 in
338 2161 567 2218 praecipiti
588 2163 780 2204 stantem
796 2161 868 2204 uel
889 2161 1000 2204 leuis
1021 2165 1167 2205 tactus
1187 2162 1388 2219 impellit,
1409 2163 1474 2205 ita
1494 2163 1601 2206 uino

139 2228 211 2272 uel
234 2228 431 2272 infusum
460 2230 532 2273 uel
559 2245 785 2288 aspersum
812 2245 978 2288 paruus
1006 2246 1179 2289 quoque
1210 2232 1336 2275 dolor
1364 2233 1524 2276 incitat
1553 2233 1601 2276 in

142 2330 158 2358 1
184 2319 399 2357 tirrannum
415 2321 443 2358 C
583 2323 606 2360 6
629 2322 751 2360 salute
767 2324 834 2359 tua
850 2322 890 2358 M
1032 2333 1056 2370 9
1080 2324 1228 2361 obtinet
1245 2324 1342 2360 CSM

189 2410 207 2457 5
234 2407 458 2448 assumptus:
482 2405 610 2450 potius
627 2405 857 2449 absumptus;
894 2403 935 2440 in
953 2405 1033 2442 cod.
1051 2406 1180 2442 autem
1198 2405 1281 2442 Val.
1301 2406 1400 2443 Max.
1419 2406 1603 2444 Bernensi

140 2460 263 2531 Brimo.
279 2460 411 2486 manus
428 2451 486 2495 (ut
501 2451 615 2488 refert
629 2451 821 2498 Kempfius
838 2452 879 2488 in
896 2463 982 2498 app.
1000 2452 1102 2496 crit.)
1122 2455 1338 2499 adsumptus
1353 2454 1504 2500 scripsit
1518 2468 1526 2496 ;
1551 2455 1600 2491 cf.

177 2507 322 2542 ucange
340 2497 398 2551 ed.
421 2498 508 2543 1883
527 2510 554 2535 s.
566 2510 597 2534 v.
614 2510 804 2534 assumere.
954 2500 1006 2545 16,
1029 2511 1070 2546 17
1097 2502 1319 2536 ledor-iarum
1336 2507 1368 2537 et
1383 2507 1579 2538 scomatum
1594 2516 1603 2538 :

140 2543 203 2579 Ita
218 2543 421 2579 loedoriam
440 2546 480 2580 et
503 2556 676 2589 scomma,
693 2546 886 2583 Macrobio
908 2550 1076 2592 auctore,
1100 2547 1306 2594 distinguit
1335 2551 1378 2585 ut
1413 2549 1532 2585 etiam
1562 2550 1603 2585 in

140 2591 213 2636 Ep.
231 2599 309 2636 251,
325 2590 373 2626 ad
390 2591 593 2644 Badulfum
617 2593 665 2629 de
684 2593 849 2630 Arundel
871 2595 1098 2631 monachum
1122 2595 1447 2639 Cantuarienaem,
1467 2597 1532 2632 ubi
1555 2597 1602 2633 de

140 2636 286 2672 Thoma
301 2637 582 2686 archiepiscopo
599 2641 676 2676 ait:
702 2642 750 2676 In
761 2653 797 2676 se
806 2643 985 2686 poeticum
994 2645 1214 2678 scommatice
1223 2650 1367 2689 poterat
1381 2650 1579 2691 retorquere
1590 2658 1602 2680 .·

142 2685 301 2720 Actaeon
314 2697 372 2730 eqo
383 2697 481 2730 eum;
506 2688 691 2723 dominum
702 2690 893 2733 coquoscite
905 2695 1065 2725 uestrum
1076 2704 1087 2733 ,·
1105 2695 1136 2725 et
1147 2693 1186 2725 in
1198 2697 1386 2727 uenatores
1395 2693 1604 2728 huiusmodi

143 2732 385 2776 euangelicam
412 2733 603 2770 loedoriam
626 2747 734 2780 quam
759 2737 799 2770 in
815 2737 968 2773 Iudaeos
989 2737 1154 2772 Chrsatus
1175 2739 1342 2774 intorsit:
1366 2740 1486 2775 Multa
1511 2741 1603 2775 bona

142 2789 252 2824 opera
274 2783 441 2824 operatus
461 2792 539 2816 sum
563 2783 664 2817 uobis
681 2794 706 2817 α
722 2783 830 2818 Patre
851 2785 950 2826 Deo,·
968 2789 1121 2830 propter
1139 2787 1232 2830 quod
1256 2787 1385 2821 horum
1410 2798 1464 2820 me
1488 2788 1604 2822 uultis

144 2827 399 2920 ξςξεξεξέὥ
486 2829 528 2865 18
552 2829 619 2864 Est
635 2834 754 2865 autem
772 2831 902 2877 (usque
920 2831 968 2867 ad
976 2832 1151 2878 fiyurate)
1171 2833 1266 2869 ctc.:
1291 2844 1322 2870 V.
1340 2833 1507 2869 Macrob.
1525 2835 1602 2870 Sat.

1433 2960 1497 2992 223
