1988 3250
164 211 262 244 car.
276 197 379 258 x1v]
686 196 1126 242 POLICRATICVS
1640 208 1710 250 ⁷71
1728 209 1759 239 a

162 319 295 375 atque
333 316 519 360 dixisse:
564 315 604 360 Ο
639 315 830 358 nobilem
862 315 1004 372 magis
1038 330 1171 372 quam
1207 315 1379 360 felicem
1413 331 1622 374 pannum,

161 400 304 443 quem,
333 385 372 428 si
411 385 510 442 quis
539 384 718 442 penitus
749 386 983 440 cognoscat
1012 398 1145 440 quam
1177 385 1331 428 multis
1365 386 1622 429 sollicitudi-

161 455 292 498 nibus
319 457 364 497 et
389 453 595 511 periculis
622 455 668 496 et
691 451 879 495 miseriis
901 451 962 494 sit
989 451 1191 503 refertus,
1210 467 1266 495 ne
1293 453 1417 495 humi
1444 454 1623 511 quidem

161 523 375 566 iacentem
394 522 484 574 tol<
490 522 578 565 lere
590 521 742 575 ue)lit.
801 520 1122 577 Aristophanes
1135 535 1307 578 quoque
1320 537 1408 564 non
1422 526 1623 579 oportere

123 611 143 645 5
162 592 308 649 inquit
327 591 374 634 in
395 591 502 634 urbe
523 591 694 634 nutrire
714 590 908 642 leonem;
947 589 1017 632 sin
1044 593 1194 633 autem
1215 590 1333 633 altus
1352 592 1423 642 sit,
1443 592 1623 648 obsequi

162 661 202 705 ei
222 660 470 705 conuenire.
527 659 679 703 Monet
699 659 816 702 enim
836 661 889 702 ut
909 659 1170 716 praecipuae
1190 659 1436 702 nobilitatis
1456 663 1502 702 et
1521 675 1623 703 con-

159 729 286 774 citati
318 729 484 787 ingenii
519 729 702 772 iuuenes
732 727 1014 771 refrenentur
1026 741 1035 780 ;
1077 728 1214 770 nimio
1246 742 1352 771 uero
1387 728 1541 771 fauore
1572 743 1623 772 ac

160 798 344 857 profusa
373 798 651 856 indulgentia
680 797 814 855 parci,
835 811 922 854 quo
945 796 1093 839 minus
1119 798 1364 854 potentiam
1391 798 1623 855 optineant
1641 802 1670 840 b

161 883 217 912 ne
251 868 552 925 impediantur
590 867 780 925 quidem,
812 866 929 924 quod
963 866 1152 909 stultum
1187 870 1233 910 et
1266 867 1425 910 inutile
1455 867 1516 910 sit
1549 882 1624 911 eas

104 958 146 984 ιο
161 937 408 981 obtrectare
447 937 565 980 uires
603 951 713 994 quas
758 936 852 994 ipse
898 935 1076 980 foueris.
1153 935 1408 979 Aristotiles
1451 950 1625 993 quoque

162 1005 429 1051 Calistenem
450 1006 696 1050 auditorem
716 1019 846 1049 suum
866 1004 923 1048 ad
947 1004 1251 1048 Alexandrum
1272 1005 1456 1048 mittens
1475 1006 1624 1049 horta-

161 1080 236 1120 tus
265 1078 332 1120 est
360 1079 413 1120 ut
441 1090 540 1120 cum
571 1090 622 1119 eo
648 1089 889 1132 numquam
918 1076 999 1117 aut
1026 1074 1333 1118 iocundissime
1360 1075 1626 1132 loqueretur,

161 1160 250 1203 quo
268 1145 434 1189 scilicet
452 1145 572 1202 apud
586 1144 730 1202 regias
746 1158 874 1187 aures
894 1143 965 1187 uel
986 1143 1163 1187 silentio
1183 1144 1324 1187 tutior
1334 1144 1406 1187 uel
1426 1159 1626 1188 sermone

163 1217 279 1258 esset
309 1215 539 1272 acceptior.
599 1213 663 1257 At
696 1213 783 1265 ille,
816 1213 923 1256 dum
956 1213 1261 1256 Alexandrum
1298 1213 1470 1258 Persica
1508 1214 1624 1257 salu-

103 1305 144 1342 ¹⁵
163 1284 331 1328 tatione
352 1284 626 1327 exultantem
641 1283 848 1341 obiurgat
862 1286 908 1326 et
924 1297 1066 1326 mores
1081 1283 1175 1326 eius
1190 1282 1342 1326 studet
1355 1297 1626 1340 componere,

161 1353 258 1397 uita
277 1353 481 1411 priuatus
501 1355 580 1398 est.
620 1353 745 1396 Idem
758 1352 1012 1396 Aristotiles
1025 1352 1079 1395 de
1099 1352 1334 1410 semetipso
1354 1352 1400 1395 in
1420 1356 1625 1396 neutram

162 1425 334 1481 partem
363 1422 630 1480 loquendum
661 1436 754 1466 esse
783 1422 969 1472 dicebat,
995 1422 1203 1478 quoniam
1234 1422 1414 1465 laudare
1443 1436 1490 1465 se
1520 1423 1626 1465 uani

161 1495 208 1536 et
246 1492 500 1550 uituperare
538 1492 667 1535 stulti
707 1494 785 1535 est.
857 1491 1102 1549 Agesilaus,
1141 1506 1241 1535 cum
1280 1491 1494 1534 aduersus
1534 1507 1627 1535 rem

162 1561 383 1620 publicam
433 1561 846 1605 Lacedemoniorum
897 1564 1040 1604 ortam
1090 1560 1351 1604 seditionem
1401 1560 1455 1604 de
1498 1566 1626 1604 nocte

104 1650 148 1676 ιο
163 1630 456 1688 comperisset,
484 1630 603 1689 leges
650 1630 834 1689 Ligurgi
880 1630 1090 1674 continuo
1135 1630 1370 1688 abrogauit
1415 1645 1528 1687 quae
1572 1630 1625 1674 de
1644 1641 1670 1671 c

163 1699 460 1757 indempnatis
474 1700 738 1758 supplicium
751 1700 866 1743 sumi
879 1699 1093 1743 uetabant
1106 1714 1115 1752 ;
1140 1700 1464 1757 comprehensis
1476 1703 1626 1743 autem

163 1771 209 1813 et
246 1768 493 1813 interfectis
526 1770 728 1813 sontibus
759 1784 783 1813 e
814 1769 1005 1827 uestigio
1038 1769 1212 1812 easdem
1253 1769 1463 1821 restituit,
1494 1769 1626 1812 simul

162 1840 401 1896 utrumque
427 1839 664 1896 prouidens
687 1854 743 1883 ne
770 1839 978 1883 salutaris
1004 1838 1330 1882 animaduersio
1359 1838 1430 1881 uel
1460 1839 1628 1882 iniusta

165 1910 279 1952 esset
297 1908 369 1951 uel
389 1908 484 1952 iure
504 1908 804 1966 impediretur.
864 1908 1103 1959 Hannibal,
1116 1908 1266 1950 nauali
1282 1907 1449 1965 praelio
1469 1908 1627 1958 uictus,

105 1995 148 2031 ²5
167 1976 327 2020 timens
353 1977 537 2021 amissae
565 1977 715 2022 classis
735 1993 870 2036 penas
892 1978 1009 2028 dare,
1029 1977 1240 2020 offensam
1263 1977 1430 2020 auertit
1448 1977 1626 2020 astutia.

168 2045 286 2089 Nam
305 2060 361 2089 ex
379 2046 457 2089 illa
476 2046 642 2091 infelici
659 2062 821 2106 pugna,
835 2047 1094 2104 priusquam
1114 2046 1300 2090 nuntius
1320 2046 1426 2088 mali
1447 2046 1626 2089 domum

166 2115 351 2167 uenerit,
371 2130 509 2159 unum
539 2131 595 2160 ex
625 2117 776 2161 amicis
799 2116 922 2160 misit
952 2116 1282 2174 Carthaginem.
1344 2115 1431 2169 Qui
1458 2116 1626 2159 curiam

166 2183 389 2242 ingressus
408 2185 559 2228 statim
579 2186 800 2242 quaesiuit
825 2201 883 2229 an
907 2200 1007 2229 cum
1035 2186 1334 2228 Romanorum
1357 2185 1494 2242 copiis
1514 2199 1627 2242 quae

166 2257 515 2311 superuenerunt
534 2258 756 2312 oporteret
769 2255 982 2299 dimicari.
1024 2254 1193 2298 Senatu
1213 2269 1319 2298 uero
1339 2254 1626 2298 acclamante:

215 2383 352 2420 tollere
375 2383 470 2420 uelit
500 2385 580 2420 Val.
604 2385 728 2420 Mam:
755 2383 860 2421 tollit
877 2383 1038 2420 CBASM
1157 2385 1177 2421 8
1204 2394 1279 2430 quo
1310 2384 1386 2419 Val.
1403 2384 1505 2419 Max.
1579 2395 1628 2420 ua

200 2431 330 2467 BASM
404 2430 601 2468 obtineant
618 2431 676 2468 BS
798 2442 843 2468 22
869 2431 1079 2478 somptibus
1097 2430 1121 2467 S
1233 2441 1277 2476 27
1305 2395 1625 2478 cartaginemgM

215 2560 239 2595 4
263 2550 524 2595 Aristophanes
540 2551 614 2586 etc.
630 2561 639 2586 ε
666 2561 700 2585 v.
717 2548 799 2587 Val.
818 2549 920 2586 Max.
937 2548 999 2586 vii.
1018 2558 1051 2585 2.
1067 2551 1143 2586 ext.
1161 2548 1220 2596 §7
1200 2558 1232 2594 7.
1365 2558 1386 2594 7
1413 2550 1527 2585 nimio
1543 2561 1628 2585 uero

170 2599 241 2634 etc.
258 2607 266 2632 :
293 2596 400 2632 Hanc
418 2596 634 2642 clausulam,
646 2596 794 2642 qualem
807 2597 954 2634 codices
970 2596 1092 2633 nostri
1110 2608 1193 2634 eam
1211 2596 1402 2638 exhibent,
1422 2596 1484 2632 vix
1505 2596 1627 2633 inter·

168 2643 313 2691 pretari
337 2643 499 2690 poteris;
531 2645 644 2680 m'mv'o
669 2656 754 2681 uero
776 2646 910 2690 fauore
935 2657 978 2681 ac
1004 2646 1160 2690 profit-sa
1186 2646 1413 2690 indulyemia
1432 2647 1535 2690 pasti
1558 2656 1627 2690 quo

169 2694 291 2727 minus
311 2692 507 2737 potentiam
529 2692 711 2727 obtineant
734 2702 778 2727 ne
794 2694 1044 2737 impediantur
1056 2691 1138 2727 Val.
1155 2691 1255 2727 Max.
1356 2701 1399 2727 10
1422 2693 1629 2727 Aristotiles

170 2741 267 2775 etc.:
292 2750 324 2773 v.
342 2737 424 2774 Val.
438 2737 538 2774 Max.
555 2737 617 2774 vii.
634 2749 667 2774 2.
685 2739 760 2776 ext.
781 2737 799 2786 ξ
823 2740 1135 2775 11.18
1159 2739 1352 2784 Ayesilaus
1368 2740 1466 2775 etc.·
1494 2750 1524 2773 v.
1544 2738 1627 2775 Val.

170 2784 350 2880 ἒξῗιξνξί.
369 2795 401 2821 2.
419 2787 494 2822 ext.
511 2784 607 2832 §15.
843 2796 889 2831 24
912 2787 1104 2822 Hannibal
1120 2787 1216 2822 ete:
1243 2798 1276 2821 v.
1297 2785 1377 2821 Val.
1395 2785 1495 2822 Max.
1514 2785 1573 2821 vii.
1593 2796 1626 2831 3.

1454 2911 1519 2946 333
