1988 3250
176 183 276 219 oar.
289 170 413 232 xv11]
703 170 1141 216 POLICRATICVS
1655 181 1738 223 779
1755 159 1792 212 cs

175 292 340 336 milites
368 290 565 342 uiolenti,
590 305 700 348 quos
726 289 880 335 Cicero
908 290 1102 334 latrones
1131 290 1352 348 appellat;
1399 291 1532 348 pedes
1562 291 1640 348 qui

175 361 223 405 in
237 361 346 418 ipsis
360 359 669 403 humilioribus
683 358 874 417 negotiis
889 359 1135 416 praeceptis
1151 358 1331 402 Domini
1347 362 1393 402 et
1407 359 1640 417 legittimis

173 429 395 474 institutis
433 429 738 472 aduersantur.
818 427 941 471 Haec
980 427 1158 484 quidem
1202 427 1351 470 omnia
1389 432 1574 485 possunt
1613 443 1641 471 a

173 498 472 556 superioribus
501 497 710 542 facillime
736 496 1060 554 comprehendi.
1118 496 1255 539 Michi
1282 511 1389 539 uero
1415 497 1640 554 indignari

135 584 157 621 5
174 582 263 611 non
302 567 464 611 debent
494 567 753 619 sacerdotes,
787 566 825 610 si
860 569 906 609 et
937 565 985 608 in
1017 565 1081 608 eis
1112 564 1259 608 fatear
1291 565 1484 608 inueniri
1514 579 1640 622 posse

173 636 383 681 tirannos.
442 635 655 694 Alioquin
689 650 899 693 quorsum
931 637 1000 678 est
1030 634 1141 677 illud
1176 634 1508 691 propheticum:
1552 634 1639 676 Fili

171 705 374 757 hominis,
394 706 611 764 propheta
630 705 685 748 de
705 704 957 762 pastoribus
976 703 1128 756 Israel,
1148 703 1365 761 propheta
1380 706 1426 746 et
1445 703 1562 746 dices
1582 704 1639 747 ad

171 789 271 820 eos:
301 775 424 819 Haec
453 775 562 819 dicit
591 774 809 818 Dominus
838 773 983 817 Deus:
1015 772 1081 815 Ve
1110 772 1362 830 pastoribus
1392 771 1531 815 Israel
1562 773 1640 829 qui

170 843 411 902 pascebant
430 843 700 901 semetipsos.
758 842 919 886 Nonne
945 856 1102 900 greges
1127 845 1373 899 pascuntur
1398 856 1426 884 a
1452 842 1639 899 pastori-

114 930 155 956 10
170 912 284 957 bus'l
334 912 422 957 Lac
441 912 748 964 comedebatis,
762 911 877 955 lanis
895 910 1222 969 operiebamini,
1239 914 1286 954 et
1305 910 1422 968 quod
1443 925 1640 954 crassum

170 985 268 1026 erat
313 982 588 1034 occidebatis,
621 996 801 1040 gregem
848 984 997 1024 autem
1048 994 1196 1023 meum
1245 994 1335 1023 non
1381 981 1638 1038 pascebatis.

171 1051 300 1106 Quod
321 1051 547 1094 infirmum
568 1050 658 1095 fuit
679 1065 768 1094 non
788 1050 1107 1103 consolidastis,
1122 1053 1168 1093 et
1187 1049 1304 1107 quod
1325 1052 1528 1107 egrotum
1549 1065 1639 1093 non

169 1120 372 1171 sanastis,
405 1120 523 1178 quod
555 1119 748 1164 fractum
784 1122 852 1163 est
885 1134 975 1163 non
1003 1119 1234 1177 alligastis,
1266 1118 1384 1176 quod
1415 1119 1636 1163 abiectum

168 1203 259 1233 non
302 1189 554 1241 reduxistis,
593 1189 710 1247 quod
753 1189 947 1247 perierat
989 1203 1079 1231 non
1123 1188 1371 1245 requisistis
1414 1187 1491 1231 sed
1536 1203 1635 1232 cum
1652 1193 1734 1244 780
1754 1205 1786 1232 a

112 1281 151 1316 ¹5
168 1259 429 1302 austeritate
464 1258 749 1317 imperabatis
779 1258 842 1302 eis
871 1261 917 1302 et
946 1272 1046 1302 cum
1076 1257 1278 1315 potentia
1290 1272 1300 1310 ;
1339 1260 1386 1301 et
1414 1257 1638 1315 dispersae

167 1330 274 1372 sunt
307 1342 413 1372 oues
441 1342 576 1383 meae,
604 1342 656 1371 eo
685 1327 803 1385 quod
831 1342 921 1371 non
949 1330 1066 1370 esset
1099 1330 1264 1384 pastor,
1283 1329 1329 1370 et
1358 1326 1502 1370 factae
1532 1331 1639 1371 sunt

166 1396 215 1440 in
234 1396 562 1440 deuorationem
589 1396 787 1440 omnium
814 1397 1056 1440 bestiarum
1087 1396 1184 1454 agri
1212 1400 1258 1440 et
1277 1396 1499 1454 dispersae
1519 1400 1639 1441 sunt.

168 1465 287 1520 Quid
310 1465 395 1509 sibi
422 1466 544 1510 aliud
571 1466 723 1510 adesse
750 1466 878 1510 docet
905 1465 1146 1510 Ezechielis
1173 1466 1281 1510 haec
1305 1466 1564 1524 imprecatio
1591 1470 1637 1510 et

167 1534 421 1592 increpatio,
455 1535 542 1579 nisi
581 1536 834 1594 pastoribus
865 1535 1017 1579 abesse
1052 1550 1165 1593 quae
1199 1535 1350 1579 adesse
1390 1536 1636 1580 debuerant

109 1624 152 1650 ιο
169 1607 215 1648 et
252 1604 404 1649 adesse
443 1619 556 1662 quae
595 1605 746 1649 abesse
784 1605 1013 1663 oportuit?
1093 1605 1332 1663 Propterea
1375 1605 1483 1650 haec
1526 1606 1636 1649 dicit

166 1671 407 1718 Dominus:
438 1673 548 1718 Ecce
568 1688 649 1732 ego
668 1674 762 1732 ipse
777 1689 910 1732 super
928 1678 1127 1732 pastores
1147 1677 1193 1717 et
1211 1674 1434 1731 requiram
1454 1690 1635 1733 gregem

166 1756 312 1786 meum
343 1742 398 1786 de
425 1757 562 1786 manu
588 1757 739 1786 eorum
767 1746 813 1787 et
839 1757 1007 1786 cessare
1032 1757 1106 1786 eos
1131 1742 1304 1794 faciam,
1324 1746 1377 1786 ut
1400 1744 1520 1787 ultra
1544 1759 1634 1787 non

164 1815 348 1870 pascant
366 1827 546 1871 gregem
570 1827 718 1856 meum
742 1827 822 1856 nec
842 1815 1027 1870 pascant
1046 1812 1237 1870 amplius
1256 1816 1455 1869 pastores
1475 1817 1633 1856 semet-

165 1880 294 1938 ipsos,
321 1884 367 1925 et
391 1881 588 1925 liberabo
613 1895 793 1940 gregem
814 1896 961 1925 meum
989 1881 1043 1924 de
1073 1895 1149 1924 ore
1178 1895 1330 1924 eorum
1357 1885 1403 1924 et
1430 1897 1519 1925 non
1546 1883 1634 1926 erit

108 1970 150 2005 25
166 1950 286 1994 ultra
316 1950 364 1994 in
393 1965 535 1995 escam
565 1951 639 1994 eis.
699 1950 859 1995 Nonne
888 1950 1158 1994 tirannidem
1188 1950 1422 1994 sacerdotii
1452 1951 1634 1996 uidetur

165 2019 411 2077 exprimere
439 2019 734 2071 manifestam,
758 2024 804 2064 et
833 2020 975 2064 uitam
1005 2020 1181 2063 illorum
1210 2019 1447 2078 depingere
1475 2021 1552 2078 qui
1584 2022 1631 2064 in
1649 2028 1678 2067 b

165 2089 370 2132 omnibus
389 2103 501 2146 quae
521 2104 602 2133 sua
628 2093 734 2134 sunt
760 2093 982 2148 quaerunt
1007 2094 1053 2134 et
1079 2104 1192 2147 quae
1212 2089 1315 2133 Iesu
1336 2089 1506 2134 Christi
1526 2094 1633 2135 sunt

164 2161 267 2216 post
298 2161 474 2216 tergum
509 2159 710 2204 faciunt?
769 2160 998 2218 Siquidem
1030 2174 1119 2203 non
1150 2174 1298 2202 meum
1331 2160 1407 2203 sed
1436 2161 1632 2204 alienum

167 2229 236 2270 est
265 2229 311 2270 et
344 2227 542 2284 profecto
564 2228 864 2272 intemeratae
896 2229 1111 2273 Veritatis
1137 2229 1364 2272 oraculum
1395 2244 1483 2286 quo
1513 2231 1632 2288 apud

107 2314 150 2348 30
166 2294 431 2340 familiarem
480 2297 699 2341 Altissimi
747 2298 866 2342 inter
913 2302 1135 2357 pastorem
1184 2299 1536 2342 mercennarium
1586 2304 1632 2344 et

166 2424 189 2451 2
213 2413 394 2469 legitimis
410 2415 444 2452 A
519 2463 528 2471 ·
618 2425 638 2462 7
664 2418 887 2465 prophetiza
896 2418 952 2474 ‘M‘
1125 2418 1243 2456 Israel
1260 2431 1325 2457 om.
1345 2418 1441 2456 CBA
1551 2433 1633 2476 pro-

164 2461 416 2556 phgaeggM
471 2464 492 2501 8
516 2463 656 2502 israhel
672 2465 706 2501 A
799 2476 820 2502 2
825 2476 843 2514 5
871 2478 925 2504 eis
940 2478 983 2503 m
999 2477 1124 2503 escam
1143 2465 1168 2502 S
1265 2477 1311 2514 30
1327 2479 1632 2506 mercennarium

215 2631 230 2657 1
363 2622 484 2657 Cicero
499 2622 594 2658 etc.:
618 2621 665 2658 cf.
683 2632 795 2668 supra
810 2621 858 2659 vi.
875 2624 897 2659 8
915 2623 1002 2669 (600
1012 2623 1066 2669 Β).
1164 2625 1198 2668 6,
1217 2634 1237 2670 7
1263 2626 1342 2661 Fili
1357 2626 1516 2662 hominis
1531 2628 1603 2663 etc.
1620 2639 1629 2664 :

166 2666 262 2704 Ezec
294 2694 302 2703 .
321 2666 442 2704 xxxiv.
461 2677 542 2715 2—5.
695 2678 738 2706 21
766 2671 857 2706 Ecce
873 2682 933 2716 eqo
950 2672 1024 2708 etc.
1042 2682 1051 2707 ε
1078 2670 1212 2708 Ezech.
1226 2671 1351 2708 xxxiv.
1374 2682 1430 2710 10.
1584 2683 1629 2717 27

163 2727 254 2762 quae
270 2727 338 2750 sua
353 2720 440 2751 sunt
456 2717 551 2752 etc.:
575 2727 608 2752 v.
628 2715 795 2764 Philipp.
812 2716 851 2754 ii.
873 2728 930 2754 21.
1088 2729 1134 2764 29
1158 2720 1368 2756 oraculum:
1394 2732 1426 2756 v.
1445 2719 1575 2756 Ioann.
1594 2733 1628 2756 x.

167 2771 181 2799 1
192 2772 206 2798 1
221 2773 324 2808 seqq.
509 2772 556 2808 30
571 2764 800 2810 familiarem
815 2766 1018 2802 Altissimi:
1042 2765 1067 2802 i.
1082 2777 1114 2803 e.
1131 2766 1316 2804 Ioannem
1332 2767 1604 2814 evangelistam
1620 2782 1629 2811 ;

165 2809 213 2848 cf.
228 2809 358 2846 Ioann.
374 2819 455 2846 xm.
470 2819 527 2856 23.

1452 2896 1517 2931 3⁴9
