1988 3250
144 228 248 266 oar.
260 215 383 276 ινιτ]
654 214 1093 262 POLIORATICVS
1631 216 1714 267 677
1734 227 1760 256 c

142 337 192 383 ΞΝ
193 352 264 381 am
284 337 401 395 quod
421 336 577 380 beatus
597 335 857 378 Ambrosius
877 334 1065 378 heresim
1085 334 1370 378 simoniacam
1395 335 1614 379 committi

145 407 254 451 dicit
272 407 320 449 in
339 406 516 456 talibus,
535 404 804 462 prouinciale
828 404 1054 448 decretum
1081 404 1436 461 interpretantur
1455 420 1547 448 esse
1568 408 1614 448 et

145 475 262 534 quod
292 475 339 518 in
369 475 461 518 sola
487 474 654 517 Ithalia
683 476 729 516 et
758 473 878 516 inter
906 473 1183 516 Lumbardos
1212 473 1372 516 debeat
1401 474 1613 530 optinere.

145 546 209 589 At
233 544 491 588 constitutio
516 542 756 600 apostolica
779 542 984 585 inhibens
1004 557 1060 585 ne
1079 542 1146 584 illi
1167 542 1256 599 qui,
1277 542 1383 585 dum
1411 543 1614 586 ecclesias

103 628 127 671 5
145 613 359 664 ambiunt,
376 627 463 670 quo
483 611 659 655 facilius
678 612 945 662 subintrent,
961 611 1031 653 ius
1052 611 1357 654 aduocationis
1382 615 1615 668 quaerunt,

145 683 443 727 admittantur
461 681 508 724 in
529 681 732 725 ecclesias
755 695 943 738 quarum
968 680 1201 724 aduocatio
1227 679 1385 723 fraude
1413 681 1615 737 quaesita

144 755 225 803 est,
247 751 304 794 ad
335 751 539 794 timorem
571 750 739 793 dictum
770 749 971 792 referunt
1001 753 1047 792 et
1078 764 1358 806 nequaquam
1389 764 1482 792 esse
1517 764 1614 806 per-

143 824 327 880 petuum
357 821 434 864 sed
464 835 546 878 pro
574 820 668 863 loco
694 822 740 863 et
766 822 964 876 tempore
991 819 1364 876 dispensandum;
1408 822 1461 862 ut
1495 820 1614 862 enim

144 891 210 935 ait
237 890 394 934 beatus
423 889 604 934 Cirillus
634 889 681 932 in
711 889 898 946 epistola
929 889 1177 946 Ephesinae
1203 888 1359 940 sinodi,
1390 889 1614 946 dispensa·
1631 889 1660 930 d

82 973 129 1006 so
145 959 279 1003 tionis
330 959 487 1002 modus
540 958 652 1001 nulli
699 971 911 1014 umquam
961 957 1188 1014 displicuit
1237 958 1500 1014 sapientum.
1566 957 1615 1000 Si

143 1027 484 1085 dispensationis
504 1027 683 1070 modum
700 1026 889 1084 quaeris,
904 1026 1146 1084 probabilis
1166 1026 1343 1083 quidem
1365 1030 1433 1069 est
1452 1026 1490 1068 si
1511 1040 1618 1083 erga

145 1097 320 1148 diuites,
340 1111 445 1154 erga
465 1096 645 1147 nobiles,
666 1110 771 1153 erga
794 1099 998 1153 potentes
1021 1099 1102 1138 aut
1131 1096 1318 1139 curiales
1343 1096 1464 1153 rigor
1486 1110 1617 1138 cano·

145 1181 253 1209 num
274 1169 557 1224 temperatur.
617 1165 734 1209 Nam
756 1164 810 1207 de
830 1164 1027 1207 moribus
1054 1164 1215 1208 ultima
1244 1165 1322 1208 fiet
1347 1164 1540 1216 mentio;
1571 1167 1617 1207 et

146 1235 245 1279 istis
283 1235 356 1279 lex
395 1250 614 1279 canonum
654 1248 935 1291 nequaquam
981 1234 1128 1291 posita
1174 1237 1254 1277 est.
1329 1234 1538 1277 Iustitiae
1577 1234 1616 1276 si

85 1318 128 1356 ιε
149 1304 325 1362 quidem
351 1304 479 1347 liberi
508 1307 615 1348 sunt
642 1306 687 1347 et
714 1318 765 1347 eo
795 1303 1021 1346 ducuntur
1050 1303 1213 1360 spiritu
1243 1307 1296 1347 ut
1323 1319 1496 1347 necesse
1527 1319 1617 1346 non

146 1374 340 1418 habeant
352 1388 444 1418 esse
461 1374 671 1431 sublege.
733 1373 919 1416 Statuat
934 1388 1038 1430 ergo
1055 1373 1127 1416 lex
1145 1374 1260 1430 quod
1277 1374 1446 1431 placuit
1462 1374 1593 1416 latori
1608 1388 1618 1427 ;

145 1457 249 1486 nam
269 1443 358 1494 isti,
372 1442 596 1500 priuilegii
618 1442 876 1500 principalis
892 1442 1138 1499 gaudentes
1158 1442 1381 1495 beneficio,
1406 1442 1618 1500 quicquid

147 1512 350 1557 ambiunt
381 1512 467 1555 sibi
502 1516 748 1570 competere
781 1512 1035 1570 opinantur.
1107 1511 1344 1570 Episcopos
1379 1512 1436 1555 ad
1471 1513 1617 1570 prima

146 1580 357 1625 beneficia
394 1581 595 1639 obligant
635 1584 681 1625 et
719 1581 774 1625 de
819 1580 975 1624 futura
1014 1582 1285 1625 successione
1325 1582 1486 1639 pacisci
1526 1597 1617 1625 non

85 1678 102 1694 ι.
145 1651 577 1709 mia-‘3
594 1661 705 1699 italia
717 1661 790 1698 AM
859 1672 882 1708 9
900 1661 1098 1708 sphenisse
1113 1661 1143 1697 B
1194 1661 1330 1709 synodi
1346 1661 1384 1696 M
1461 1672 1505 1698 10
1521 1662 1617 1709 sapi-

147 1709 295 1766 entium
313 1710 351 1746 Μ
452 1719 492 1747 11
520 1711 577 1747 est
593 1709 744 1756 quidem
762 1709 802 1745 M
907 1720 950 1755 14
975 1709 1006 1745 si
1026 1721 1093 1747 om.
1112 1708 1152 1745 M
1250 1720 1294 1756 19
1318 1709 1477 1756 pascisci
1495 1710 1616 1747 B¹AM

146 1780 245 1827 609),
277 1781 343 1818 ubi
374 1781 515 1819 citatur
548 1782 606 1827 (ut
638 1779 791 1818 concilii
824 1779 1132 1826 Mediolanensis)
1167 1791 1291 1816 canon
1319 1780 1474 1826 quidam
1509 1791 1614 1816 conc.

146 1827 408 1866 Cabilonensis
433 1840 466 1866 a.
502 1830 570 1875 813
598 1827 723 1865 habiti
752 1827 892 1875 (Mansi
925 1827 997 1864 xiv.
1028 1828 1113 1874 98):
1153 1829 1297 1863 ecclesia
1330 1830 1427 1863 inter
1449 1829 1619 1863 haeredes

141 1879 295 1923 patrum·
321 1879 442 1913 diuidi
473 1889 546 1913 non
572 1878 682 1913 debet.
844 1885 859 1911 1
886 1876 1121 1911 Ambrosius:
1156 1874 1320 1911 Videtur
1351 1875 1538 1921 respicere
1567 1875 1616 1912 ad

174 1923 336 1960 nondam
369 1923 521 1960 concilii
552 1922 730 1961 Toletani
756 1922 850 1958 VIII
879 1934 982 1958 anno
1011 1924 1080 1969 653
1114 1922 1240 1959 habiti
1274 1934 1468 1967 canonem,
1502 1935 1616 1976 quem

185 1971 351 2007 tatianus
375 1973 479 2008 Decr.
500 1971 548 2008 II.
570 1982 598 2008 1.
616 1983 652 2018 q.
674 1980 702 2007 1.
722 1982 753 2007 c.
771 1980 791 2015 7
817 1971 861 2006 ut
885 1981 930 2005 ex
955 1970 1145 2006 Ambrosii
1172 1969 1270 2006 libro
1295 1970 1475 2017 pastorali
1495 1972 1615 2016 citat3

149 2029 183 2055 v.
205 2017 412 2066 Friedberg
436 2018 460 2055 i.
489 2031 526 2066 p.
549 2028 630 2066 359.
683 2017 780 2055 Hinc
810 2017 939 2063 colligi
969 2019 1095 2064 potest
1121 2016 1299 2054 Gratiani
1330 2020 1478 2054 Decreto
1507 2030 1617 2054 usum

148 2076 228 2103 esse
253 2065 435 2103 Ioannem
459 2068 640 2103 nostrum.
800 2076 823 2110 4
847 2067 1050 2101 constitutio
1070 2067 1286 2111 apostoliea:
1312 2066 1420 2102 Hanc
1438 2066 1618 2102 constitu-

147 2111 290 2150 tionem
303 2114 426 2151 adhuc
438 2125 624 2160 nusquam
637 2111 783 2155 inveni;
802 2112 850 2149 cf.
864 2115 995 2149 tamen
1009 2114 1182 2148 Decretal.
1197 2112 1250 2149 iii.
1266 2115 1309 2158 38
1323 2125 1343 2149 c
1368 2114 1392 2149 6
1407 2113 1479 2156 (ed.
1495 2112 1619 2149 Fried-

149 2158 242 2214 berg
267 2159 307 2198 ii.
327 2161 436 2205 611);
461 2173 492 2198 v.
513 2161 615 2198 infra
640 2160 688 2197 ad
714 2172 744 2196 c.
768 2170 808 2196 21
834 2162 922 2206 (694
933 2160 990 2205 D).
1158 2161 1228 2206 8,9
1252 2166 1294 2196 ut
1318 2163 1414 2195 enim
1438 2163 1493 2196 ait
1519 2163 1616 2197 etc.:

86 2219 91 2223 ·
150 2205 256 2244 Nihil
271 2207 485 2245 huiusmodi
502 2208 543 2244 in
561 2207 732 2256 epistolis
744 2218 767 2243 a
784 2206 818 2244 S.
838 2206 977 2253 Cyrillo
994 2207 1042 2244 ad
1060 2207 1275 2244 Nestorium
1293 2208 1449 2245 nomine
1465 2207 1618 2244 concilii

152 2254 383 2292 oecumenici
415 2255 556 2302 Ephesi
589 2266 689 2292 anno
714 2265 780 2300 431
817 2254 936 2291 habiti
972 2255 1096 2291 missis
1126 2255 1292 2339 rgperire
1327 2255 1450 2302 potui.
1510 2255 1619 2300 Quod

149 2302 280 2339 tamen
296 2302 342 2339 de
358 2302 637 2349 dispensatione
653 2301 816 2350 Cyn-illus
831 2301 872 2338 in
890 2302 1051 2349 epistola
1067 2315 1136 2349 syn
1188 2303 1201 2338 i
1221 2301 1434 2349 Ephesinae
1452 2315 1618 2340 asserere

151 2348 289 2396 potuit,
306 2349 378 2387 hoc
399 2350 448 2386 ad
472 2351 675 2396 οἰκονομίαν,
693 2361 789 2395 quae
814 2349 949 2386 Latine
973 2352 1192 2396 dispensatio
1217 2350 1294 2386 dici
1317 2351 1477 2395 solebat,
1495 2350 1533 2386 id
1561 2353 1619 2387 est

152 2396 201 2432 ad
218 2395 289 2434 Dei
306 2396 394 2433 Filii
415 2397 732 2439 incarnationem,
754 2396 860 2434 cuius
882 2397 927 2434 de
948 2397 1060 2434 modo
1083 2398 1184 2444 apud
1204 2401 1332 2445 patres
1351 2398 1461 2434 istius
1483 2398 1619 2444 synodi

151 2445 240 2480 acta.
257 2445 313 2480 est
323 2445 502 2490 quaestio,
512 2457 588 2481 non
598 2444 755 2481 dubium
767 2446 826 2480 est
836 2444 927 2490 quin
942 2444 1074 2481 referri
1091 2448 1276 2491 oporteat.
1310 2445 1342 2482 N
1346 2458 1388 2482 ec
1402 2446 1619 2491 putandum

153 2491 211 2526 est
227 2490 407 2528 Ioannem
433 2494 603 2528 nostrum
628 2492 728 2528 male
753 2492 799 2529 de
825 2491 972 2538 legibus
990 2492 1203 2529 relaxandis
1221 2493 1402 2529 vocabulo
1420 2492 1491 2529 isto
1510 2493 1620 2530 intel·

153 2535 306 2580 lexisse;
323 2538 387 2575 sed
403 2539 528 2585 potius
543 2551 604 2576 eos
620 2539 752 2576 irridet
766 2538 831 2584 qui
848 2539 905 2576 ita
917 2551 960 2576 eo
978 2539 1020 2575 in
1038 2540 1096 2575 sui
1114 2540 1398 2578 excusationem
1415 2541 1524 2577 abuti
1542 2553 1619 2577 non

153 2583 434 2622 dubitaverunt.
484 2586 540 2622 cf.
571 2585 699 2632 Cyrill.
725 2588 839 2623 Schol.
866 2589 909 2622 de
941 2589 1087 2623 Incarn.
1118 2589 1303 2634 Vniyeniti
1336 2591 1449 2634 (quae
1483 2588 1619 2624 Latine

153 2631 267 2668 vertit
281 2631 422 2668 Marius
438 2632 639 2679 Mercator)
658 2645 690 2670 c.
702 2635 747 2671 26
765 2633 910 2680 (Migne
927 2636 968 2669 P.
979 2636 1019 2671 L.
1035 2634 1154 2670 xlviii.
1171 2636 1277 2682 1029)
1302 2638 1432 2671 Verum
1448 2638 1620 2682 quoniam

153 2679 225 2714 Des·
245 2680 395 2715 Verbum
418 2682 522 2716 iuxta
545 2693 612 2717 nos
627 2683 771 2726 facium
796 2693 868 2718 esse
891 2684 1115 2728 affirmamus
1140 2684 1211 2719 ete.
1230 2710 1239 2718 .
1259 2710 1267 2719 .
1286 2710 1295 2719 .
1312 2686 1399 2729 quid
1423 2685 1621 2719 absurdum

154 2729 206 2762 est
219 2727 279 2761 uel
301 2728 393 2773 quod
416 2729 512 2780 credi
534 2740 608 2764 non
631 2730 782 2764 debeat?
927 2739 968 2773 13
994 2731 1037 2765 de
1052 2732 1212 2766 moribus
1229 2731 1360 2766 ultima
1373 2734 1443 2776 fiet
1463 2733 1617 2767 mentio:

154 2783 188 2808 v.
205 2772 282 2809 Iuv.
299 2775 374 2810 Sat.
393 2773 446 2810 iii.
469 2784 545 2819 140,
567 2785 629 2820 141
650 2777 693 2811 de
709 2777 867 2812 moribus
881 2777 1013 2812 ultima
1021 2780 1091 2822 fiet
1107 2779 1283 2821 Quaestio.
1431 2787 1471 2822 ¹7
1493 2780 1620 2823 priui-

155 2821 240 2865 leqii
262 2822 500 2866 principalis:
526 2821 695 2868 Respicit
717 2823 767 2860 ad
790 2825 913 2860 Instit.
933 2823 960 2862 i.
982 2835 1015 2861 2.
1035 2826 1070 2870 6,
1086 2826 1170 2871 Diy.
1187 2824 1212 2861 i.
1229 2835 1264 2870 4.
1286 2835 1302 2863 1
1333 2827 1434 2870 Quod
1452 2827 1622 2872 principi

148 2870 302 2916 placuit,
320 2870 406 2915 leuis
421 2869 522 2911 habet
536 2871 707 2917 uigorem.

1447 2927 1510 2971 165
