1988 3250
233 210 313 252 616
331 211 362 250 b

713 211 975 256 10ANN1s
1005 210 1521 255 SARESBERIENSIS
1668 182 1847 269 [mm

378 330 508 388 plene
529 330 773 375 describere
793 331 1075 389 impossibile.
1136 331 1230 375 Nec
1251 346 1333 389 ego
1358 331 1531 374 uiribus
1550 332 1660 375 meis
1679 345 1850 388 arrogo,

378 399 427 442 in
458 415 556 457 quo,
583 400 621 443 si
649 400 779 444 iuxta
804 401 1107 458 praecedentis
1133 401 1304 458 gratiae
1331 415 1509 444 cursum
1536 400 1620 444 sibi
1648 400 1726 443 diu
1752 414 1848 443 suc·

378 470 591 512 cesserint
621 485 842 527 prospera,
872 471 1032 513 sudare
1063 473 1276 527 poterunt
1311 470 1495 513 Orosius
1528 470 1774 527 Egesippus
1804 472 1850 512 et

379 537 563 596 Trogus.
624 538 834 583 Ceterum
855 539 1174 583 adolescentiae
1195 540 1343 582 exitus
1370 539 1593 596 aliquibus
1619 541 1849 596 suspectus

379 610 458 658 est,
479 610 525 650 et
543 608 717 651 utinam
742 608 912 652 frustra
931 624 959 652 a
978 609 1106 652 bonis
1125 609 1351 653 timeatur.
1866 621 1888 658 5

336 701 363 732 0
381 692 490 752 Cap.
512 707 578 750 19.
607 695 671 738 De
699 693 862 738 honore
888 694 1120 739 militibus
1148 694 1399 745 exhibenda
1419 697 1457 738 et
1482 693 1701 737 modestia
1719 693 1848 737 indi-

331 1597 361 1638 d

236 2439 312 2489 617
331 2448 361 2478 a

494 764 637 807 cemza
651 780 671 812 ,·
700 767 740 807 et
759 764 844 821 qui
862 764 1060 808 militiae
1080 768 1224 807 artem
1244 763 1538 815 tradiderint,
1558 767 1597 807 et
1615 762 1851 820 yeneralia

494 833 720 889 quaedam
733 837 974 890 praecepta
998 848 1168 877 eorum.

436 907 557 960 Quid
586 922 734 950 moror
761 907 809 950 in
843 908 1223 951 commendatione
1252 908 1400 965 gentis
1430 922 1564 964 quam
1599 907 1654 950 de
1685 908 1850 950 natura

378 979 554 1019 constat
580 991 673 1019 esse
693 976 992 1021 laudabilem?
1052 978 1217 1020 Beatus
1238 976 1465 1034 Eugenius
1492 991 1602 1028 eam,
1632 976 1690 1019 ad
1717 990 1848 1032 quae-
1870 990 1913 1018 ιο

378 1059 566 1102 cumque
581 1045 717 1089 uellet
737 1046 962 1103 applicari,
975 1047 1093 1090 dixit
1114 1061 1206 1090 esse
1222 1047 1427 1090 idoneam
1447 1050 1493 1090 et
1513 1045 1851 1104 praeferendam

379 1115 479 1158 aliis
509 1115 594 1158 nisi
626 1115 786 1159 leuitas
816 1116 1062 1173 impediret.
1122 1116 1223 1168 Sed,
1254 1117 1369 1160 sicut
1398 1115 1628 1159 Hannibal
1657 1115 1852 1173 negabat

378 1199 505 1242 posse
534 1185 654 1228 uinci
685 1185 905 1228 Romanos
934 1186 1021 1229 nisi
1051 1186 1099 1228 in
1128 1186 1276 1243 patria
1305 1201 1397 1237 sua,
1425 1186 1490 1229 ita
1521 1188 1566 1228 et
1594 1185 1714 1235 haec,
1743 1184 1851 1227 dum

377 1254 700 1311 peregrinatur,
720 1255 993 1298 inuincibilis
1019 1259 1110 1308 est;
1140 1271 1243 1298 nam
1271 1256 1319 1298 in
1346 1255 1524 1299 sedibus
1554 1255 1647 1298 suis
1673 1254 1851 1298 facilius

378 1326 674 1380 expugnatur.
753 1324 850 1367 Hoc
899 1327 1049 1367 autem
1099 1324 1215 1368 forte
1255 1339 1485 1368 commune
1531 1323 1700 1367 habent
1747 1337 1848 1367 cum
1870 1338 1911 1374 ¹⁵

376 1392 535 1435 ceteris
568 1392 777 1450 gentibus
810 1393 977 1436 incolae
1013 1394 1349 1437 Britanniamm
1386 1396 1520 1450 atque
1555 1392 1726 1436 Italiae.
1799 1392 1849 1436 Si

377 1475 485 1504 uero
525 1465 643 1504 recte
684 1461 855 1505 fuerint
904 1463 1103 1506 instituti
1151 1466 1196 1506 et
1245 1463 1492 1506 doctrinam
1533 1461 1856 1509 exercitatione.

377 1529 668 1582 firmauefint,
681 1531 885 1575 honorati
902 1532 1122 1585 incedant,
1134 1533 1384 1575 habeantur
1398 1532 1570 1590 patriae
1585 1530 1851 1582 defensores,

378 1600 554 1642 niteant
573 1601 698 1644 cultu
725 1602 801 1658 qui
829 1605 978 1645 tamen
1000 1603 1121 1646 uiros
1145 1603 1322 1655 deceat;
1352 1617 1456 1645 nam
1477 1601 1623 1646 cultus
1642 1601 1851 1645 lasciuior

377 1684 458 1713 nec
479 1670 525 1712 in
546 1670 750 1714 muliebri
771 1686 882 1715 sexu
901 1672 1014 1715 uitio
1034 1675 1155 1715 caret
1174 1676 1254 1715 aut
1273 1675 1392 1716 nota.
1868 1685 1912 1712 πο

439 1738 605 1783 Crebro
625 1754 815 1797 namque
828 1743 1101 1798 compertum
1115 1744 1182 1784 est
1203 1741 1250 1783 in
1264 1741 1391 1784 bellis
1411 1740 1598 1783 militiae
1618 1740 1849 1784 lasciuien-

378 1811 469 1852 tem
510 1811 555 1851 et
594 1809 873 1866 splendidum
904 1813 1169 1867 apparatum
1200 1825 1289 1853 non
1323 1813 1418 1852 tam
1447 1809 1620 1852 ciuibus
1649 1808 1850 1852 conferre

378 1877 612 1921 uictoriam
652 1893 785 1935 quam
827 1879 976 1922 hostes
1016 1879 1209 1922 inuitare
1245 1878 1302 1922 ad
1344 1878 1566 1936 praedam.
1641 1878 1769 1921 Vnde
1804 1881 1851 1922 et

380 1946 620 1998 Hannibal,
651 1962 750 1991 cum
791 1948 910 2006 apud
950 1963 1097 2006 regem
1130 1948 1399 1991 Antiochum
1435 1950 1684 1991 moraretur
1717 1961 1850 1990 causa

378 2016 863 2074 profugii‚facetissime
879 2018 1114 2061 cauillatus
1130 2022 1208 2068 est,
1217 2032 1319 2075 rege
1335 2020 1587 2061 ostentante
1604 2017 1848 2061 exercitum
1869 2033 1886 2056 2
1891 2033 1911 2068 5

378 2085 628 2143 insignibus
648 2087 794 2130 aureis
815 2090 860 2130 et
879 2087 1102 2144 argenteis
1122 2087 1364 2138 florentem,
1385 2087 1666 2130 inducentem
1693 2101 1849 2130 currus

378 2168 479 2199 cum
501 2155 690 2199 falcibus
710 2159 756 2199 et
774 2171 874 2199 cum
903 2157 1102 2199 turribus
1126 2156 1383 2213 elephantos
1411 2158 1456 2199 et
1482 2171 1656 2199 omnem
1678 2155 1848 2213 equita·

378 2227 476 2267 tum
519 2224 657 2268 frenis
692 2225 883 2282 epiphiis
923 2226 1161 2269 monilibus
1201 2240 1252 2269 ac
1288 2225 1440 2269 faleris
1479 2214 1878 2283 praefulgentems

379 2292 493 2338 Cum
515 2308 620 2351 ergo
642 2308 720 2337 rex
741 2294 1112 2352 contemplatione
1133 2295 1249 2338 tanti
1271 2309 1321 2338 ac
1346 2298 1438 2337 tam
1459 2295 1606 2338 ornati
1627 2294 1849 2338 exercitus

378 2362 698 2419 gloriabundus
721 2363 1016 2407 Hannibalem
1038 2363 1308 2421 aspexisset:
1339 2364 1543 2414 Putasne,
1559 2363 1718 2421 inquit,
1738 2363 1848 2407 satis
1866 2381 1910 2415 30

378 2445 471 2474 esse
493 2431 704 2474 Romanis
725 2432 831 2475 haec
851 2433 1030 2477 omnia'l
1090 2432 1213 2476 Tunc
1235 2432 1379 2475 Penus
1403 2433 1593 2476 illudens
1619 2433 1848 2491 ignauiam

379 2500 706 2557 imbelliamque
746 2500 939 2543 militum
980 2501 1074 2544 eius
1114 2501 1304 2558 pretiose
1344 2506 1617 2545 armatorum
1639 2517 1647 2544 :
1699 2501 1848 2554 Plane,

377 2569 989 2634 mperatum
1007 2586 1031 2623 S
1106 2598 1152 2634 30
1168 2587 1423 2635 conspexisset
1440 2587 1472 2624 A
1545 2599 1585 2635 31
1609 2587 1766 2626 eludens
1779 2587 1846 2626 SM

432 2674 475 2700 ιο
498 2665 706 2709 Euat-nius:
733 2663 771 2700 id
790 2666 859 2708 est,
879 2661 1070 2709 Eugeniua
1089 2662 1144 2699 111
1164 2675 1274 2710 papa.
1293 2676 1378 2700 cum
1396 2675 1470 2718 quo
1496 2667 1738 2701 conversatus
1763 2667 1847 2703 erat

379 2710 459 2758 ipse
480 2711 638 2748 Ioannes
660 2714 810 2754 noster-5
836 2724 867 2747 ν.
894 2707 996 2747 infra
1022 2723 1054 2748 o.
1080 2721 1124 2755 24
1145 2713 1229 2755 (624
1242 2712 1282 2755 Β)
1301 2714 1340 2747 et
1365 2710 1483 2757 ahbi;
1522 2712 1571 2749 cf.
1598 2712 1639 2749 R.
1666 2712 1705 2749 L.
1733 2712 1846 2750 Poole

378 2760 476 2795 Dice.
495 2760 578 2794 Nae.
599 2760 700 2805 Bioq.
721 2759 823 2795 xxix.
841 2769 923 2804 440,
942 2769 1006 2803 441
1028 2770 1054 2794 s.
1069 2770 1101 2794 v.
1117 2759 1216 2795 John
1233 2761 1279 2805 of
1295 2760 1493 2805 Saliabury.
1689 2770 1729 2796 12
1753 2762 1847 2797 sicut

375 2807 570 2843 Hannibal
586 2810 679 2844 eta:
708 2818 739 2843 v,
758 2806 891 2843 lustin.
910 2805 1010 2842 xxxi.
1031 2816 1051 2851 3
1071 2804 1088 2852 ξ
1110 2815 1141 2850 7.
1335 2817 1389 2852 23·
1411 2817 1455 2851 24
1487 2808 1586 2844 Vnde
1602 2811 1634 2843 et
1656 2808 1848 2845 Hannibal

377 2857 471 2891 otest
499 2866 529 2891 v.
548 2852 644 2891 Gall,
661 2865 693 2890 v·
715 2863 744 2901 5.
890 2854 935 2891 28
961 2854 1139 2901 epiphan:
1165 2852 1189 2890 i.
1203 2865 1234 2891 e.
1253 2853 1460 2902 ephippiis.

486 2926 531 2960 3⁴
