1988 3250
225 244 310 285 594
331 244 357 275 c
699 234 964 280 IOANNIS
1003 235 1519 281 SARESBERIENSIS
1667 235 1776 298 [1213.
1790 249 1843 281 vt

329 364 356 395 c
371 358 704 412 repraesentent
731 356 839 399 haec
862 358 1060 399 armatae
1086 356 1274 400 militiae
1302 357 1457 400 munia
1486 372 1598 415 quae
1627 373 1718 401 non
1747 361 1841 401 tam

371 425 443 481 (ut
470 425 533 468 eis
557 425 756 484 uidetur)
781 426 1059 483 disciplinam
1089 426 1258 469 redolet
1285 426 1524 470 militarem
1555 442 1687 484 quam
1717 427 1841 485 igno-

370 495 583 538 miniosae
615 495 848 538 seruitutis
887 495 1130 553 angustias.
1187 495 1244 538 In
1283 511 1335 539 eo
1373 511 1564 553 namque
1603 497 1843 540 militarem

369 567 572 608 constare
601 565 789 622 gloriam
814 565 1067 622 opinantur,
1093 565 1131 608 si
1158 565 1358 609 nitidiori
1382 567 1643 624 splendeant
1672 566 1843 616 habitu,

370 636 424 677 ut
454 634 595 677 lineas
626 649 729 677 suas
760 638 907 677 uestes
941 634 1013 678 uel
1047 635 1207 678 sericas
1237 635 1299 678 sic
1333 636 1638 693 perstringant
1673 639 1718 679 et
1751 639 1841 678 tor-
1861 644 1882 679 5

372 707 539 760 queant
565 707 618 746 ut
647 704 774 760 quasi
800 706 947 747 cutem
977 707 1248 747 cerussatam
1278 705 1434 748 aliisue
1461 705 1576 749 fucis
1605 705 1844 748 obnoxiam

371 773 494 817 carni
515 772 686 816 faciant
705 774 920 824 coherere,
941 773 980 816 si
1007 773 1226 831 gradariis
1253 775 1377 831 equis
1403 775 1628 818 insideant
1654 774 1844 824 mollius,

370 842 409 885 si
453 842 743 885 calamistrati
794 843 994 886 curatiue
1033 843 1172 886 Acteo
1221 858 1311 887 non
1354 844 1514 888 cedant
1552 844 1751 901 Apollini
1799 846 1845 886 et

371 911 541 955 deliciis
579 912 672 955 sint
710 913 853 969 magis
892 927 1026 969 quam
1065 912 1236 955 uirtute
1275 913 1539 970 praesignes.
1599 913 1765 956 Eorum
1805 912 1844 956 si

372 980 491 1025 forte
529 982 829 1025 construxeris
861 982 1012 1032 aciem,
1046 985 1242 1024 castrum
1278 982 1461 1026 Thaidis
1496 997 1629 1040 quam
1670 982 1843 1025 Hanni·
1864 994 1907 1018 10

374 1050 488 1094 balis
507 1051 652 1094 tutius
671 1051 960 1108 expugnabis,
1014 1050 1225 1108 Quisquis
1245 1066 1396 1094 eorum
1417 1051 1464 1094 in
1484 1052 1588 1095 aula
1607 1052 1846 1095 iactantior

374 1123 454 1170 est,
473 1134 574 1163 cum
598 1120 656 1162 ad
683 1120 840 1177 praelii
860 1119 1096 1163 discrimen
1116 1120 1351 1172 acceditur,
1370 1121 1544 1164 lacones
1565 1121 1675 1164 duce
1696 1121 1848 1178 Sanga

329 1190 359 1231 d
375 1190 607 1232 turmatim
626 1189 886 1247 praemittet
906 1189 963 1231 ad
983 1203 1192 1246 pugnam,
1207 1190 1470 1234 nouissimos
1490 1191 1699 1248 praesidii
1715 1205 1847 1234 causa

374 1258 645 1315 subsequens
679 1273 780 1302 cum
815 1257 1120 1302 funditoribus
1149 1259 1335 1316 aliisque
1365 1260 1442 1316 qui
1476 1260 1524 1302 in
1553 1260 1725 1303 hostem
1755 1260 1846 1303 tela

373 1328 547 1371 eminus
566 1328 745 1371 mittere
765 1342 898 1384 quam
918 1342 1101 1370 manum
1121 1343 1347 1372 conserere
1366 1329 1537 1373 uolunt.
1596 1328 1711 1374 Cum
1738 1343 1844 1372 uero
1865 1342 1905 1377 15

373 1398 469 1441 sine
495 1398 680 1441 uulnere
707 1400 753 1441 et
779 1397 982 1441 cicatrice
1011 1396 1149 1455 (quod
1170 1397 1448 1455 frequentius
1478 1399 1642 1455 euenit)
1665 1398 1846 1442 domum

374 1467 576 1518 redeunt,

605 1561 714 1602 tunc
745 1558 964 1601 exhausta
993 1561 1160 1602 canunt
1189 1558 1357 1616 praelia
1386 1559 1531 1602 Marte
1559 1559 1716 1617 graui;

549 1617 641 1660 illic
673 1617 871 1667 Eacides,
899 1617 990 1660 illic
1020 1617 1234 1660 tendebat
1262 1617 1481 1670 Achilles;

607 1678 653 1719 et
682 1675 877 1733 pingunt
908 1675 1047 1718 fluido
1078 1675 1292 1733 Pergama
1322 1678 1418 1719 tota
1446 1690 1568 1719 mero
1582 1690 1592 1730 ;
1867 1697 1909 1722 πο

375 1769 422 1811 et
442 1767 628 1824 quisque
649 1770 814 1810 mortes
833 1767 954 1810 mille
974 1767 1090 1811 circa
1110 1770 1311 1824 tempora
1330 1782 1411 1811 sua
1431 1782 1598 1811 errasse
1617 1767 1848 1826 gloriatur.

376 1836 551 1879 Exinde
580 1836 768 1894 gloriam
799 1851 950 1879 eorum
981 1835 1099 1879 ferre
1129 1851 1218 1879 non
1247 1837 1424 1894 poteris.
1484 1837 1655 1880 Fabula
1674 1837 1781 1880 haec
1801 1837 1850 1879 in

375 1920 544 1948 annum
574 1905 865 1949 centesimum
895 1905 1192 1963 protelabitur
1204 1920 1214 1958 ;
1244 1906 1325 1949 filii
1356 1921 1542 1964 quoque,
1563 1907 1640 1964 qui
1669 1921 1850 1950 nascen-

375 1979 453 2019 tur
479 1978 526 2018 et
554 1978 786 2032 exurgent,
812 1976 1085 2019 enarrabunt
1104 1975 1209 2019 filiis
1237 1975 1341 2018 suis.
1402 1975 1451 2019 Si
1482 1977 1634 2019 hastas
1666 1976 1849 2033 aliquot,

378 2058 489 2101 quas
508 2044 566 2087 ad
586 2044 766 2087 modum
787 2045 998 2088 cannabis
1026 2044 1209 2103 fragiles
1236 2045 1426 2103 diligens
1449 2046 1612 2089 inertia
1640 2060 1847 2103 procura·
1868 2062 1884 2086 2
1891 2061 1910 2096 5

228 2124 311 2165 595
330 2125 361 2155 a
378 2114 459 2167 uit,
479 2114 579 2171 quis
609 2113 806 2171 fregerit,
831 2114 869 2157 si
896 2129 1055 2158 aurum
1079 2114 1267 2157 minium
1294 2114 1468 2159 colorue
1499 2115 1613 2158 alius
1640 2129 1849 2172 quocum·

425 2263 504 2318 uel]
522 2275 569 2347 ge
587 2262 654 2300 SM
797 2263 821 2300 6
846 2263 1056 2299 cerussatam
1075 2260 1143 2299 SM
1277 2270 1320 2309 25
1349 2262 1504 2299 canabis
1521 2261 1702 2300 C²BA¹M¹
1797 2263 1852 2301 in-

408 2323 510 2349 erola

428 2450 451 2486 6
475 2455 589 2486 cutem
613 2453 851 2485 cerussatam:
876 2459 908 2484 v.
935 2445 1102 2484 Martial.
1125 2447 1254 2493 Epiyr.
1271 2446 1332 2483 vii.
1359 2456 1415 2494 25.
1622 2457 1643 2494 7
1666 2450 1855 2494 ymdar-tis

383 2499 500 2544 equis:
525 2509 558 2533 v.
578 2495 675 2533 Non.
694 2494 866 2532 Marcell.
889 2503 941 2538 17.
960 2505 1015 2530 22.
1233 2496 1254 2530 8
1279 2497 1407 2531 Acteo:
1433 2494 1457 2532 i.
1470 2506 1503 2531 6.
1525 2494 1657 2538 Acti0;
1683 2508 1714 2532 v.
1741 2496 1854 2545 Verg.

385 2548 477 2582 Aen.
495 2542 571 2579 viii.
590 2554 671 2589 704.
841 2552 884 2579 10
912 2542 1081 2577 Thaidis:
1107 2553 1155 2578 sc.
1173 2541 1384 2578 meretricis
1401 2541 1442 2578 in
1459 2541 1628 2579 Terentii
1652 2545 1854 2588 Eunucho:

384 2604 416 2628 v.
434 2593 531 2628 Eun.
550 2590 596 2628 iv.
614 2600 647 2635 7.
666 2601 698 2636 3.
815 2600 855 2627 12
881 2591 1041 2625 lacones:
1067 2600 1135 2643 pro
1153 2591 1301 2633 calones,
1322 2591 1364 2626 ut
1380 2589 1547 2633 videtur:
1573 2590 1620 2626 of.
1639 2589 1740 2627 infra
1757 2604 1787 2628 6.
1812 2602 1851 2630 11

385 2641 469 2684 (603
483 2640 534 2684 c).
631 2640 777 2684 Sanqa:
803 2650 836 2673 v.
854 2637 936 2673 Ter.
956 2638 1055 2672 Eun.
1074 2648 1120 2672 ιν.
1141 2646 1174 2681 7.
1189 2638 1222 2672 6.
1387 2640 1428 2674 18
1453 2643 1539 2674 tunc
1560 2639 1736 2674 exhausta
1758 2642 1844 2676 etos

384 2687 433 2724 cf.
451 2687 515 2723 Ον.
533 2687 621 2723 Iler.
639 2684 661 2722 i.
677 2695 732 2730 31,
747 2695 803 2731 32,
819 2694 861 2731 35
879 2686 994 2731 Atque
1011 2685 1144 2730 aliquia
1157 2686 1275 2730 posita
1293 2690 1465 2721 monstrat
1474 2687 1561 2731 fera
1574 2687 1714 2731 proelia
1731 2699 1855 2724 mensa

383 2736 508 2779 Pinqo‘t
535 2738 568 2770 et
596 2735 724 2779 eoeiyuo
751 2734 926 2777 Perqama
951 2736 1023 2767 tota
1053 2743 1159 2767 mero.
1180 2758 1188 2767 .
1213 2758 1221 2767 .
1247 2760 1255 2768 .
1278 2733 1362 2767 1110‘0
1385 2733 1566 2774 Aeacides,
1594 2734 1669 2768 illic
1693 2736 1856 2771 tendebat

390 2783 522 2818 Vlixen.
690 2790 730 2817 21
754 2785 882 2815 mortes
898 2781 992 2815 etc:
1019 2791 1049 2815 v.
1068 2777 1164 2815 Stat.
1187 2779 1291 2816 Theb.
1309 2778 1354 2816 vi.
1373 2789 1441 2826 793
1457 2781 1540 2825 (768
1559 2779 1727 2827 Kohlm.)
1752 2783 1856 2819 Mille

382 2834 485 2866 caueae
507 2830 631 2874 lapsae
657 2830 791 2865 circum
817 2839 885 2863 oua
916 2832 1075 2873 tempora
1109 2831 1244 2863 mortes.
1417 2837 1461 2874 23
1490 2829 1571 2872 filis·
1602 2830 1697 2866 etc.:
1732 2841 1766 2867 v.
1796 2829 1856 2868 Pe.

383 2875 513 2913 lxxvii.
530 2877 563 2913 6.
