1988 3250
284 224 374 265 704
391 224 418 256 c
766 210 1028 256 IOANNIS
1058 211 1573 261 SARESBERIENSIS
1704 213 1818 270 [mn.
1827 223 1902 259 vn

546 330 651 374 Vrit
679 331 799 375 enim
828 331 1003 389 fulgore
1033 345 1114 375 suo
1143 332 1220 388 qui
1250 334 1519 389 praegrauat
1547 334 1667 376 artes

550 389 672 432 infra
700 404 746 433 se
775 390 970 447 positas;
1001 390 1226 433 extinctus
1254 390 1481 432 amabitur
1508 390 1637 434 idem.

429 470 519 514 Sed
557 485 663 528 prae
707 471 865 514 ceteris
904 471 1023 513 serui
1069 470 1283 523 dominos,
1314 470 1536 526 praelatos
1575 471 1743 514 subditi
1783 471 1899 515 inse-

427 543 640 597 quuntur.
699 539 818 583 Nam
850 540 965 583 sicut
999 553 1242 590 seruorum,
1274 540 1341 581 ita
1374 542 1421 582 et
1449 539 1728 584 subditorum
1757 555 1899 599 genus

426 609 686 667 plerumque
702 610 937 666 querulum
953 613 1020 652 est
1036 612 1081 651 et
1100 612 1180 651 aut
1200 623 1246 651 se
1266 608 1431 652 iniuste
1451 609 1593 666 premi
1613 612 1694 653 aut
1715 610 1898 668 indigne
1919 621 1940 656 5

427 678 701 722 remunerari
731 678 881 722 studia
910 681 990 721 aut
1020 677 1161 720 officia
1192 677 1307 720 male
1339 677 1645 722 administrari
1677 682 1899 723 causatur.

381 753 412 793 d
429 747 633 804 Raroque
663 746 863 790 inuenies
894 747 969 803 qui
1000 746 1047 788 in
1077 746 1226 803 aliquo
1255 761 1344 789 non
1375 747 1582 790 detrahat
1613 749 1900 805 praesidenti,

427 817 512 859 etsi
555 815 782 859 interdum
829 815 978 858 omnia
1023 818 1142 857 recte
1187 818 1412 872 gerantur.
1493 815 1694 860 Comicos
1740 817 1897 875 relege,

425 885 605 929 reuolue
625 885 828 942 tragicos,
843 884 1060 927 familiam
1082 883 1175 927 fere
1196 899 1368 941 semper
1387 885 1704 942 patrifamilias
1723 886 1897 930 uidebis

423 955 661 1013 ingratam.
721 955 784 997 At
823 968 913 996 non
953 953 1083 996 modo
1122 954 1170 996 in
1209 954 1332 997 curia
1372 954 1449 998 sed
1488 955 1536 998 in
1576 955 1704 1007 scola,
1735 956 1813 1000 sed
1846 956 1895 999 in
1915 969 1960 994 10

423 1024 628 1076 claustro,
649 1023 726 1067 sed
754 1024 801 1066 in
825 1023 1031 1080 capitolio
1059 1035 1226 1066 morem
1250 1023 1380 1074 hunc,
1405 1024 1444 1067 si
1474 1027 1624 1068 tamen
1654 1025 1896 1070 domestica

422 1094 538 1137 uitia
558 1096 663 1137 sunt
683 1093 880 1136 moribus
906 1092 1203 1149 aggreganda,
1222 1092 1454 1136 miraberis
1477 1094 1691 1150 optinere.
1754 1095 1894 1139 Vene-

423 1163 577 1206 rabilis
605 1166 734 1220 pater
757 1162 1009 1205 Gilebertus
1042 1161 1382 1205 Herefordensis
1406 1162 1636 1220 episcopus
1665 1163 1800 1207 michi
1827 1178 1894 1208 re-

423 1231 540 1276 ferre
580 1231 810 1275 consueuit
842 1231 1148 1274 claustralium
1183 1245 1350 1274 morem
1385 1246 1516 1288 quem
1551 1232 1598 1274 in
1634 1247 1680 1276 se
1715 1233 1812 1291 ipso
1845 1247 1893 1277 se

423 1301 651 1345 fatebatur
690 1303 936 1357 expertum.
996 1300 1110 1344 Cum
1151 1300 1269 1343 enim
1309 1301 1626 1344 monasterium
1665 1302 1890 1360 ingressus
1911 1316 1953 1353 ¹5

422 1374 548 1421 esset,
594 1370 772 1414 feruens
821 1370 966 1413 adhuc
1014 1370 1117 1427 igne
1167 1384 1298 1426 quem
1348 1370 1403 1413 de
1452 1385 1569 1414 nouo
1617 1374 1890 1429 conceperat,

422 1440 765 1498 magistratuum
787 1454 966 1482 suorum
987 1438 1212 1496 ignauiam
1227 1439 1453 1497 arguebat.
1514 1440 1608 1484 Nec
1623 1455 1769 1494 mora;
1789 1456 1890 1499 pro-

421 1511 568 1553 motus
617 1509 666 1552 in
720 1508 903 1559 modico,
936 1509 1219 1552 miseratione
1272 1509 1550 1566 complicium
1600 1513 1748 1555 motus
1797 1515 1890 1566 est3

274 1584 356 1625 705
374 1587 405 1617 a
421 1578 617 1622 nondum
644 1581 794 1621 tamen
821 1578 1017 1635 pepercit
1043 1578 1295 1621 maioribus.
1355 1578 1492 1622 Paulo
1512 1582 1613 1636 post
1636 1580 1694 1623 ad
1721 1581 1890 1638 priores

420 1648 641 1700 ascendit;
681 1647 990 1704 prioribusque
1029 1648 1313 1704 compatiens,
1351 1662 1530 1706 carpere
1568 1663 1658 1692 non
1697 1651 1888 1695 cessauit
1908 1666 1952 1691 20

419 1717 616 1761 abbates.
660 1716 822 1760 Factus
837 1719 905 1759 est
921 1721 966 1759 et
982 1716 1074 1774 ipse
1091 1717 1249 1770 abbas;
1273 1720 1329 1768 et,
1342 1718 1562 1775 propitius
1578 1718 1625 1761 in
1641 1719 1887 1772 coabbates,

416 1787 720 1844 episcoporum
735 1786 880 1843 coepit
895 1786 1009 1829 uitia
1024 1786 1200 1830 intueri.
1260 1787 1457 1831 Tandem
1478 1791 1524 1831 et
1543 1787 1637 1845 ipse
1658 1788 1888 1848 episeopus

418 1911 452 1948 3,
469 1911 491 1946 4
516 1900 738 1938 insecuntur
753 1899 778 1936 S
925 1910 966 1937 12
992 1899 1163 1938 obtinere
1180 1899 1311 1937 CBSM
1455 1912 1498 1948 13
1525 1899 1570 1939 G.
1588 1901 1629 1937 M

470 2011 483 2037 1
519 2002 598 2036 Vrit
615 2003 708 2038 ete:
735 1999 827 2036 Hor.
844 2000 917 2045 Ep.
934 1997 973 2034 ii.
997 2008 1025 2035 1.
1051 2009 1104 2044 13,
1126 2009 1180 2044 14.
1340 2010 1379 2037 11
1408 2002 1598 2047 capitolio:
1624 1999 1648 2038 i.
1663 2013 1696 2039 e.
1715 2013 1760 2039 ca
1788 2001 1886 2040 itulo

416 2048 690 2086 canonicorum
709 2060 718 2091 ς
751 2059 784 2083 v.
804 2046 863 2083 Du
881 2045 1008 2093 Gange
1024 2046 1091 2082 sub
1109 2058 1186 2083 voc.
1297 2057 1339 2093 13
1365 2049 1585 2085 Gilebertus:
1612 2049 1636 2086 i.
1649 2060 1681 2086 e.
1699 2049 1742 2087 G.
1792 2049 1887 2089 oliot

416 2098 548 2143 postea
564 2095 762 2142 episcopus
773 2093 1047 2131 Londoniensis
1064 2096 1103 2130 et
1121 2093 1155 2130 S.
1170 2094 1338 2131 Thomae
1353 2094 1639 2133 Cantuariensis
1652 2097 1885 2136 adversarius

417 2142 652 2190 praecipuus,
672 2142 718 2180 de
735 2153 809 2189 quo
827 2141 874 2178 cf.
894 2141 1046 2177 Ioannis
1063 2141 1182 2178 nostri
1200 2143 1296 2188 Epp.
1318 2153 1393 2187 140,
1416 2153 1491 2187 141,
1515 2153 1593 2190 175,
1618 2153 1694 2190 179,
1713 2147 1788 2191 183.
1805 2146 1884 2192 184,

417 2192 499 2236 228,
518 2201 597 2236 243,
616 2192 696 2236 289,
715 2200 793 2236 293.
812 2198 893 2236 295.
912 2199 991 2235 300,
1010 2198 1090 2234 302.
1110 2199 1190 2235 303.
1239 2190 1295 2225 Ad
1306 2201 1392 2226 eum
1404 2190 1588 2237 respicere
1602 2191 1752 2229 videtur
1767 2192 1884 2230 etiam

443 2238 516 2274 uod
550 2237 692 2285 legitur
722 2236 763 2273 in
791 2238 861 2283 Ep.
897 2246 965 2281 304
993 2236 1041 2272 ad
1072 2235 1251 2272 Ioannem
1285 2236 1556 2274 Pictavieneem
1589 2238 1808 2286 episcopum
1836 2241 1884 2280 de

416 2250 455 2322 ἓ.
473 2285 641 2322 'rhomae
657 2284 861 2322 occisione:
887 2284 936 2319 Et
951 2285 1102 2331 quidem.
1117 2289 1158 2319 ut
1171 2286 1339 2329 creditur,
1352 2296 1469 2321 necem
1482 2286 1598 2331 ipsius
1610 2288 1802 2324 traditores
1817 2315 1826 2324 .
1844 2314 1855 2325 .
1874 2315 1884 2326 .

413 2335 637 2370 sacerdotum
652 2334 839 2379 principes
845 2333 1119 2379 formarer-unu
1144 2331 1191 2367 cf.
1210 2330 1254 2367 G.
1271 2331 1315 2368 G.
1332 2331 1445 2379 Pei-ry
1457 2332 1497 2368 in
1515 2334 1609 2371 Dict.
1626 2336 1670 2379 of
1678 2335 1764 2371 Nat.
1778 2336 1881 2383 Bt'oy.

415 2380 494 2417 xix.
509 2382 579 2427 360
590 2392 662 2417 ιν.
681 2379 814 2416 Foliot.
916 2389 927 2415 1
983 2381 1261 2414 monasterium:
1287 2391 1335 2416 sc.
1348 2378 1594 2416 cluniacense
1611 2393 1619 2423 3
1638 2393 1668 2417 v.
1681 2380 1883 2428 epistolam

416 2427 591 2475 Hugonis
624 2425 883 2464 Cluniucensifl
915 2437 938 2462 a
965 2425 1065 2462 batia
1097 2426 1145 2462 ad
1175 2426 1389 2463 Gilbertum
1422 2426 1547 2474 ipsum
1581 2439 1641 2474 ap.
1672 2428 1882 2468 Robertson

414 2476 609 2512 Materiale
616 2478 685 2522 sor
698 2475 793 2511 Hice.
811 2476 856 2521 os
874 2475 999 2510 Becket
1017 2485 1047 2509 v.
1069 2484 1114 2518 30
1123 2485 1199 2520 seq.
1216 2486 1223 2516 ;
1249 2473 1297 2510 cf.
1316 2476 1410 2509 Hist.
1438 2476 1536 2511 Mon.
1563 2477 1682 2512 Glouc.
1701 2477 1758 2514 ed.
1784 2478 1882 2517 Hart

413 2523 438 2559 i.
462 2526 514 2560 18.
701 2532 745 2568 19
768 2524 818 2558 ad
839 2523 1002 2568 priores:
1030 2520 1136 2557 Prior
1153 2533 1175 2557 a
1203 2521 1252 2557 ud
1270 2520 1536 2559 Cluniaccnses
1553 2521 1652 2568 ipsos
1669 2523 1791 2561 factus
1811 2528 1880 2571 est,

412 2571 552 2607 deinde
577 2569 870 2613 Amatis-villae,
897 2570 941 2605 ut
965 2567 1020 2605 ait
1045 2568 1087 2605 G.
1107 2568 1151 2604 G.
1199 2579 1282 2615 orry
1308 2568 1346 2604 in
1374 2571 1467 2605 υἱοί.
1489 2572 1532 2615 of
1549 2571 1633 2607 Nat.
1651 2572 1788 2616 Bioqr„
1805 2583 1881 2619 quo

411 2620 541 2655 tamen
558 2620 712 2654 auctore
730 2617 866 2658 neseio.
883 2615 986 2653 illius
998 2615 1099 2652 enim
1112 2615 1216 2651 nulla
1229 2616 1372 2652 mentio
1385 2616 1493 2653 estin
1508 2616 1692 2665 catalogo
1705 2617 1878 2657 Priorum

412 2665 449 2702 S.
478 2664 577 2702 Petri
606 2664 892 2701 Abbatia-villae
925 2675 1036 2710 quem
1067 2662 1242 2699 monachi
1272 2663 1587 2711 Congregationis
1617 2664 1653 2702 S.
1680 2664 1804 2703 Mauri
1837 2666 1878 2704 in

413 2715 536 2750 Gallia
558 2713 768 2748 Christiana
788 2714 837 2753 (x.
858 2721 871 2748 1
879 2722 918 2758 31
926 2713 963 2757 3)
985 2710 1297 2757 compilaverunt.
1443 2722 1482 2748 21
1512 2713 1640 2749 abbas:
1668 2711 1804 2750 Factus
1821 2717 1879 2753 est

410 2761 528 2797 abbas
552 2758 851 2813 Glouccutrennis
877 2757 1228 2816 sousslovornensis
1251 2770 1283 2795 a..
1312 2769 1347 2795 11
1353 2768 1422 2842 ἐφ
1448 2771 1479 2795 v.
1506 2761 1602 2796 Hm.
1624 2761 1724 2797 Mon.
1752 2762 1876 2800 Glouo.

409 2808 480 2845 loc.
498 2819 539 2843 uu
571 2818 612 2842 ru.
629 2809 693 2843 ent.
832 2817 876 2844 22
902 2818 1108 2853 ῳιεεοριιεε
1134 2805 1190 2842 Ad
1208 2805 1331 2842 nedem
1389 2806 1667 2845 erefordenuem
1683 2811 1878 2855 promotus

407 2858 466 2894 eut
484 2854 545 2891 Gil
574 2857 675 2891 ertu·
691 2866 726 2892 a.
746 2856 835 2901 1148
850 2867 860 2899 ;
885 2865 916 2893 v,
936 2854 1032 2891 Hinc.
1047 2854 1146 2891 Mon.
1167 2853 1290 2891 Glouc.
1308 2853 1379 2891 loo.
1395 2866 1508 2902 supra
1525 2853 1592 2894 eit.

525 2923 594 2966 21⁶
