<?xml version="1.0" encoding="UTF-8"?>
<!DOCTYPE html PUBLIC "-//W3C//DTD XHTML 1.0 Transitional//EN"
    "http://www.w3.org/TR/xhtml1/DTD/xhtml1-transitional.dtd">
<html xmlns="http://www.w3.org/1999/xhtml" xml:lang="en" lang="en">
 <head>
  <title>
</title>
<meta http-equiv="Content-Type" content="text/html;charset=utf-8" />
  <meta name='ocr-system' content='tesseract 3.04.00' />
  <meta name='ocr-capabilities' content='ocr_page ocr_carea ocr_par ocr_line ocrx_word'/>
</head>
<body>
  <div class='ocr_page' id='page_1' title='image "./policraticisived02john_0299.png"; bbox 0 0 1988 3250; ppageno 0'>
   <div class='ocr_carea' id='block_1_1' title="bbox 153 235 1758 298">
    <p class='ocr_par' dir='ltr' id='par_1_1' title="bbox 153 235 1758 298">
     <span class='ocr_line' id='line_1_1' title="bbox 153 235 1758 298; baseline 0 -17"><span class='ocrx_word' id='word_1_1' title='bbox 153 248 250 282; x_wconf 72' lang='lat' dir='ltr'><strong>mr.</strong></span> <span class='ocrx_word' id='word_1_2' title='bbox 262 235 313 298; x_wconf 84' lang='lat' dir='ltr'><strong>x]</strong></span> <span class='ocrx_word' id='word_1_3' title='bbox 665 236 1104 282; x_wconf 81' lang='lat' dir='ltr'><strong>POLIORATIGVS</strong></span> <span class='ocrx_word' id='word_1_4' title='bbox 1631 247 1714 289; x_wconf 77' lang='lat'><strong>⁷44</strong></span> <span class='ocrx_word' id='word_1_5' title='bbox 1733 247 1758 281; x_wconf 80' lang='grc' dir='ltr'><strong>ο</strong></span> 
     </span>
    </p>
   </div>
   <div class='ocr_carea' id='block_1_2' title="bbox 150 355 1618 609">
    <p class='ocr_par' dir='ltr' id='par_1_2' title="bbox 150 355 1618 609">
     <span class='ocr_line' id='line_1_2' title="bbox 153 355 1617 414; baseline -0.001 -13"><span class='ocrx_word' id='word_1_6' title='bbox 153 356 443 401; x_wconf 80' lang='lat' dir='ltr'><strong>circumfusae</strong></span> <span class='ocrx_word' id='word_1_7' title='bbox 462 355 649 399; x_wconf 80' lang='lat' dir='ltr'><strong>hederae</strong></span> <span class='ocrx_word' id='word_1_8' title='bbox 668 356 836 399; x_wconf 81' lang='lat' dir='ltr'><strong>latente</strong></span> <span class='ocrx_word' id='word_1_9' title='bbox 855 369 1075 406; x_wconf 86' lang='lat' dir='ltr'><strong>mucrone,</strong></span> <span class='ocrx_word' id='word_1_10' title='bbox 1095 355 1201 412; x_wconf 90' lang='lat' dir='ltr'><strong>quia</strong></span> <span class='ocrx_word' id='word_1_11' title='bbox 1229 370 1319 398; x_wconf 88' lang='lat' dir='ltr'><strong>non</strong></span> <span class='ocrx_word' id='word_1_12' title='bbox 1344 356 1410 399; x_wconf 86' lang='lat' dir='ltr'><strong>ita</strong></span> <span class='ocrx_word' id='word_1_13' title='bbox 1438 356 1617 414; x_wconf 90' lang='lat' dir='ltr'><strong>profite-</strong></span> 
     </span>
     <span class='ocr_line' id='line_1_3' title="bbox 152 424 1618 482; baseline -0.001 -13"><span class='ocrx_word' id='word_1_14' title='bbox 152 426 276 470; x_wconf 90' lang='lat' dir='ltr'><strong>bitur</strong></span> <span class='ocrx_word' id='word_1_15' title='bbox 293 426 341 468; x_wconf 89' lang='lat' dir='ltr'><strong>in</strong></span> <span class='ocrx_word' id='word_1_16' title='bbox 360 425 566 469; x_wconf 86' lang='lat' dir='ltr'><strong>conuiuio</strong></span> <span class='ocrx_word' id='word_1_17' title='bbox 583 439 807 468; x_wconf 80' lang='lat' dir='ltr'><strong>censorem</strong></span> <span class='ocrx_word' id='word_1_18' title='bbox 832 427 885 468; x_wconf 89' lang='lat' dir='ltr'><strong>ut</strong></span> <span class='ocrx_word' id='word_1_19' title='bbox 911 424 1059 482; x_wconf 89' lang='lat' dir='ltr'><strong>palam</strong></span> <span class='ocrx_word' id='word_1_20' title='bbox 1088 424 1204 467; x_wconf 87' lang='lat' dir='ltr'><strong>uitia</strong></span> <span class='ocrx_word' id='word_1_21' title='bbox 1227 425 1426 481; x_wconf 88' lang='lat' dir='ltr'><strong>castiget.</strong></span> <span class='ocrx_word' id='word_1_22' title='bbox 1487 425 1618 469; x_wconf 87' lang='lat' dir='ltr'><strong>Cete-</strong></span> 
     </span>
     <span class='ocr_line' id='line_1_4' title="bbox 150 493 1612 552; baseline -0.001 -13"><span class='ocrx_word' id='word_1_23' title='bbox 150 510 250 539; x_wconf 92' lang='lat' dir='ltr'><strong>rum</strong></span> <span class='ocrx_word' id='word_1_24' title='bbox 269 495 339 538; x_wconf 90' lang='lat' dir='ltr'><strong>his</strong></span> <span class='ocrx_word' id='word_1_25' title='bbox 358 494 538 539; x_wconf 90' lang='lat' dir='ltr'><strong>obnoxii</strong></span> <span class='ocrx_word' id='word_1_26' title='bbox 557 494 871 552; x_wconf 86' lang='lat' dir='ltr'><strong>repugnabunt</strong></span> <span class='ocrx_word' id='word_1_27' title='bbox 889 496 936 537; x_wconf 90' lang='lat' dir='ltr'><strong>et</strong></span> <span class='ocrx_word' id='word_1_28' title='bbox 954 493 1059 537; x_wconf 86' lang='lat' dir='ltr'><strong>talis</strong></span> <span class='ocrx_word' id='word_1_29' title='bbox 1076 494 1163 536; x_wconf 89' lang='lat' dir='ltr'><strong>erit</strong></span> <span class='ocrx_word' id='word_1_30' title='bbox 1178 493 1372 537; x_wconf 89' lang='lat' dir='ltr'><strong>conuiuii</strong></span> <span class='ocrx_word' id='word_1_31' title='bbox 1388 494 1612 537; x_wconf 89' lang='lat' dir='ltr'><strong>tumultus</strong></span> 
     </span>
     <span class='ocr_line' id='line_1_5' title="bbox 153 562 1227 609; baseline -0.003 -1"><span class='ocrx_word' id='word_1_32' title='bbox 153 567 206 609; x_wconf 88' lang='lat' dir='ltr'><strong>ut</strong></span> <span class='ocrx_word' id='word_1_33' title='bbox 223 564 307 608; x_wconf 91' lang='lat' dir='ltr'><strong>sub</strong></span> <span class='ocrx_word' id='word_1_34' title='bbox 325 563 577 608; x_wconf 90' lang='lat' dir='ltr'><strong>huiusmodi</strong></span> <span class='ocrx_word' id='word_1_35' title='bbox 597 563 779 607; x_wconf 88' lang='lat' dir='ltr'><strong>inuitati</strong></span> <span class='ocrx_word' id='word_1_36' title='bbox 798 562 1039 606; x_wconf 87' lang='lat' dir='ltr'><strong>uideantur</strong></span> <span class='ocrx_word' id='word_1_37' title='bbox 1057 562 1227 606; x_wconf 89' lang='lat' dir='ltr'><strong>edicto:</strong></span> 
     </span>
    </p>
   </div>
   <div class='ocr_carea' id='block_1_3' title="bbox 117 652 1484 772">
    <p class='ocr_par' dir='ltr' id='par_1_3' title="bbox 117 652 1484 772">
     <span class='ocr_line' id='line_1_6' title="bbox 117 652 1484 713; baseline -0.004 -12"><span class='ocrx_word' id='word_1_38' title='bbox 117 674 136 711; x_wconf 77' lang='lat'>5</span> <span class='ocrx_word' id='word_1_39' title='bbox 327 652 455 710; x_wconf 84' lang='lat' dir='ltr'><strong>Quod</strong></span> <span class='ocrx_word' id='word_1_40' title='bbox 484 658 694 713; x_wconf 74' lang='lat' dir='ltr'><strong>superest,</strong></span> <span class='ocrx_word' id='word_1_41' title='bbox 724 654 803 698; x_wconf 90' lang='lat' dir='ltr'><strong>leti</strong></span> <span class='ocrx_word' id='word_1_42' title='bbox 832 654 944 698; x_wconf 86' lang='lat' dir='ltr'><strong>bene</strong></span> <span class='ocrx_word' id='word_1_43' title='bbox 972 654 1110 712; x_wconf 89' lang='lat' dir='ltr'><strong>gestis</strong></span> <span class='ocrx_word' id='word_1_44' title='bbox 1139 668 1324 711; x_wconf 89' lang='lat' dir='ltr'><strong>corpora</strong></span> <span class='ocrx_word' id='word_1_45' title='bbox 1352 653 1484 697; x_wconf 88' lang='lat' dir='ltr'><strong>rebus</strong></span> 
     </span>
     <span class='ocr_line' id='line_1_7' title="bbox 326 712 1395 772; baseline -0.004 -14"><span class='ocrx_word' id='word_1_46' title='bbox 326 717 572 772; x_wconf 89' lang='lat' dir='ltr'><strong>procurate,</strong></span> <span class='ocrx_word' id='word_1_47' title='bbox 601 713 701 765; x_wconf 90' lang='lat' dir='ltr'><strong>uiri,</strong></span> <span class='ocrx_word' id='word_1_48' title='bbox 730 716 776 757; x_wconf 92' lang='lat' dir='ltr'><strong>et</strong></span> <span class='ocrx_word' id='word_1_49' title='bbox 803 727 1001 771; x_wconf 85' lang='lat' dir='ltr'><strong>pugnam</strong></span> <span class='ocrx_word' id='word_1_50' title='bbox 1031 715 1206 769; x_wconf 87' lang='lat' dir='ltr'><strong>sperate</strong></span> <span class='ocrx_word' id='word_1_51' title='bbox 1235 712 1395 770; x_wconf 88' lang='lat' dir='ltr'><strong>parari.</strong></span> 
     </span>
    </p>
   </div>
   <div class='ocr_carea' id='block_1_4' title="bbox 95 803 1767 2456">
    <p class='ocr_par' dir='ltr' id='par_1_4' title="bbox 95 803 1767 2456">
     <span class='ocr_line' id='line_1_8' title="bbox 154 803 1620 865; baseline -0.002 -16"><span class='ocrx_word' id='word_1_52' title='bbox 154 804 283 865; x_wconf 83' lang='lat' dir='ltr'><strong>Ergo,</strong></span> <span class='ocrx_word' id='word_1_53' title='bbox 313 806 351 850; x_wconf 89' lang='lat' dir='ltr'><strong>si</strong></span> <span class='ocrx_word' id='word_1_54' title='bbox 382 805 662 863; x_wconf 70' lang='lat' dir='ltr'><strong>oportunitas</strong></span> <span class='ocrx_word' id='word_1_55' title='bbox 694 804 963 849; x_wconf 84' lang='lat' dir='ltr'><strong>necessariae</strong></span> <span class='ocrx_word' id='word_1_56' title='bbox 995 804 1350 862; x_wconf 87' lang='lat' dir='ltr'><strong>reprehensionis</strong></span> <span class='ocrx_word' id='word_1_57' title='bbox 1381 803 1620 854; x_wconf 86' lang='lat' dir='ltr'><strong>emerserit,</strong></span> 
     </span>
     <span class='ocr_line' id='line_1_9' title="bbox 153 872 1665 933; baseline -0.003 -14"><span class='ocrx_word' id='word_1_58' title='bbox 153 876 215 920; x_wconf 87' lang='lat' dir='ltr'><strong>sic</strong></span> <span class='ocrx_word' id='word_1_59' title='bbox 235 891 263 919; x_wconf 89' lang='lat' dir='ltr'><strong>a</strong></span> <span class='ocrx_word' id='word_1_60' title='bbox 282 875 543 933; x_wconf 90' lang='lat' dir='ltr'><strong>philosopho</strong></span> <span class='ocrx_word' id='word_1_61' title='bbox 562 874 862 933; x_wconf 88' lang='lat' dir='ltr'><strong>proficiscetur</strong></span> <span class='ocrx_word' id='word_1_62' title='bbox 881 876 933 917; x_wconf 93' lang='lat' dir='ltr'><strong>ut</strong></span> <span class='ocrx_word' id='word_1_63' title='bbox 952 876 999 918; x_wconf 92' lang='lat' dir='ltr'><strong>et</strong></span> <span class='ocrx_word' id='word_1_64' title='bbox 1017 875 1136 917; x_wconf 87' lang='lat' dir='ltr'><strong>tecta</strong></span> <span class='ocrx_word' id='word_1_65' title='bbox 1151 877 1197 916; x_wconf 90' lang='lat' dir='ltr'><strong>et</strong></span> <span class='ocrx_word' id='word_1_66' title='bbox 1212 873 1367 916; x_wconf 89' lang='lat' dir='ltr'><strong>efficax</strong></span> <span class='ocrx_word' id='word_1_67' title='bbox 1383 873 1453 916; x_wconf 86' lang='lat' dir='ltr'><strong>sit.</strong></span> <span class='ocrx_word' id='word_1_68' title='bbox 1499 872 1619 926; x_wconf 81' lang='lat' dir='ltr'><strong>Quid</strong></span> <span class='ocrx_word' id='word_1_69' title='bbox 1635 874 1665 914; x_wconf 88' lang='lat' dir='ltr'><strong>d</strong></span> 
     </span>
     <span class='ocr_line' id='line_1_10' title="bbox 153 942 1619 1002; baseline -0.003 -14"><span class='ocrx_word' id='word_1_70' title='bbox 153 944 316 988; x_wconf 86' lang='lat' dir='ltr'><strong>mirum</strong></span> <span class='ocrx_word' id='word_1_71' title='bbox 335 945 373 988; x_wconf 87' lang='lat' dir='ltr'><strong>si</strong></span> <span class='ocrx_word' id='word_1_72' title='bbox 393 944 528 988; x_wconf 82' lang='lat' dir='ltr'><strong>feriat</strong></span> <span class='ocrx_word' id='word_1_73' title='bbox 556 944 742 1002; x_wconf 89' lang='lat' dir='ltr'><strong>sapiens,</strong></span> <span class='ocrx_word' id='word_1_74' title='bbox 762 946 814 987; x_wconf 87' lang='lat' dir='ltr'><strong>ut</strong></span> <span class='ocrx_word' id='word_1_75' title='bbox 841 943 951 994; x_wconf 94' lang='lat' dir='ltr'><strong>dico,</strong></span> <span class='ocrx_word' id='word_1_76' title='bbox 971 957 1061 986; x_wconf 92' lang='lat' dir='ltr'><strong>non</strong></span> <span class='ocrx_word' id='word_1_77' title='bbox 1088 943 1342 994; x_wconf 89' lang='lat' dir='ltr'><strong>sentientes,</strong></span> <span class='ocrx_word' id='word_1_78' title='bbox 1361 957 1461 986; x_wconf 91' lang='lat' dir='ltr'><strong>cum</strong></span> <span class='ocrx_word' id='word_1_79' title='bbox 1482 942 1619 985; x_wconf 86' lang='lat' dir='ltr'><strong>inter-</strong></span> 
     </span>
     <span class='ocr_line' id='line_1_11' title="bbox 95 1012 1619 1072; baseline -0.001 -17"><span class='ocrx_word' id='word_1_80' title='bbox 95 1029 138 1056; x_wconf 86' lang='grc' dir='ltr'><strong>ιο</strong></span> <span class='ocrx_word' id='word_1_81' title='bbox 155 1013 262 1058; x_wconf 90' lang='lat' dir='ltr'><strong>dum</strong></span> <span class='ocrx_word' id='word_1_82' title='bbox 287 1014 350 1058; x_wconf 91' lang='lat' dir='ltr'><strong>sic</strong></span> <span class='ocrx_word' id='word_1_83' title='bbox 373 1013 666 1072; x_wconf 89' lang='lat' dir='ltr'><strong>reprehendat</strong></span> <span class='ocrx_word' id='word_1_84' title='bbox 694 1015 747 1056; x_wconf 92' lang='lat' dir='ltr'><strong>ut</strong></span> <span class='ocrx_word' id='word_1_85' title='bbox 773 1013 1065 1070; x_wconf 90' lang='lat' dir='ltr'><strong>reprehensus</strong></span> <span class='ocrx_word' id='word_1_86' title='bbox 1092 1012 1321 1063; x_wconf 89' lang='lat' dir='ltr'><strong>hilaretur,</strong></span> <span class='ocrx_word' id='word_1_87' title='bbox 1341 1026 1421 1055; x_wconf 91' lang='lat' dir='ltr'><strong>nec</strong></span> <span class='ocrx_word' id='word_1_88' title='bbox 1441 1014 1619 1055; x_wconf 88' lang='lat' dir='ltr'><strong>tantum</strong></span> 
     </span>
     <span class='ocr_line' id='line_1_12' title="bbox 155 1081 1620 1140; baseline -0.002 -14"><span class='ocrx_word' id='word_1_89' title='bbox 155 1082 319 1126; x_wconf 83' lang='lat' dir='ltr'><strong>fabulis</strong></span> <span class='ocrx_word' id='word_1_90' title='bbox 338 1082 430 1126; x_wconf 91' lang='lat' dir='ltr'><strong>suis</strong></span> <span class='ocrx_word' id='word_1_91' title='bbox 449 1082 526 1126; x_wconf 91' lang='lat' dir='ltr'><strong>sed</strong></span> <span class='ocrx_word' id='word_1_92' title='bbox 546 1082 968 1140; x_wconf 86' lang='lat' dir='ltr'><strong>interrogationibus</strong></span> <span class='ocrx_word' id='word_1_93' title='bbox 997 1096 1172 1139; x_wconf 89' lang='lat' dir='ltr'><strong>quoque</strong></span> <span class='ocrx_word' id='word_1_94' title='bbox 1197 1082 1290 1124; x_wconf 90' lang='lat' dir='ltr'><strong>uim</strong></span> <span class='ocrx_word' id='word_1_95' title='bbox 1315 1081 1620 1139; x_wconf 89' lang='lat' dir='ltr'><strong>philosophiae</strong></span> 
     </span>
     <span class='ocr_line' id='line_1_13' title="bbox 153 1150 1620 1210; baseline -0.002 -14"><span class='ocrx_word' id='word_1_96' title='bbox 153 1152 291 1196; x_wconf 87' lang='lat' dir='ltr'><strong>nichil</strong></span> <span class='ocrx_word' id='word_1_97' title='bbox 333 1153 534 1210; x_wconf 91' lang='lat' dir='ltr'><strong>ineptum</strong></span> <span class='ocrx_word' id='word_1_98' title='bbox 579 1152 800 1209; x_wconf 90' lang='lat' dir='ltr'><strong>loquentis</strong></span> <span class='ocrx_word' id='word_1_99' title='bbox 846 1151 1082 1197; x_wconf 66' lang='lat' dir='ltr'><strong>ostendet?</strong></span> <span class='ocrx_word' id='word_1_100' title='bbox 1154 1152 1284 1195; x_wconf 88' lang='lat' dir='ltr'><strong>Hanc</strong></span> <span class='ocrx_word' id='word_1_101' title='bbox 1324 1165 1430 1208; x_wconf 89' lang='lat' dir='ltr'><strong>ergo</strong></span> <span class='ocrx_word' id='word_1_102' title='bbox 1468 1150 1620 1194; x_wconf 88' lang='lat' dir='ltr'><strong>nullus</strong></span> 
     </span>
     <span class='ocr_line' id='line_1_14' title="bbox 154 1220 1620 1278; baseline -0.002 -12"><span class='ocrx_word' id='word_1_103' title='bbox 154 1222 366 1266; x_wconf 90' lang='lat' dir='ltr'><strong>honestus</strong></span> <span class='ocrx_word' id='word_1_104' title='bbox 395 1224 520 1266; x_wconf 86' lang='lat' dir='ltr'><strong>actus</strong></span> <span class='ocrx_word' id='word_1_105' title='bbox 543 1221 731 1272; x_wconf 82' lang='lat' dir='ltr'><strong>locnsue,</strong></span> <span class='ocrx_word' id='word_1_106' title='bbox 754 1223 878 1265; x_wconf 88' lang='lat' dir='ltr'><strong>cetus</strong></span> <span class='ocrx_word' id='word_1_107' title='bbox 904 1221 1055 1264; x_wconf 91' lang='lat' dir='ltr'><strong>nullus</strong></span> <span class='ocrx_word' id='word_1_108' title='bbox 1084 1220 1304 1271; x_wconf 82' lang='lat' dir='ltr'><strong>excludat,</strong></span> <span class='ocrx_word' id='word_1_109' title='bbox 1332 1235 1445 1278; x_wconf 91' lang='lat' dir='ltr'><strong>quae</strong></span> <span class='ocrx_word' id='word_1_110' title='bbox 1477 1220 1544 1263; x_wconf 91' lang='lat' dir='ltr'><strong>ita</strong></span> <span class='ocrx_word' id='word_1_111' title='bbox 1573 1234 1620 1263; x_wconf 92' lang='lat' dir='ltr'><strong>se</strong></span> 
     </span>
     <span class='ocr_line' id='line_1_15' title="bbox 155 1290 1621 1350; baseline -0.003 -14"><span class='ocrx_word' id='word_1_112' title='bbox 155 1295 284 1350; x_wconf 89' lang='lat' dir='ltr'><strong>aptat</strong></span> <span class='ocrx_word' id='word_1_113' title='bbox 310 1294 363 1335; x_wconf 91' lang='lat' dir='ltr'><strong>ut</strong></span> <span class='ocrx_word' id='word_1_114' title='bbox 390 1290 554 1349; x_wconf 90' lang='lat' dir='ltr'><strong>ubique</strong></span> <span class='ocrx_word' id='word_1_115' title='bbox 587 1291 650 1335; x_wconf 92' lang='lat' dir='ltr'><strong>sic</strong></span> <span class='ocrx_word' id='word_1_116' title='bbox 682 1294 895 1349; x_wconf 89' lang='lat' dir='ltr'><strong>appareat</strong></span> <span class='ocrx_word' id='word_1_117' title='bbox 926 1290 1172 1334; x_wconf 84' lang='lat' dir='ltr'><strong>necessaria</strong></span> <span class='ocrx_word' id='word_1_118' title='bbox 1207 1293 1436 1348; x_wconf 85' lang='lat' dir='ltr'><strong>tamquam</strong></span> <span class='ocrx_word' id='word_1_119' title='bbox 1469 1290 1621 1333; x_wconf 87' lang='lat' dir='ltr'><strong>abesse</strong></span> 
     </span>
     <span class='ocr_line' id='line_1_16' title="bbox 98 1359 1621 1418; baseline -0.001 -14"><span class='ocrx_word' id='word_1_120' title='bbox 98 1363 139 1414; x_wconf 63' lang='lat'><strong>1&#39;5</strong></span> <span class='ocrx_word' id='word_1_121' title='bbox 155 1362 278 1405; x_wconf 85' lang='lat' dir='ltr'><strong>illam</strong></span> <span class='ocrx_word' id='word_1_122' title='bbox 311 1359 438 1405; x_wconf 84' lang='lat' dir='ltr'><strong>nefas</strong></span> <span class='ocrx_word' id='word_1_123' title='bbox 472 1359 620 1404; x_wconf 83' lang='lat' dir='ltr'><strong>fuerit.</strong></span> <span class='ocrx_word' id='word_1_124' title='bbox 691 1360 750 1404; x_wconf 89' lang='lat' dir='ltr'><strong>Et</strong></span> <span class='ocrx_word' id='word_1_125' title='bbox 781 1363 882 1418; x_wconf 88' lang='lat' dir='ltr'><strong>post</strong></span> <span class='ocrx_word' id='word_1_126' title='bbox 916 1374 1058 1418; x_wconf 88' lang='lat' dir='ltr'><strong>pauca</strong></span> <span class='ocrx_word' id='word_1_127' title='bbox 1096 1360 1289 1404; x_wconf 89' lang='lat' dir='ltr'><strong>ledoriae</strong></span> <span class='ocrx_word' id='word_1_128' title='bbox 1329 1362 1375 1403; x_wconf 89' lang='lat' dir='ltr'><strong>et</strong></span> <span class='ocrx_word' id='word_1_129' title='bbox 1413 1359 1621 1403; x_wconf 86' lang='lat' dir='ltr'><strong>scomatis</strong></span> 
     </span>
     <span class='ocr_line' id='line_1_17' title="bbox 155 1428 1622 1487; baseline -0.001 -13"><span class='ocrx_word' id='word_1_130' title='bbox 155 1430 448 1474; x_wconf 84' lang='lat' dir='ltr'><strong>differentiam</strong></span> <span class='ocrx_word' id='word_1_131' title='bbox 468 1428 588 1480; x_wconf 83' lang='lat' dir='ltr'><strong>facit,</strong></span> <span class='ocrx_word' id='word_1_132' title='bbox 606 1444 718 1487; x_wconf 89' lang='lat' dir='ltr'><strong>quae</strong></span> <span class='ocrx_word' id='word_1_133' title='bbox 737 1429 800 1474; x_wconf 89' lang='lat' dir='ltr'><strong>sic</strong></span> <span class='ocrx_word' id='word_1_134' title='bbox 819 1429 1044 1473; x_wconf 84' lang='lat' dir='ltr'><strong>interdum</strong></span> <span class='ocrx_word' id='word_1_135' title='bbox 1064 1429 1356 1487; x_wconf 81' lang='lat' dir='ltr'><strong>proferuntur</strong></span> <span class='ocrx_word' id='word_1_136' title='bbox 1374 1444 1402 1472; x_wconf 86' lang='lat' dir='ltr'><strong>a</strong></span> <span class='ocrx_word' id='word_1_137' title='bbox 1421 1429 1622 1486; x_wconf 86' lang='lat' dir='ltr'><strong>sapiente</strong></span> 
     </span>
     <span class='ocr_line' id='line_1_18' title="bbox 155 1498 1620 1555; baseline -0.002 -12"><span class='ocrx_word' id='word_1_138' title='bbox 155 1502 210 1544; x_wconf 87' lang='lat' dir='ltr'><strong>ut</strong></span> <span class='ocrx_word' id='word_1_139' title='bbox 227 1514 317 1543; x_wconf 92' lang='lat' dir='ltr'><strong>non</strong></span> <span class='ocrx_word' id='word_1_140' title='bbox 336 1499 466 1543; x_wconf 90' lang='lat' dir='ltr'><strong>modo</strong></span> <span class='ocrx_word' id='word_1_141' title='bbox 485 1499 782 1543; x_wconf 84' lang='lat' dir='ltr'><strong>amaritudine</strong></span> <span class='ocrx_word' id='word_1_142' title='bbox 801 1502 982 1543; x_wconf 87' lang='lat' dir='ltr'><strong>careant</strong></span> <span class='ocrx_word' id='word_1_143' title='bbox 1002 1499 1078 1542; x_wconf 90' lang='lat' dir='ltr'><strong>sed</strong></span> <span class='ocrx_word' id='word_1_144' title='bbox 1098 1499 1288 1542; x_wconf 86' lang='lat' dir='ltr'><strong>afferant</strong></span> <span class='ocrx_word' id='word_1_145' title='bbox 1307 1498 1620 1555; x_wconf 86' lang='lat' dir='ltr'><strong>tempestiuam</strong></span> 
     </span>
     <span class='ocr_line' id='line_1_19' title="bbox 157 1567 1621 1626; baseline -0.002 -14"><span class='ocrx_word' id='word_1_146' title='bbox 157 1567 443 1612; x_wconf 89' lang='lat' dir='ltr'><strong>dulcedinem.</strong></span> <span class='ocrx_word' id='word_1_147' title='bbox 502 1567 673 1612; x_wconf 90' lang='lat' dir='ltr'><strong>Deinde</strong></span> <span class='ocrx_word' id='word_1_148' title='bbox 693 1568 997 1626; x_wconf 89' lang='lat' dir='ltr'><strong>interrogandi</strong></span> <span class='ocrx_word' id='word_1_149' title='bbox 1013 1568 1277 1612; x_wconf 86' lang='lat' dir='ltr'><strong>ciuilitatem</strong></span> <span class='ocrx_word' id='word_1_150' title='bbox 1297 1567 1369 1610; x_wconf 89' lang='lat' dir='ltr'><strong>uel</strong></span> <span class='ocrx_word' id='word_1_151' title='bbox 1391 1567 1621 1610; x_wconf 85' lang='lat' dir='ltr'><strong>fascetiam</strong></span> 
     </span>
     <span class='ocr_line' id='line_1_20' title="bbox 157 1636 1623 1695; baseline -0.001 -14"><span class='ocrx_word' id='word_1_152' title='bbox 157 1636 295 1682; x_wconf 88' lang='lat' dir='ltr'><strong>docet.</strong></span> <span class='ocrx_word' id='word_1_153' title='bbox 355 1636 443 1691; x_wconf 81' lang='lat' dir='ltr'><strong>Qui</strong></span> <span class='ocrx_word' id='word_1_154' title='bbox 469 1637 570 1681; x_wconf 90' lang='lat' dir='ltr'><strong>uult</strong></span> <span class='ocrx_word' id='word_1_155' title='bbox 592 1652 697 1695; x_wconf 86' lang='lat' dir='ltr'><strong>ergo</strong></span> <span class='ocrx_word' id='word_1_156' title='bbox 715 1652 899 1681; x_wconf 88' lang='lat' dir='ltr'><strong>amenus</strong></span> <span class='ocrx_word' id='word_1_157' title='bbox 926 1652 1019 1680; x_wconf 89' lang='lat' dir='ltr'><strong>esse</strong></span> <span class='ocrx_word' id='word_1_158' title='bbox 1043 1637 1279 1688; x_wconf 83' lang='lat' dir='ltr'><strong>consultor,</strong></span> <span class='ocrx_word' id='word_1_159' title='bbox 1299 1652 1352 1681; x_wconf 90' lang='lat' dir='ltr'><strong>ea</strong></span> <span class='ocrx_word' id='word_1_160' title='bbox 1375 1636 1623 1694; x_wconf 86' lang='lat' dir='ltr'><strong>interrogat</strong></span> 
     </span>
     <span class='ocr_line' id='line_1_21' title="bbox 99 1706 1621 1765; baseline -0.003 -13"><span class='ocrx_word' id='word_1_161' title='bbox 99 1727 143 1752; x_wconf 76' lang='lat'><strong>20</strong></span> <span class='ocrx_word' id='word_1_162' title='bbox 159 1721 271 1765; x_wconf 86' lang='lat' dir='ltr'><strong>quae</strong></span> <span class='ocrx_word' id='word_1_163' title='bbox 299 1710 404 1751; x_wconf 87' lang='lat' dir='ltr'><strong>sunt</strong></span> <span class='ocrx_word' id='word_1_164' title='bbox 431 1706 706 1765; x_wconf 88' lang='lat' dir='ltr'><strong>interrogato</strong></span> <span class='ocrx_word' id='word_1_165' title='bbox 735 1707 885 1751; x_wconf 82' lang='lat' dir='ltr'><strong>facilia</strong></span> <span class='ocrx_word' id='word_1_166' title='bbox 913 1721 1125 1765; x_wconf 89' lang='lat' dir='ltr'><strong>responsu</strong></span> <span class='ocrx_word' id='word_1_167' title='bbox 1155 1710 1201 1750; x_wconf 90' lang='lat' dir='ltr'><strong>et</strong></span> <span class='ocrx_word' id='word_1_168' title='bbox 1232 1721 1345 1764; x_wconf 88' lang='lat' dir='ltr'><strong>quae</strong></span> <span class='ocrx_word' id='word_1_169' title='bbox 1379 1707 1464 1750; x_wconf 85' lang='lat' dir='ltr'><strong>scit</strong></span> <span class='ocrx_word' id='word_1_170' title='bbox 1494 1706 1621 1749; x_wconf 90' lang='lat' dir='ltr'><strong>illum</strong></span> 
     </span>
     <span class='ocr_line' id='line_1_22' title="bbox 159 1775 1767 1833; baseline -0.001 -13"><span class='ocrx_word' id='word_1_171' title='bbox 159 1775 310 1820; x_wconf 85' lang='lat' dir='ltr'><strong>sedula</strong></span> <span class='ocrx_word' id='word_1_172' title='bbox 329 1776 643 1820; x_wconf 87' lang='lat' dir='ltr'><strong>exercitatione</strong></span> <span class='ocrx_word' id='word_1_173' title='bbox 662 1775 877 1822; x_wconf 85' lang='lat' dir='ltr'><strong>didicisse.</strong></span> <span class='ocrx_word' id='word_1_174' title='bbox 921 1776 1099 1820; x_wconf 88' lang='lat' dir='ltr'><strong>Gaudet</strong></span> <span class='ocrx_word' id='word_1_175' title='bbox 1118 1776 1236 1819; x_wconf 88' lang='lat' dir='ltr'><strong>enim</strong></span> <span class='ocrx_word' id='word_1_176' title='bbox 1257 1776 1443 1833; x_wconf 89' lang='lat' dir='ltr'><strong>quisque</strong></span> <span class='ocrx_word' id='word_1_177' title='bbox 1463 1790 1621 1833; x_wconf 88' lang='lat' dir='ltr'><strong>prouo·</strong></span> <span class='ocrx_word' id='word_1_178' title='bbox 1639 1781 1718 1824; x_wconf 86' lang='grc'><strong><em>’145</em></strong></span> <span class='ocrx_word' id='word_1_179' title='bbox 1737 1784 1767 1812; x_wconf 73' lang='lat' dir='ltr'><strong>a</strong></span> 
     </span>
     <span class='ocr_line' id='line_1_23' title="bbox 159 1845 1622 1903; baseline -0.001 -13"><span class='ocrx_word' id='word_1_180' title='bbox 159 1847 284 1890; x_wconf 85' lang='lat' dir='ltr'><strong>catus</strong></span> <span class='ocrx_word' id='word_1_181' title='bbox 297 1845 354 1889; x_wconf 90' lang='lat' dir='ltr'><strong>ad</strong></span> <span class='ocrx_word' id='word_1_182' title='bbox 369 1846 615 1890; x_wconf 89' lang='lat' dir='ltr'><strong>doctrinam</strong></span> <span class='ocrx_word' id='word_1_183' title='bbox 635 1860 761 1889; x_wconf 84' lang='lat' dir='ltr'><strong>suam</strong></span> <span class='ocrx_word' id='word_1_184' title='bbox 782 1846 829 1888; x_wconf 88' lang='lat' dir='ltr'><strong>in</strong></span> <span class='ocrx_word' id='word_1_185' title='bbox 850 1846 1045 1889; x_wconf 89' lang='lat' dir='ltr'><strong>medium</strong></span> <span class='ocrx_word' id='word_1_186' title='bbox 1066 1845 1389 1903; x_wconf 82' lang='lat' dir='ltr'><strong>proferendam,</strong></span> <span class='ocrx_word' id='word_1_187' title='bbox 1403 1846 1508 1902; x_wconf 86' lang='lat' dir='ltr'><strong>quia</strong></span> <span class='ocrx_word' id='word_1_188' title='bbox 1533 1860 1622 1888; x_wconf 89' lang='lat' dir='ltr'><strong>non</strong></span> 
     </span>
     <span class='ocr_line' id='line_1_24' title="bbox 158 1914 1624 1972; baseline 0 -14"><span class='ocrx_word' id='word_1_189' title='bbox 158 1914 260 1958; x_wconf 91' lang='lat' dir='ltr'><strong>uult</strong></span> <span class='ocrx_word' id='word_1_190' title='bbox 286 1915 423 1958; x_wconf 88' lang='lat' dir='ltr'><strong>latere</strong></span> <span class='ocrx_word' id='word_1_191' title='bbox 453 1915 571 1972; x_wconf 92' lang='lat' dir='ltr'><strong>quod</strong></span> <span class='ocrx_word' id='word_1_192' title='bbox 600 1915 766 1966; x_wconf 89' lang='lat' dir='ltr'><strong>didicit,</strong></span> <span class='ocrx_word' id='word_1_193' title='bbox 796 1915 989 1959; x_wconf 86' lang='lat' dir='ltr'><strong>maxime</strong></span> <span class='ocrx_word' id='word_1_194' title='bbox 1019 1915 1056 1958; x_wconf 90' lang='lat' dir='ltr'><strong>si</strong></span> <span class='ocrx_word' id='word_1_195' title='bbox 1086 1915 1282 1965; x_wconf 88' lang='lat' dir='ltr'><strong>scientia,</strong></span> <span class='ocrx_word' id='word_1_196' title='bbox 1310 1930 1444 1972; x_wconf 88' lang='lat' dir='ltr'><strong>quam</strong></span> <span class='ocrx_word' id='word_1_197' title='bbox 1473 1915 1624 1958; x_wconf 90' lang='lat' dir='ltr'><strong>labore</strong></span> 
     </span>
     <span class='ocr_line' id='line_1_25' title="bbox 160 1984 1623 2042; baseline 0 -15"><span class='ocrx_word' id='word_1_198' title='bbox 160 1984 391 2040; x_wconf 85' lang='lat' dir='ltr'><strong>quaesiuit,</strong></span> <span class='ocrx_word' id='word_1_199' title='bbox 422 1999 524 2028; x_wconf 89' lang='lat' dir='ltr'><strong>cum</strong></span> <span class='ocrx_word' id='word_1_200' title='bbox 561 1985 713 2042; x_wconf 88' lang='lat' dir='ltr'><strong>paucis</strong></span> <span class='ocrx_word' id='word_1_201' title='bbox 746 1985 813 2028; x_wconf 92' lang='lat' dir='ltr'><strong>illi</strong></span> <span class='ocrx_word' id='word_1_202' title='bbox 853 1985 1088 2028; x_wconf 79' lang='lat' dir='ltr'><strong>familiaris</strong></span> <span class='ocrx_word' id='word_1_203' title='bbox 1127 1988 1174 2028; x_wconf 92' lang='lat' dir='ltr'><strong>et</strong></span> <span class='ocrx_word' id='word_1_204' title='bbox 1212 1984 1417 2042; x_wconf 89' lang='lat' dir='ltr'><strong>plurimis</strong></span> <span class='ocrx_word' id='word_1_205' title='bbox 1455 1985 1516 2027; x_wconf 92' lang='lat' dir='ltr'><strong>sit</strong></span> <span class='ocrx_word' id='word_1_206' title='bbox 1554 1985 1623 2027; x_wconf 89' lang='lat' dir='ltr'><strong>in-</strong></span> 
     </span>
     <span class='ocr_line' id='line_1_26' title="bbox 101 2050 1622 2108; baseline -0.001 -13"><span class='ocrx_word' id='word_1_207' title='bbox 101 2050 350 2108; x_wconf 75' lang='lat' dir='ltr'><strong>25cognita,</strong></span> <span class='ocrx_word' id='word_1_208' title='bbox 375 2053 429 2094; x_wconf 86' lang='lat' dir='ltr'><strong>ut</strong></span> <span class='ocrx_word' id='word_1_209' title='bbox 458 2051 513 2094; x_wconf 91' lang='lat' dir='ltr'><strong>de</strong></span> <span class='ocrx_word' id='word_1_210' title='bbox 536 2052 806 2094; x_wconf 82' lang='lat' dir='ltr'><strong>astronomia</strong></span> <span class='ocrx_word' id='word_1_211' title='bbox 834 2052 906 2095; x_wconf 90' lang='lat' dir='ltr'><strong>uel</strong></span> <span class='ocrx_word' id='word_1_212' title='bbox 936 2051 1168 2095; x_wconf 84' lang='lat' dir='ltr'><strong>dialectica</strong></span> <span class='ocrx_word' id='word_1_213' title='bbox 1193 2051 1437 2108; x_wconf 89' lang='lat' dir='ltr'><strong>ceterisque</strong></span> <span class='ocrx_word' id='word_1_214' title='bbox 1467 2051 1622 2094; x_wconf 85' lang='lat' dir='ltr'><strong>simili-</strong></span> 
     </span>
     <span class='ocr_line' id='line_1_27' title="bbox 161 2118 1622 2179; baseline 0.001 -17"><span class='ocrx_word' id='word_1_215' title='bbox 161 2118 257 2164; x_wconf 87' lang='lat' dir='ltr'><strong>bus.</strong></span> <span class='ocrx_word' id='word_1_216' title='bbox 323 2119 444 2163; x_wconf 76' lang='lat' dir='ltr'><strong>&#39;Punc</strong></span> <span class='ocrx_word' id='word_1_217' title='bbox 470 2120 588 2163; x_wconf 86' lang='lat' dir='ltr'><strong>enim</strong></span> <span class='ocrx_word' id='word_1_218' title='bbox 610 2120 822 2164; x_wconf 88' lang='lat' dir='ltr'><strong>uidentur</strong></span> <span class='ocrx_word' id='word_1_219' title='bbox 846 2121 1054 2179; x_wconf 91' lang='lat' dir='ltr'><strong>consequi</strong></span> <span class='ocrx_word' id='word_1_220' title='bbox 1086 2121 1284 2164; x_wconf 85' lang='lat' dir='ltr'><strong>fructum</strong></span> <span class='ocrx_word' id='word_1_221' title='bbox 1320 2121 1495 2172; x_wconf 89' lang='lat' dir='ltr'><strong>laboris,</strong></span> <span class='ocrx_word' id='word_1_222' title='bbox 1521 2135 1622 2164; x_wconf 92' lang='lat' dir='ltr'><strong>cum</strong></span> 
     </span>
     <span class='ocr_line' id='line_1_28' title="bbox 162 2187 1622 2248; baseline 0.001 -16"><span class='ocrx_word' id='word_1_223' title='bbox 162 2187 468 2246; x_wconf 85' lang='lat' dir='ltr'><strong>adipiscuntur</strong></span> <span class='ocrx_word' id='word_1_224' title='bbox 500 2189 767 2233; x_wconf 89' lang='lat' dir='ltr'><strong>occasionem</strong></span> <span class='ocrx_word' id='word_1_225' title='bbox 803 2191 1058 2248; x_wconf 87' lang='lat' dir='ltr'><strong>publicandi</strong></span> <span class='ocrx_word' id='word_1_226' title='bbox 1095 2205 1208 2248; x_wconf 88' lang='lat' dir='ltr'><strong>quae</strong></span> <span class='ocrx_word' id='word_1_227' title='bbox 1243 2190 1491 2234; x_wconf 88' lang='lat' dir='ltr'><strong>didicerant</strong></span> <span class='ocrx_word' id='word_1_228' title='bbox 1526 2191 1622 2234; x_wconf 87' lang='lat' dir='ltr'><strong>sine</strong></span> 
     </span>
     <span class='ocr_line' id='line_1_29' title="bbox 161 2257 1624 2318; baseline 0.003 -19"><span class='ocrx_word' id='word_1_229' title='bbox 161 2257 470 2300; x_wconf 87' lang='lat' dir='ltr'><strong>ostentationis</strong></span> <span class='ocrx_word' id='word_1_230' title='bbox 488 2261 616 2310; x_wconf 84' lang='lat' dir='ltr'><strong>nota3</strong></span> <span class='ocrx_word' id='word_1_231' title='bbox 646 2273 735 2316; x_wconf 91' lang='lat' dir='ltr'><strong>qua</strong></span> <span class='ocrx_word' id='word_1_232' title='bbox 754 2263 875 2303; x_wconf 89' lang='lat' dir='ltr'><strong>caret</strong></span> <span class='ocrx_word' id='word_1_233' title='bbox 896 2260 971 2317; x_wconf 86' lang='lat' dir='ltr'><strong>qui</strong></span> <span class='ocrx_word' id='word_1_234' title='bbox 993 2275 1082 2303; x_wconf 91' lang='lat' dir='ltr'><strong>non</strong></span> <span class='ocrx_word' id='word_1_235' title='bbox 1103 2260 1270 2318; x_wconf 85' lang='lat' dir='ltr'><strong>ingerit</strong></span> <span class='ocrx_word' id='word_1_236' title='bbox 1295 2260 1372 2303; x_wconf 91' lang='lat' dir='ltr'><strong>sed</strong></span> <span class='ocrx_word' id='word_1_237' title='bbox 1400 2260 1624 2303; x_wconf 87' lang='lat' dir='ltr'><strong>inuitatur</strong></span> 
     </span>
     <span class='ocr_line' id='line_1_30' title="bbox 163 2325 1622 2387; baseline 0.003 -18"><span class='ocrx_word' id='word_1_238' title='bbox 163 2328 217 2369; x_wconf 90' lang='lat' dir='ltr'><strong>ut</strong></span> <span class='ocrx_word' id='word_1_239' title='bbox 249 2325 458 2383; x_wconf 87' lang='lat' dir='ltr'><strong>proferat.</strong></span> <span class='ocrx_word' id='word_1_240' title='bbox 528 2326 695 2371; x_wconf 86' lang='lat' dir='ltr'><strong>Contra</strong></span> <span class='ocrx_word' id='word_1_241' title='bbox 727 2343 914 2387; x_wconf 86' lang='lat' dir='ltr'><strong>magnae</strong></span> <span class='ocrx_word' id='word_1_242' title='bbox 946 2330 1259 2373; x_wconf 88' lang='lat' dir='ltr'><strong>amaritudinis</strong></span> <span class='ocrx_word' id='word_1_243' title='bbox 1298 2332 1376 2380; x_wconf 87' lang='lat' dir='ltr'><strong>est,</strong></span> <span class='ocrx_word' id='word_1_244' title='bbox 1404 2330 1442 2372; x_wconf 93' lang='lat' dir='ltr'><strong>si</strong></span> <span class='ocrx_word' id='word_1_245' title='bbox 1475 2344 1622 2373; x_wconf 89' lang='lat' dir='ltr'><strong>coram</strong></span> 
     </span>
     <span class='ocr_line' id='line_1_31' title="bbox 105 2394 1623 2456; baseline 0.001 -15"><span class='ocrx_word' id='word_1_246' title='bbox 105 2414 148 2449; x_wconf 79' lang='lat'><strong>30</strong></span> <span class='ocrx_word' id='word_1_247' title='bbox 163 2394 318 2438; x_wconf 89' lang='lat' dir='ltr'><strong>multis</strong></span> <span class='ocrx_word' id='word_1_248' title='bbox 345 2394 535 2452; x_wconf 89' lang='lat' dir='ltr'><strong>aliquem</strong></span> <span class='ocrx_word' id='word_1_249' title='bbox 564 2396 808 2456; x_wconf 84' lang='lat' dir='ltr'><strong>interroges</strong></span> <span class='ocrx_word' id='word_1_250' title='bbox 839 2399 957 2456; x_wconf 91' lang='lat' dir='ltr'><strong>quod</strong></span> <span class='ocrx_word' id='word_1_251' title='bbox 986 2414 1075 2442; x_wconf 89' lang='lat' dir='ltr'><strong>non</strong></span> <span class='ocrx_word' id='word_1_252' title='bbox 1104 2399 1253 2456; x_wconf 92' lang='lat' dir='ltr'><strong>opima</strong></span> <span class='ocrx_word' id='word_1_253' title='bbox 1282 2399 1467 2442; x_wconf 85' lang='lat' dir='ltr'><strong>scientia</strong></span> <span class='ocrx_word' id='word_1_254' title='bbox 1491 2414 1623 2456; x_wconf 87' lang='lat' dir='ltr'><strong>quae-</strong></span> 
     </span>
    </p>
   </div>
   <div class='ocr_carea' id='block_1_5' title="bbox 166 2520 1625 2572">
    <p class='ocr_par' dir='ltr' id='par_1_5' title="bbox 166 2520 1625 2572">
     <span class='ocr_line' id='line_1_32' title="bbox 166 2520 1625 2572; baseline 0.004 -16"><span class='ocrx_word' id='word_1_255' title='bbox 166 2530 182 2557; x_wconf 92' lang='lat'>1</span> <span class='ocrx_word' id='word_1_256' title='bbox 212 2520 319 2558; x_wconf 88' lang='lat' dir='ltr'><strong>edere</strong></span> <span class='ocrx_word' id='word_1_257' title='bbox 336 2520 429 2557; x_wconf 82' lang='lat' dir='ltr'><strong>CBA</strong></span> <span class='ocrx_word' id='word_1_258' title='bbox 546 2533 567 2568; x_wconf 83' lang='lat'>3</span> <span class='ocrx_word' id='word_1_259' title='bbox 590 2522 666 2560; x_wconf 83' lang='lat' dir='ltr'><strong>hiis</strong></span> <span class='ocrx_word' id='word_1_260' title='bbox 681 2523 715 2559; x_wconf 78' lang='lat' dir='ltr'>A</span> <span class='ocrx_word' id='word_1_261' title='bbox 839 2534 863 2570; x_wconf 92' lang='lat'><strong>9</strong></span> <span class='ocrx_word' id='word_1_262' title='bbox 880 2530 964 2572; x_wconf 72' lang='lat' dir='ltr'><strong>post</strong></span> <span class='ocrx_word' id='word_1_263' title='bbox 979 2526 1024 2562; x_wconf 89' lang='lat' dir='ltr'><strong>ut</strong></span> <span class='ocrx_word' id='word_1_264' title='bbox 1041 2527 1126 2561; x_wconf 82' lang='lat' dir='ltr'><strong>add.</strong></span> <span class='ocrx_word' id='word_1_265' title='bbox 1142 2527 1182 2562; x_wconf 87' lang='lat' dir='ltr'><strong>et</strong></span> <span class='ocrx_word' id='word_1_266' title='bbox 1198 2524 1231 2561; x_wconf 81' lang='lat' dir='ltr'>A</span> <span class='ocrx_word' id='word_1_267' title='bbox 1353 2528 1397 2563; x_wconf 88' lang='lat'><strong>18</strong></span> <span class='ocrx_word' id='word_1_268' title='bbox 1422 2524 1625 2563; x_wconf 84' lang='lat' dir='ltr'><strong>facesciam</strong></span> 
     </span>
    </p>
   </div>
   <div class='ocr_carea' id='block_1_6' title="bbox 162 2566 1625 2662">
    <p class='ocr_par' dir='ltr' id='par_1_6' title="bbox 162 2566 1625 2662">
     <span class='ocr_line' id='line_1_33' title="bbox 162 2566 1625 2622; baseline 0.005 -19"><span class='ocrx_word' id='word_1_269' title='bbox 162 2566 281 2604; x_wconf 82' lang='lat' dir='ltr'>GBAS</span> <span class='ocrx_word' id='word_1_270' title='bbox 328 2614 336 2622; x_wconf 40' lang='grc' dir='ltr'>ι</span> <span class='ocrx_word' id='word_1_271' title='bbox 439 2578 483 2615; x_wconf 88' lang='lat'><strong>19</strong></span> <span class='ocrx_word' id='word_1_272' title='bbox 507 2580 583 2606; x_wconf 75' lang='lat' dir='ltr'><strong>esse</strong></span> <span class='ocrx_word' id='word_1_273' title='bbox 598 2570 801 2608; x_wconf 84' lang='lat' dir='ltr'><strong>amenusA</strong></span> <span class='ocrx_word' id='word_1_274' title='bbox 954 2581 997 2620; x_wconf 83' lang='grc'><strong>25</strong></span> <span class='ocrx_word' id='word_1_275' title='bbox 1025 2572 1206 2610; x_wconf 82' lang='lat' dir='ltr'><strong>dialetica</strong></span> <span class='ocrx_word' id='word_1_276' title='bbox 1222 2573 1283 2610; x_wconf 90' lang='lat' dir='ltr'><strong>CB</strong></span> <span class='ocrx_word' id='word_1_277' title='bbox 1436 2584 1484 2620; x_wconf 89' lang='lat'><strong>30</strong></span> <span class='ocrx_word' id='word_1_278' title='bbox 1507 2572 1625 2610; x_wconf 84' lang='lat' dir='ltr'><strong>inter-</strong></span> 
     </span>
     <span class='ocr_line' id='line_1_34' title="bbox 163 2614 513 2662; baseline 0.003 -11"><span class='ocrx_word' id='word_1_279' title='bbox 163 2626 273 2662; x_wconf 82' lang='lat' dir='ltr'><strong>roges</strong></span> <span class='ocrx_word' id='word_1_280' title='bbox 288 2614 452 2661; x_wconf 80' lang='lat' dir='ltr'><strong>aliquem</strong></span> <span class='ocrx_word' id='word_1_281' title='bbox 466 2614 513 2652; x_wconf 79' lang='grc' dir='ltr'><strong>Δ.ι</strong></span> 
     </span>
    </p>
   </div>
   <div class='ocr_carea' id='block_1_7' title="bbox 163 2731 1624 2875">
    <p class='ocr_par' dir='ltr' id='par_1_7' title="bbox 163 2731 1624 2875">
     <span class='ocr_line' id='line_1_35' title="bbox 213 2731 1622 2780; baseline 0.005 -15"><span class='ocrx_word' id='word_1_282' title='bbox 213 2738 230 2775; x_wconf 89' lang='grc'><strong><em>5</em></strong></span> <span class='ocrx_word' id='word_1_283' title='bbox 261 2731 360 2773; x_wconf 78' lang='lat' dir='ltr'><strong>Quod</strong></span> <span class='ocrx_word' id='word_1_284' title='bbox 375 2735 531 2776; x_wconf 72' lang='lat' dir='ltr'><strong>superest</strong></span> <span class='ocrx_word' id='word_1_285' title='bbox 547 2732 640 2767; x_wconf 87' lang='lat' dir='ltr'><strong>etc.:</strong></span> <span class='ocrx_word' id='word_1_286' title='bbox 664 2731 775 2780; x_wconf 83' lang='lat' dir='ltr'><strong>Verg.</strong></span> <span class='ocrx_word' id='word_1_287' title='bbox 792 2734 886 2771; x_wconf 77' lang='lat' dir='ltr'><strong>Aen.</strong></span> <span class='ocrx_word' id='word_1_288' title='bbox 903 2733 953 2771; x_wconf 86' lang='lat' dir='ltr'><strong>ix.</strong></span> <span class='ocrx_word' id='word_1_289' title='bbox 975 2743 1052 2780; x_wconf 81' lang='lat'>157,</span> <span class='ocrx_word' id='word_1_290' title='bbox 1074 2736 1152 2780; x_wconf 85' lang='lat'>158.</span> <span class='ocrx_word' id='word_1_291' title='bbox 1327 2742 1347 2779; x_wconf 91' lang='lat'>7</span> <span class='ocrx_word' id='word_1_292' title='bbox 1373 2735 1494 2780; x_wconf 71' lang='lat' dir='ltr'><strong>Eryo:</strong></span> <span class='ocrx_word' id='word_1_293' title='bbox 1519 2734 1622 2772; x_wconf 81' lang='lat' dir='ltr'><strong>Ante</strong></span> 
     </span>
     <span class='ocr_line' id='line_1_36' title="bbox 163 2776 1620 2828; baseline 0.005 -17"><span class='ocrx_word' id='word_1_294' title='bbox 163 2777 262 2821; x_wconf 76' lang='lat' dir='ltr'><strong>Eryo</strong></span> <span class='ocrx_word' id='word_1_295' title='bbox 289 2776 412 2813; x_wconf 84' lang='lat' dir='ltr'><strong>locum</strong></span> <span class='ocrx_word' id='word_1_296' title='bbox 442 2789 487 2814; x_wconf 88' lang='lat' dir='ltr'><strong>ex</strong></span> <span class='ocrx_word' id='word_1_297' title='bbox 511 2778 673 2815; x_wconf 89' lang='lat' dir='ltr'><strong>Homero</strong></span> <span class='ocrx_word' id='word_1_298' title='bbox 699 2778 842 2818; x_wconf 82' lang='lat' dir='ltr'><strong>Graece</strong></span> <span class='ocrx_word' id='word_1_299' title='bbox 867 2780 1030 2818; x_wconf 84' lang='lat' dir='ltr'><strong>citatum</strong></span> <span class='ocrx_word' id='word_1_300' title='bbox 1054 2781 1184 2818; x_wconf 81' lang='lat' dir='ltr'><strong>omisit</strong></span> <span class='ocrx_word' id='word_1_301' title='bbox 1209 2781 1383 2818; x_wconf 85' lang='lat' dir='ltr'><strong>Ioannes.</strong></span> <span class='ocrx_word' id='word_1_302' title='bbox 1580 2791 1620 2828; x_wconf 84' lang='lat'><strong>15</strong></span> 
     </span>
     <span class='ocr_line' id='line_1_37' title="bbox 163 2824 1624 2875; baseline 0.004 -16"><span class='ocrx_word' id='word_1_303' title='bbox 163 2825 318 2860; x_wconf 71' lang='lat' dir='ltr'><strong>ledor-iae</strong></span> <span class='ocrx_word' id='word_1_304' title='bbox 334 2826 428 2861; x_wconf 87' lang='lat' dir='ltr'><strong>etc.:</strong></span> <span class='ocrx_word' id='word_1_305' title='bbox 454 2836 486 2860; x_wconf 87' lang='lat' dir='ltr'><strong>v.</strong></span> <span class='ocrx_word' id='word_1_306' title='bbox 504 2824 667 2862; x_wconf 85' lang='lat' dir='ltr'><strong>Macrob.</strong></span> <span class='ocrx_word' id='word_1_307' title='bbox 685 2828 760 2862; x_wconf 81' lang='lat' dir='ltr'><strong>Sat.</strong></span> <span class='ocrx_word' id='word_1_308' title='bbox 777 2827 840 2863; x_wconf 89' lang='lat' dir='ltr'><strong>vii.</strong></span> <span class='ocrx_word' id='word_1_309' title='bbox 860 2839 881 2864; x_wconf 92' lang='lat'><strong>2</strong></span> <span class='ocrx_word' id='word_1_310' title='bbox 908 2828 948 2875; x_wconf 79' lang='lat'><strong>§§</strong></span> <span class='ocrx_word' id='word_1_311' title='bbox 976 2839 1009 2872; x_wconf 87' lang='lat'><strong>2,</strong></span> <span class='ocrx_word' id='word_1_312' title='bbox 1029 2839 1060 2874; x_wconf 92' lang='lat'><strong>3,</strong></span> <span class='ocrx_word' id='word_1_313' title='bbox 1078 2831 1165 2865; x_wconf 78' lang='lat' dir='ltr'><strong>ibid.</strong></span> <span class='ocrx_word' id='word_1_314' title='bbox 1183 2839 1204 2874; x_wconf 89' lang='lat'>3</span> <span class='ocrx_word' id='word_1_315' title='bbox 1230 2827 1249 2872; x_wconf 68' lang='grc' dir='ltr'>δ</span> <span class='ocrx_word' id='word_1_316' title='bbox 1278 2839 1311 2865; x_wconf 86' lang='grc'><strong>2.</strong></span> <span class='ocrx_word' id='word_1_317' title='bbox 1483 2839 1526 2875; x_wconf 92' lang='lat'><strong>19</strong></span> <span class='ocrx_word' id='word_1_318' title='bbox 1554 2831 1624 2874; x_wconf 75' lang='lat' dir='ltr'><strong>Qui</strong></span> 
     </span>
    </p>
   </div>
   <div class='ocr_carea' id='block_1_8' title="bbox 163 2868 1514 2990">
    <p class='ocr_par' dir='ltr' id='par_1_8' title="bbox 163 2868 1514 2990">
     <span class='ocr_line' id='line_1_38' title="bbox 163 2868 1482 2924; baseline 0.003 -17"><span class='ocrx_word' id='word_1_319' title='bbox 163 2873 243 2907; x_wconf 75' lang='lat' dir='ltr'><strong>uult</strong></span> <span class='ocrx_word' id='word_1_320' title='bbox 259 2873 330 2908; x_wconf 86' lang='lat' dir='ltr'><strong>etc.</strong></span> <span class='ocrx_word' id='word_1_321' title='bbox 379 2883 494 2918; x_wconf 89' lang='lat' dir='ltr'><strong>usque</strong></span> <span class='ocrx_word' id='word_1_322' title='bbox 511 2871 559 2908; x_wconf 88' lang='lat' dir='ltr'><strong>ad</strong></span> <span class='ocrx_word' id='word_1_323' title='bbox 575 2875 727 2909; x_wconf 82' lang='lat' dir='ltr'><strong>relatum</strong></span> <span class='ocrx_word' id='word_1_324' title='bbox 745 2874 829 2922; x_wconf 85' lang='lat'>(745</span> <span class='ocrx_word' id='word_1_325' title='bbox 844 2876 882 2922; x_wconf 87' lang='lat' dir='ltr'><strong>c)</strong></span> <span class='ocrx_word' id='word_1_326' title='bbox 899 2886 908 2911; x_wconf 90' lang='lat'><strong>:</strong></span> <span class='ocrx_word' id='word_1_327' title='bbox 935 2876 1098 2913; x_wconf 86' lang='lat' dir='ltr'><strong>Macrob.</strong></span> <span class='ocrx_word' id='word_1_328' title='bbox 1115 2878 1192 2913; x_wconf 79' lang='lat' dir='ltr'><strong>Sat.</strong></span> <span class='ocrx_word' id='word_1_329' title='bbox 1208 2868 1272 2912; x_wconf 85' lang='lat' dir='ltr'><strong>vii.</strong></span> <span class='ocrx_word' id='word_1_330' title='bbox 1291 2886 1311 2912; x_wconf 90' lang='lat'>2</span> <span class='ocrx_word' id='word_1_331' title='bbox 1337 2875 1378 2924; x_wconf 81' lang='lat'><strong>§§</strong></span> <span class='ocrx_word' id='word_1_332' title='bbox 1399 2886 1482 2922; x_wconf 88' lang='lat'><strong>4-9.</strong></span> 
     </span>
     <span class='ocr_line' id='line_1_39' title="bbox 1449 2947 1514 2990; baseline 0 -11"><span class='ocrx_word' id='word_1_333' title='bbox 1449 2947 1514 2990; x_wconf 80' lang='lat'><strong>287</strong></span> 
     </span>
    </p>
   </div>
  </div>
 </body>
</html>
