1988 3250
0 228 33 389 ’ἓ
147 242 247 279 on.
261 230 364 292 ω]
680 229 1118 275 PomoRATIovs
1638 230 1724 272 608
1743 229 1774 270 d

148 367 279 399 suum
308 352 522 396 aduersus
545 350 658 395 tales
687 365 777 394 non
806 350 951 394 exerit
976 350 1192 408 princeps,
1218 350 1266 392 in
1297 350 1491 407 seipsum
1520 363 1620 407 pro-
1637 351 1668 392 d

148 422 357 467 culdubio
390 423 602 479 prouocat
635 419 835 478 gladium
866 419 935 462 bis
968 422 1150 462 acutum
1185 433 1317 476 quem
1352 419 1400 461 in
1434 433 1509 462 ore
1541 433 1622 462 suo

98 501 107 512 ·
147 491 266 551 gerit
300 491 441 534 Filius
475 489 678 539 hominis,
707 488 906 546 gladium
936 487 1093 544 utique
1122 488 1199 544 qui
1228 488 1363 530 uiuus
1392 491 1438 531 et
1467 487 1623 531 efficax

0 606 2 615 ζ
149 563 228 612 est,
259 560 336 618 qui
370 573 529 617 corpus
562 558 695 600 findit
723 561 770 600 et
798 556 993 599 animam
1023 559 1070 599 et
1098 556 1243 599 mittit
1271 557 1319 599 in
1348 557 1621 614 gehennam;

25 638 27 643 ⁴
111 639 132 682 3
150 629 207 674 ad
247 643 378 686 quem
416 628 603 672 obtusus
641 629 710 670 est
748 626 892 670 omnis
930 625 1107 683 gladius
1141 628 1188 668 et
1219 625 1361 667 omnis
1394 627 1623 668 armatura

26 691 27 698 ¹
148 698 324 757 fragilis
348 698 487 742 fluida
513 701 559 740 et
584 697 762 739 infirma
784 697 961 752 praeter
984 694 1108 737 illam
1132 708 1266 751 quam
1291 694 1385 736 sola
1404 695 1624 738 construit

147 768 296 827 gratia
314 767 362 810 in
382 767 598 811 bonorum
618 765 788 808 fabrica
801 764 1078 814 meritorum.
1138 763 1257 806 Sunt
1271 766 1421 806 tamen
1441 763 1623 820 plurimi

149 836 227 895 qui
253 836 470 880 malorum
497 835 687 879 clamore
714 829 910 891 operum,
930 832 1108 890 quando
1128 832 1315 875 militiae
1340 833 1624 876 conaecrandi

16 959 19 965 Ι
149 905 377 963 ¹cingulum
407 904 539 948 altari
569 903 841 954 obtulerunt,
865 902 1077 946 uidentur
1102 902 1341 958 protestari
1368 916 1415 945 se
1439 916 1491 945 eo
1517 905 1626 945 tunc

18 1026 21 1030 Α
90 990 135 1020 ιο
151 974 300 1019 animo
331 973 561 1018 accessisse
595 975 648 1016 ut
686 972 819 1015 altari
854 974 900 1014 et
939 971 1157 1014 ministris
1192 970 1287 1014 eius
1321 970 1398 1014 sed
1438 975 1484 1015 et
1518 970 1626 1022 Deo,

23 1034 45 1039 ’
151 1043 229 1101 qui
263 1043 326 1086 ibi
355 1043 527 1094 colitur,
557 1042 723 1086 bellum
752 1040 1082 1084 denuntiarent.
1144 1039 1336 1083 Facilius
1365 1039 1627 1083 crediderim

151 1113 233 1156 hos
266 1112 464 1156 malitiae
494 1113 721 1156 execratos
750 1125 884 1168 quam
915 1109 973 1156 ad
1007 1109 1253 1167 legitimam
1285 1108 1493 1152 militiam
1524 1123 1626 1152 con-

151 1184 354 1227 sacratos.

18 1371 25 1379 „
211 1316 318 1376 Cap.
349 1331 417 1371 14.
455 1316 585 1371 Quod
610 1315 863 1372 disciplina
890 1314 1115 1358 militarie
1138 1313 1410 1370 plurimum
1435 1313 1627 1371 prodest,
1644 1319 1736 1367 609
1756 1328 1787 1357 a

26 1389 34 1439 ἶ
75 1410 136 1455 νι5
442 1390 479 1431 et
510 1386 625 1444 quid
653 1384 875 1429 militiam
904 1383 1105 1428 maimo
1122 1383 1329 1440 sranyit.

212 1478 402 1523 Proinde
431 1477 677 1522 necessaria
703 1479 771 1520 est
797 1476 1032 1534 disciplina
1057 1475 1277 1526 militaris,
1303 1475 1429 1519 cuius
1460 1478 1630 1532 quanta

153 1548 214 1593 sit
258 1549 432 1592 utilitas
475 1562 564 1591 non
611 1546 742 1590 facile
781 1546 985 1589 dixerim.
1066 1545 1129 1588 Vt
1168 1545 1286 1587 enim
1333 1544 1502 1588 dictum
1550 1548 1630 1595 est,

155 1617 367 1663 Romanis
393 1617 502 1661 adeo
529 1616 702 1675 profuit
728 1615 962 1673 disciplina
988 1617 1041 1658 ut
1067 1614 1218 1658 orbem
1245 1628 1351 1656 suae
1378 1614 1630 1657 subicerent

35 1743 37 1746 Α
99 1720 108 1739 f
155 1687 328 1732 ditioni.
386 1686 642 1730 Alexander
668 1699 842 1743 quoque
869 1684 1050 1727 Macedo
1076 1683 1284 1741 exiguam
1312 1698 1494 1726 manum
1515 1683 1629 1725 mili·

10 1766 31 1810 j:
97 1761 299 1803 notarem
325 1756 518 1814 suscepit
544 1770 572 1799 a
598 1759 726 1813 patre
753 1754 830 1797 sed
857 1753 1045 1806 doctam,
1066 1767 1154 1810 qua
1173 1752 1423 1796 assuefacta
1443 1753 1631 1796 militiae

27 1816 29 1820 ’
155 1826 306 1872 orbem
326 1829 546 1870 terrarum
565 1838 800 1882 aggressus
820 1823 1075 1866 innumeras
1095 1822 1291 1866 hostium
1311 1822 1460 1879 copias
1481 1821 1611 1866 fudit.

215 1897 375 1940 Xerses
396 1910 424 1938 a
442 1894 654 1939 trecentis
674 1893 1093 1936 Lacedemoniorum
1120 1892 1177 1934 ad
1198 1892 1472 1949 Termopilas
1496 1906 1632 1935 uexa-

155 1967 243 2017 tus,
261 1979 362 2008 cum
383 1979 456 2008 eos
476 1978 612 2007 manu
631 1963 820 2013 infinita,
840 1962 1131 2020 plurimisque
1156 1975 1337 2004 suorum
1358 1961 1532 2004 amissis
1552 1961 1634 2004 uix

157 2033 428 2086 confecisset,
448 2034 495 2076 in
516 2047 567 2077 eo
587 2048 633 2076 se
659 2032 893 2090 deceptum
917 2031 1092 2075 dicebat
1119 2030 1237 2088 quod
1261 2030 1426 2074 multos
1453 2031 1633 2088 quidem

26 2095 27 2098 Ἴ
98 2117 142 2160 '⁸³
158 2104 358 2148 homines
397 2103 592 2153 haberet,
626 2102 748 2146 uiros
781 2104 932 2144 autem
972 2101 1231 2158 disciplinae
1265 2104 1442 2144 tenaces
1476 2100 1633 2143 nullos.

158 2173 256 2217 Hoc
290 2173 494 2230 equidem
528 2187 633 2216 uere
667 2171 797 2224 dixit,
833 2170 951 2228 quod
983 2174 1029 2214 et
1061 2170 1171 2228 fuga
1205 2170 1284 2213 illa
1317 2174 1512 2214 testatur
1545 2184 1634 2226 qua
1651 2178 1680 2216 b

158 2243 279 2301 apud
313 2242 584 2286 Salaminam
619 2241 814 2299 turpiter
847 2241 994 2284 uictus
1029 2240 1105 2297 qui
1138 2243 1208 2284 tot
1241 2244 1397 2298 gentes
1436 2240 1483 2282 in
1518 2239 1635 2282 bella

6 2326 25 2351 θ
159 2311 367 2357 trahebat
397 2314 451 2355 ut
485 2311 619 2355 duces
652 2325 743 2354 non
776 2313 958 2368 possent
993 2309 1123 2353 facile
1158 2309 1395 2360 numerari,
1427 2309 1509 2352 uix
1543 2323 1635 2351 una

163 2441 182 2481 5
208 2431 363 2480 optusus
378 2432 412 2469 A
568 2432 592 2469 6
613 2436 695 2478 post
710 2429 861 2478 fragilis
876 2432 960 2466 add.
980 2431 1020 2467 et
1038 2429 1078 2466 M
1233 2438 1254 2474 7
1279 2428 1426 2474 tamen]
1443 2430 1574 2466 autem
1592 2428 1633 2465 M

161 2490 185 2527 9
207 2480 428 2528 optulerunt
445 2479 479 2516 A
597 2490 641 2516 ιο
666 2481 705 2516 et
721 2484 806 2514 ante
823 2477 1008 2514 ministris
1024 2478 1188 2514 inserui:
1214 2489 1282 2514 om.
1300 2476 1466 2514 CBASM
1592 2487 1633 2513 12

161 2530 400 2566 exerecratos
418 2527 448 2563 B
545 2537 592 2564 20
616 2526 812 2564 asuefacta
828 2524 932 2562 c²AS

6 2660 10 2687 (
164 2646 232 2692 ’.02
253 2639 419 2684 yladium
451 2638 507 2673 bis
536 2641 683 2673 acutum
716 2637 814 2673 etc.:
850 2647 885 2671 v.
914 2635 1032 2682 Apoc.
1061 2634 1086 2670 i.
1122 2636 1186 2680 163
1230 2634 1326 2671 Heb.
1357 2634 1405 2670 iv.
1440 2645 1503 2677 12;
1546 2634 1632 2670 Luc.

162 2694 373 2768 Ἢᾱηιίη
399 2686 617 2769 ἑϊίηῗῑῗΐῖ
633 2689 705 2778 {⁸2²
730 2694 845 2730 ⁸³¹³*
861 2694 934 2766 ⁰3}
955 2682 1166 2767 (ἥξεις,
1191 2743 1199 2752 ·
1227 2684 1523 2766 §efficiat
1538 2684 1635 2765 ‘33²2‘

162 2743 238 2826 ξς.
375 2759 399 2828 ·.
427 2789 474 2824 24
498 2759 539 2815 in
555 2790 615 2815 eo:
642 2760 890 2814 hobFrontim
1091 2779 1136 2814 26
1160 2757 1238 2814 ἧσο
1253 2758 1414 2824 equidm-n
1431 2758 1529 2814 etc}
1555 2757 1635 2820 Q'uo

163 2827 316 2876 auctore
331 2837 427 2872 quae
443 2828 654 2872 sequuntur
669 2826 717 2863 de
741 2825 853 2862 modo
878 2824 1069 2863 exercitus
1092 2825 1229 2862 Xerxis
1253 2825 1481 2862 numerandi
1505 2827 1636 2860 narret

165 2873 334 2918 Ioannes,
352 2873 474 2910 adhuc
490 2872 629 2911 nescio.

1484 2953 1526 2987 37

1461 3051 1484 3079 (ν
