1988 3250
139 181 239 221 on».
253 169 306 232 v]
489 206 501 221 .
653 167 1094 215 PouoRA'novs
1497 146 1500 147 *
1624 174 1696 217 721
1715 166 1744 206 n

143 295 344 336 mortem.
396 291 577 336 Ceteras
591 291 860 349 cupiditates
874 289 1006 332 huius
1022 288 1156 331 unius
1169 288 1350 346 ingente
1361 287 1607 345 cupiditate

141 364 408 419 presserunt.
468 361 618 418 Ipsam
638 360 827 416 denique
846 358 1039 416 patriam
1059 372 1198 409 suam,
1215 357 1423 413 quoniam
1439 356 1606 400 seruire

141 430 379 473 uidebatur
398 430 649 488 inglorium,
669 428 888 473 dominari
911 441 1019 470 uero
1044 428 1178 482 atque
1205 426 1422 482 imperare
1446 425 1606 483 glorio-

20 551 21 554 *
140 513 252 552 sum,
286 499 410 556 prius
456 500 578 542 omni
618 498 766 542 studio
807 497 992 540 liberam
1033 495 1192 538 deinde
1241 494 1464 537 dominam
1514 509 1607 537 esse

101 593 121 628 3
139 568 480 625 concupierunt3
509 568 634 626 prius
658 568 775 611 enim
795 580 877 624 pro
892 565 1110 614 libertate,
1130 563 1289 606 deinde
1309 577 1390 619 pro
1410 563 1605 606 dominio

138 640 357 681 certatum
398 641 476 681 est.
548 638 748 680 Fuerunt
787 639 937 679 tamen
969 634 1130 690 quibus
1166 632 1352 684 iustitia,
1387 635 1605 688 quantum

137 706 297 764 gentili
314 707 518 758 dabatur,
533 706 790 759 sufficiebat,
803 704 1046 762 cupiditate
1067 702 1269 745 deducta.
1330 701 1446 744 Aliis
1466 700 1603 743 nichil

137 776 248 819 satis
269 779 376 827 erat,
397 777 474 819 sed
501 777 584 819 sub
604 775 796 833 imagine
816 772 1199 831 magnanimitatis
1220 771 1291 814 uel
1312 770 1606 828 impossibilia

135 849 468 903 praesumentes
483 845 658 889 laudem
678 844 919 888 maximam
939 841 1322 898 consequebantur
1341 843 1386 883 et
1405 839 1604 897 gloriam.

79 938 120 963 ιο
136 915 286 972 Longe
320 915 461 972 igitur
494 916 641 958 uirtus
675 913 858 958 Catonis
892 912 1075 956 ueritati
1104 911 1286 954 uidetur
1314 909 1604 967 propinquior
1623 929 1649 959 ς

136 983 274 1027 fuisse
295 999 427 1042 quam
449 984 636 1028 Cesaris.
695 982 824 1036 Quod
844 997 900 1025 ex
920 982 1018 1039 ipsa
1037 980 1259 1024 sententia
1279 979 1373 1023 eius
1393 978 1604 1022 facillime

135 1053 334 1111 liquebit.
395 1053 559 1105 Nolite,
585 1053 743 1110 inquit,
770 1051 1026 1095 existimare
1052 1051 1240 1093 maiores
1267 1052 1441 1092 nostros
1467 1048 1604 1091 armis

135 1138 228 1167 rem
268 1123 490 1181 publicam
530 1138 586 1166 ex
624 1136 764 1180 parua
802 1135 1010 1178 magnam
1046 1119 1212 1163 fecisse.
1282 1118 1332 1162 Si
1373 1119 1438 1161 ita
1477 1122 1604 1171 esset,

15 1245 24 1250 „
134 1193 277 1236 multo
316 1192 656 1250 pulcherrimam
695 1206 792 1235 eam
826 1205 907 1234 nos
946 1190 1208 1232 haberemus
1247 1202 1388 1240 nunc;
1438 1187 1603 1244 quippe

77 1288 118 1324 ¹5
135 1263 352 1306 sociorum
393 1265 526 1319 atque
564 1261 741 1311 ciuium,
771 1263 1000 1318 praeterea
1039 1273 1262 1302 armorum
1303 1261 1349 1301 et
1387 1272 1602 1314 equorum

22 1335 26 1379 ξ
110 1332 277 1375 ‘maior
295 1332 422 1389 copia
441 1331 568 1375 nobis
588 1345 721 1388 quam
748 1330 838 1373 illis
865 1333 944 1372 est.
1006 1328 1094 1371 Sed
1114 1328 1203 1370 alia
1223 1327 1348 1370 fuere
1369 1341 1481 1384 quae
1503 1326 1602 1369 illos

17 1391 22 1403 ’
135 1401 256 1445 uiros
291 1416 475 1458 magnos
510 1400 712 1444 fecenmt
746 1414 859 1456 quae
890 1398 1018 1442 nobis
1049 1398 1174 1440 nulla
1208 1400 1314 1440 sunt
1327 1411 1337 1449 ;
1379 1397 1499 1440 domi
1534 1396 1600 1438 in-

134 1470 320 1521 dustria,
340 1470 450 1513 foris
470 1471 637 1513 iustum
658 1469 906 1526 imperium,
924 1468 1099 1511 animus
1123 1468 1170 1510 in
1190 1467 1457 1511 consulendo
1477 1467 1601 1519 liber,

19 1595 22 1598 ‚
134 1554 276 1597 neque
292 1540 452 1584 delicto
466 1554 607 1597 neque
622 1539 797 1582 libidini
810 1538 1040 1581 obnoxius.
1091 1537 1176 1580 Pro
1196 1537 1266 1580 his
1286 1551 1366 1579 nos
1386 1536 1600 1579 habemus

76 1627 117 1652 ao
133 1609 358 1653 luxuriam
405 1612 539 1666 atque
582 1608 831 1658 auaritiam,
869 1607 1043 1665 publice
1090 1609 1345 1664 egestatem,
1384 1606 1599 1663 priuatim

132 1680 420 1737 opulentiam.
472 1679 724 1722 Laudamus
743 1678 940 1730 diuitias,
956 1677 1183 1734 sequimur
1203 1676 1423 1719 inertiam.
1474 1676 1601 1719 Inter

132 1750 269 1794 bonos
290 1753 336 1793 et
355 1750 494 1793 malos
514 1749 748 1793 discrimen
768 1748 953 1791 nullum.
1013 1746 1176 1790 Omnia
1198 1747 1383 1791 uirtutis
1402 1747 1602 1804 praemia

132 1819 321 1863 ambitio
354 1819 561 1877 possidet.
622 1818 778 1875 Neque
812 1818 975 1860 mirum
1010 1817 1087 1860 ubi
1123 1831 1202 1860 uos
1236 1817 1476 1874 separatim
1512 1817 1598 1859 sibi
1616 1826 1646 1867 <1

97 1908 101 1913 ·
132 1888 318 1947 quisque
337 1889 520 1933 consilia
539 1888 709 1946 capitis,
728 1888 807 1931 ubi
827 1887 946 1931 domi
967 1886 1274 1944 uoluptatibus
1294 1887 1367 1930 hic
1386 1886 1600 1943 pecuniae

75 1982 117 2020 η
131 1962 212 2003 aut
251 1959 423 2016 gratiae
458 1958 648 2001 seruitis.
707 1957 772 2001 Eo
811 1958 864 2000 fit
897 1961 950 2000 ut
981 1957 1174 2014 impetus
1209 1957 1290 1999 fiat
1325 1956 1372 1999 in
1412 1970 1600 1999 uacuam

131 2043 224 2072 rem
240 2028 475 2086 publicam.
516 2028 761 2071 Paucorum
776 2027 918 2084 igitur
930 2027 1076 2070 uirtus
1096 2026 1153 2069 ad
1172 2026 1360 2083 gloriam
1385 2026 1597 2068 honorem

130 2098 378 2156 imperium,
411 2112 517 2140 uera
548 2097 636 2148 uia,
674 2097 721 2139 id
753 2100 820 2140 est
848 2096 947 2153 ipsa
975 2096 1146 2139 uirtute
1179 2095 1434 2146 nitentium,
1463 2095 1599 2138 etiam

131 2183 160 2214 a
198 2168 367 2213 Catone
406 2167 589 2211 laudata
629 2169 707 2210 est.
767 2166 887 2210 Hinc
918 2170 1016 2209 erat
1047 2165 1166 2208 domi
1198 2164 1432 2215 industria,
1464 2179 1598 2221 quam

130 2240 444 2283 commemorat
464 2237 588 2288 Cato,
612 2240 665 2280 ut
692 2236 886 2279 erarium
913 2239 1028 2279 esset
1054 2235 1328 2293 opulentum,
1347 2238 1503 2278 tenues
1528 2249 1599 2278 res

72 2325 116 2362 30
131 2308 344 2366 priuatae.
405 2307 532 2350 Vnde
581 2306 801 2363 corruptis
845 2306 1043 2348 moribus
1091 2305 1253 2348 uitium
1304 2318 1328 2347 e
1376 2304 1599 2348 contrario

130 2377 292 2435 posuit,
341 2377 515 2435 publice
568 2379 823 2434 egestatem,
860 2375 1075 2432 priuatim
1127 2374 1413 2432 opulentiam.
1492 2373 1595 2431 Ipse

129 2446 302 2491 Tullius
321 2447 403 2490 hoc
423 2446 701 2490 dissimulare
722 2460 811 2489 non
831 2445 980 2503 potuit
1000 2445 1047 2487 in
1068 2444 1231 2488 eisdem
1252 2443 1380 2486 libris
1400 2457 1510 2500 quos
1530 2443 1600 2487 De

131 2601 152 2640 7
177 2592 411 2629 sufficiebant
428 2591 468 2627 M
587 2593 608 2628 8
632 2590 809 2638 ymagine
827 2591 867 2627 M
990 2600 1035 2627 10
1058 2589 1211 2626 uidetur
1226 2588 1385 2626 ueritati
1404 2589 1443 2625 M
1553 2600 1599 2626 20

129 2639 321 2688 priuatam
338 2639 461 2676 CABS
604 2650 651 2685 29
673 2642 760 2675 cato
778 2640 1050 2676 commemorat
1067 2637 1106 2673 M

181 2779 223 2805 ι2
249 2769 368 2804 Nolite
380 2768 464 2802 eta:
489 2777 535 2803 ex
548 2765 638 2802 Sall.
650 2767 726 2802 Cat.
740 2777 771 2802 c.
784 2774 826 2812 52
838 2763 878 2812 §§
898 2775 986 2811 19-2
991 2775 1012 2810 3
1026 2764 1123 2801 citat
1136 2762 1382 2810 Augustinus.
1480 2772 1539 2808 31,
1550 2773 1596 2808 32

130 2817 213 2864 Ipse
231 2817 376 2852 Tullius
392 2816 465 2851 etc.
482 2825 599 2860 usque
616 2813 665 2849 ad
681 2815 935 2860 improbantur
951 2816 1035 2860 (722
1049 2817 1114 2858 Δ);
1139 2823 1172 2848 v.
1188 2814 1284 2858 Aug.
1303 2813 1347 2846 de
1366 2812 1402 2848 C.
1422 2811 1468 2846 D.
1488 2822 1521 2847 v.
1542 2820 1596 2856 13.

1421 2890 1485 2923 ²45
