<?xml version="1.0" encoding="UTF-8"?>
<!DOCTYPE html PUBLIC "-//W3C//DTD XHTML 1.0 Transitional//EN"
    "http://www.w3.org/TR/xhtml1/DTD/xhtml1-transitional.dtd">
<html xmlns="http://www.w3.org/1999/xhtml" xml:lang="en" lang="en">
 <head>
  <title>
</title>
<meta http-equiv="Content-Type" content="text/html;charset=utf-8" />
  <meta name='ocr-system' content='tesseract 3.04.00' />
  <meta name='ocr-capabilities' content='ocr_page ocr_carea ocr_par ocr_line ocrx_word'/>
</head>
<body>
  <div class='ocr_page' id='page_1' title='image "./policraticisived02john_0052.png"; bbox 0 0 1988 3250; ppageno 0'>
   <div class='ocr_carea' id='block_1_1' title="bbox 232 203 362 243">
    <p class='ocr_par' dir='ltr' id='par_1_1' title="bbox 232 203 362 243">
     <span class='ocr_line' id='line_1_1' title="bbox 232 203 362 243; baseline 0.008 -1"><span class='ocrx_word' id='word_1_1' title='bbox 232 203 312 243; x_wconf 86' lang='lat'>610</span> <span class='ocrx_word' id='word_1_2' title='bbox 333 204 362 243; x_wconf 90' lang='lat' dir='ltr'>b</span> 
     </span>
    </p>
   </div>
   <div class='ocr_carea' id='block_1_2' title="bbox 336 547 361 575">
    <p class='ocr_par' dir='ltr' id='par_1_2' title="bbox 336 547 361 575">
     <span class='ocr_line' id='line_1_2' title="bbox 336 547 361 575; baseline 0 0"><span class='ocrx_word' id='word_1_3' title='bbox 336 547 361 575; x_wconf 80' lang='lat' dir='ltr'>C</span> 
     </span>
    </p>
   </div>
   <div class='ocr_carea' id='block_1_3' title="bbox 329 1441 359 1481">
    <p class='ocr_par' dir='ltr' id='par_1_3' title="bbox 329 1441 359 1481">
     <span class='ocr_line' id='line_1_3' title="bbox 329 1441 359 1481; baseline 0 0"><span class='ocrx_word' id='word_1_4' title='bbox 329 1441 359 1481; x_wconf 86' lang='lat'>&lt;1</span> 
     </span>
    </p>
   </div>
   <div class='ocr_carea' id='block_1_4' title="bbox 709 170 1852 262">
    <p class='ocr_par' dir='ltr' id='par_1_4' title="bbox 709 170 1852 262">
     <span class='ocr_line' id='line_1_4' title="bbox 709 170 1852 262; baseline 0.001 -17"><span class='ocrx_word' id='word_1_5' title='bbox 709 202 971 246; x_wconf 77' lang='lat' dir='ltr'>IoANNIS</span> <span class='ocrx_word' id='word_1_6' title='bbox 1012 170 1541 246; x_wconf 36' lang='lat' dir='ltr'><strong>SARESBERIENSIS&#39;</strong></span> <span class='ocrx_word' id='word_1_7' title='bbox 1633 214 1637 221; x_wconf 92' lang='lat'><em>·</em></span> <span class='ocrx_word' id='word_1_8' title='bbox 1670 199 1783 262; x_wconf 75' lang='lat' dir='ltr'><strong>[mn.</strong></span> <span class='ocrx_word' id='word_1_9' title='bbox 1800 212 1852 246; x_wconf 73' lang='lat' dir='ltr'>vx</span> 
     </span>
    </p>
   </div>
   <div class='ocr_carea' id='block_1_5' title="bbox 375 322 1853 1702">
    <p class='ocr_par' dir='ltr' id='par_1_5' title="bbox 375 322 1853 1001">
     <span class='ocr_line' id='line_1_5' title="bbox 376 322 1850 382; baseline 0 -17"><span class='ocrx_word' id='word_1_10' title='bbox 376 322 552 366; x_wconf 88' lang='lat' dir='ltr'>inuenit</span> <span class='ocrx_word' id='word_1_11' title='bbox 572 338 674 367; x_wconf 91' lang='lat' dir='ltr'>eum</span> <span class='ocrx_word' id='word_1_12' title='bbox 693 324 813 368; x_wconf 92' lang='lat' dir='ltr'>inter</span> <span class='ocrx_word' id='word_1_13' title='bbox 831 327 1078 368; x_wconf 87' lang='lat' dir='ltr'>scortorum</span> <span class='ocrx_word' id='word_1_14' title='bbox 1097 339 1254 382; x_wconf 80' lang='lat' dir='ltr'>greges</span> <span class='ocrx_word' id='word_1_15' title='bbox 1278 338 1524 382; x_wconf 82' lang='lat' dir='ltr'>purpuram</span> <span class='ocrx_word' id='word_1_16' title='bbox 1544 324 1639 368; x_wconf 89' lang='lat' dir='ltr'>colo</span> <span class='ocrx_word' id='word_1_17' title='bbox 1657 326 1850 374; x_wconf 90' lang='lat' dir='ltr'>nentem,</span> 
     </span>
     <span class='ocr_line' id='line_1_6' title="bbox 376 393 1852 451; baseline 0.001 -17"><span class='ocrx_word' id='word_1_18' title='bbox 376 393 583 435; x_wconf 85' lang='lat' dir='ltr'>muliebri</span> <span class='ocrx_word' id='word_1_19' title='bbox 603 393 763 437; x_wconf 88' lang='lat' dir='ltr'>habitu</span> <span class='ocrx_word' id='word_1_20' title='bbox 780 395 895 451; x_wconf 92' lang='lat' dir='ltr'>(cum</span> <span class='ocrx_word' id='word_1_21' title='bbox 921 394 1108 437; x_wconf 87' lang='lat' dir='ltr'>mollitie</span> <span class='ocrx_word' id='word_1_22' title='bbox 1135 394 1330 451; x_wconf 90' lang='lat' dir='ltr'>corporis</span> <span class='ocrx_word' id='word_1_23' title='bbox 1355 397 1401 438; x_wconf 89' lang='lat' dir='ltr'>et</span> <span class='ocrx_word' id='word_1_24' title='bbox 1420 395 1646 438; x_wconf 88' lang='lat' dir='ltr'>oculorum</span> <span class='ocrx_word' id='word_1_25' title='bbox 1666 393 1852 437; x_wconf 90' lang='lat' dir='ltr'>lasciuia</span> 
     </span>
     <span class='ocr_line' id='line_1_7' title="bbox 377 462 1850 522; baseline 0.001 -18"><span class='ocrx_word' id='word_1_26' title='bbox 377 476 529 505; x_wconf 92' lang='lat' dir='ltr'>omnes</span> <span class='ocrx_word' id='word_1_27' title='bbox 559 462 748 506; x_wconf 85' lang='lat' dir='ltr'>feminas</span> <span class='ocrx_word' id='word_1_28' title='bbox 774 464 982 522; x_wconf 88' lang='lat' dir='ltr'>anteiret)</span> <span class='ocrx_word' id='word_1_29' title='bbox 1013 479 1151 521; x_wconf 89' lang='lat' dir='ltr'>pensa</span> <span class='ocrx_word' id='word_1_30' title='bbox 1182 464 1301 507; x_wconf 89' lang='lat' dir='ltr'>inter</span> <span class='ocrx_word' id='word_1_31' title='bbox 1334 464 1533 522; x_wconf 86' lang='lat' dir='ltr'>uirgines</span> <span class='ocrx_word' id='word_1_32' title='bbox 1569 463 1850 521; x_wconf 71' lang='lat' dir='ltr'>partientem.</span> 
     </span>
     <span class='ocr_line' id='line_1_8' title="bbox 379 527 1851 591; baseline 0 -17"><span class='ocrx_word' id='word_1_33' title='bbox 379 530 552 584; x_wconf 82' lang='lat' dir='ltr'>Quibus</span> <span class='ocrx_word' id='word_1_34' title='bbox 585 532 706 583; x_wconf 87' lang='lat' dir='ltr'>uisis,</span> <span class='ocrx_word' id='word_1_35' title='bbox 726 533 986 591; x_wconf 85' lang='lat' dir='ltr'>indignatus</span> <span class='ocrx_word' id='word_1_36' title='bbox 1017 534 1099 576; x_wconf 89' lang='lat' dir='ltr'>tali</span> <span class='ocrx_word' id='word_1_37' title='bbox 1130 527 1322 576; x_wconf 76' lang='lat' dir='ltr'>feminae</span> <span class='ocrx_word' id='word_1_38' title='bbox 1352 536 1531 576; x_wconf 92' lang='lat' dir='ltr'>tantum</span> <span class='ocrx_word' id='word_1_39' title='bbox 1560 533 1761 576; x_wconf 88' lang='lat' dir='ltr'>uirorum</span> <span class='ocrx_word' id='word_1_40' title='bbox 1793 532 1851 574; x_wconf 93' lang='lat' dir='ltr'>iri</span> 
     </span>
     <span class='ocr_line' id='line_1_9' title="bbox 377 601 1851 660; baseline 0.002 -17"><span class='ocrx_word' id='word_1_41' title='bbox 377 601 625 644; x_wconf 89' lang='lat' dir='ltr'>subiectum</span> <span class='ocrx_word' id='word_1_42' title='bbox 654 605 985 660; x_wconf 66' lang='lat' dir='ltr'>tractantesque</span> <span class='ocrx_word' id='word_1_43' title='bbox 1017 602 1188 646; x_wconf 85' lang='lat' dir='ltr'>ferrum</span> <span class='ocrx_word' id='word_1_44' title='bbox 1219 606 1265 646; x_wconf 89' lang='lat' dir='ltr'>et</span> <span class='ocrx_word' id='word_1_45' title='bbox 1295 617 1420 646; x_wconf 84' lang='lat' dir='ltr'>arma</span> <span class='ocrx_word' id='word_1_46' title='bbox 1453 603 1667 646; x_wconf 82' lang='lat' dir='ltr'>habentes</span> <span class='ocrx_word' id='word_1_47' title='bbox 1695 617 1851 660; x_wconf 87' lang='lat' dir='ltr'>parere</span> 
     </span>
     <span class='ocr_line' id='line_1_10' title="bbox 375 671 1852 730; baseline 0.002 -17"><span class='ocrx_word' id='word_1_48' title='bbox 375 684 634 727; x_wconf 87' lang='lat' dir='ltr'>progressus</span> <span class='ocrx_word' id='word_1_49' title='bbox 654 672 712 714; x_wconf 90' lang='lat' dir='ltr'>ad</span> <span class='ocrx_word' id='word_1_50' title='bbox 732 672 871 715; x_wconf 89' lang='lat' dir='ltr'>socios</span> <span class='ocrx_word' id='word_1_51' title='bbox 886 673 994 729; x_wconf 92' lang='lat' dir='ltr'>quid</span> <span class='ocrx_word' id='word_1_52' title='bbox 1008 673 1175 716; x_wconf 87' lang='lat' dir='ltr'>uiderit</span> <span class='ocrx_word' id='word_1_53' title='bbox 1189 671 1340 717; x_wconf 86' lang='lat' dir='ltr'>refert.</span> <span class='ocrx_word' id='word_1_54' title='bbox 1399 672 1550 730; x_wconf 86' lang='lat' dir='ltr'>Negat</span> <span class='ocrx_word' id='word_1_55' title='bbox 1569 688 1615 716; x_wconf 91' lang='lat' dir='ltr'>se</span> <span class='ocrx_word' id='word_1_56' title='bbox 1635 673 1676 716; x_wconf 92' lang='lat' dir='ltr'>ei</span> <span class='ocrx_word' id='word_1_57' title='bbox 1696 686 1852 730; x_wconf 88' lang='lat' dir='ltr'>parere</span> 
     </span>
     <span class='ocr_line' id='line_1_11' title="bbox 375 741 1853 799; baseline 0.001 -17"><span class='ocrx_word' id='word_1_58' title='bbox 375 754 502 796; x_wconf 88' lang='lat' dir='ltr'>posse</span> <span class='ocrx_word' id='word_1_59' title='bbox 523 741 600 796; x_wconf 92' lang='lat' dir='ltr'>qui</span> <span class='ocrx_word' id='word_1_60' title='bbox 620 755 666 784; x_wconf 93' lang='lat' dir='ltr'>se</span> <span class='ocrx_word' id='word_1_61' title='bbox 686 741 899 784; x_wconf 83' lang='lat' dir='ltr'>feminam</span> <span class='ocrx_word' id='word_1_62' title='bbox 922 742 1076 785; x_wconf 85' lang='lat' dir='ltr'>mallet</span> <span class='ocrx_word' id='word_1_63' title='bbox 1100 745 1215 786; x_wconf 91' lang='lat' dir='ltr'>esset</span> <span class='ocrx_word' id='word_1_64' title='bbox 1238 757 1373 799; x_wconf 90' lang='lat' dir='ltr'>quam</span> <span class='ocrx_word' id='word_1_65' title='bbox 1393 743 1555 786; x_wconf 91' lang='lat' dir='ltr'>uirum.</span> <span class='ocrx_word' id='word_1_66' title='bbox 1616 742 1692 785; x_wconf 88' lang='lat' dir='ltr'>Fit</span> <span class='ocrx_word' id='word_1_67' title='bbox 1711 742 1853 799; x_wconf 85' lang='lat' dir='ltr'>igitur</span> 
     </span>
     <span class='ocr_line' id='line_1_12' title="bbox 376 810 1853 869; baseline 0.002 -18"><span class='ocrx_word' id='word_1_68' title='bbox 376 810 648 864; x_wconf 87' lang='lat' dir='ltr'>coniuratio;</span> <span class='ocrx_word' id='word_1_69' title='bbox 677 825 765 867; x_wconf 89' lang='lat' dir='ltr'>qua</span> <span class='ocrx_word' id='word_1_70' title='bbox 788 811 863 854; x_wconf 90' lang='lat' dir='ltr'>ille</span> <span class='ocrx_word' id='word_1_71' title='bbox 890 812 1046 855; x_wconf 86' lang='lat' dir='ltr'>audita</span> <span class='ocrx_word' id='word_1_72' title='bbox 1072 812 1120 854; x_wconf 94' lang='lat' dir='ltr'>in</span> <span class='ocrx_word' id='word_1_73' title='bbox 1145 812 1292 855; x_wconf 87' lang='lat' dir='ltr'>aulam</span> <span class='ocrx_word' id='word_1_74' title='bbox 1317 812 1485 869; x_wconf 83' lang='lat' dir='ltr'>regiam</span> <span class='ocrx_word' id='word_1_75' title='bbox 1506 826 1552 855; x_wconf 91' lang='lat' dir='ltr'>se</span> <span class='ocrx_word' id='word_1_76' title='bbox 1572 811 1749 869; x_wconf 88' lang='lat' dir='ltr'>recepit,</span> <span class='ocrx_word' id='word_1_77' title='bbox 1773 811 1853 854; x_wconf 89' lang='lat' dir='ltr'>ubi</span> 
     </span>
     <span class='ocr_line' id='line_1_13' title="bbox 377 880 1852 938; baseline 0.002 -18"><span class='ocrx_word' id='word_1_78' title='bbox 377 882 584 922; x_wconf 83' lang='lat' dir='ltr'>extructa</span> <span class='ocrx_word' id='word_1_79' title='bbox 602 881 866 937; x_wconf 88' lang='lat' dir='ltr'>incensaque</span> <span class='ocrx_word' id='word_1_80' title='bbox 885 881 984 938; x_wconf 90' lang='lat' dir='ltr'>pira</span> <span class='ocrx_word' id='word_1_81' title='bbox 1005 884 1050 924; x_wconf 89' lang='lat' dir='ltr'>et</span> <span class='ocrx_word' id='word_1_82' title='bbox 1069 896 1115 924; x_wconf 86' lang='lat' dir='ltr'>se</span> <span class='ocrx_word' id='word_1_83' title='bbox 1136 884 1182 924; x_wconf 92' lang='lat' dir='ltr'>et</span> <span class='ocrx_word' id='word_1_84' title='bbox 1205 881 1388 925; x_wconf 88' lang='lat' dir='ltr'>diuitias</span> <span class='ocrx_word' id='word_1_85' title='bbox 1407 896 1511 925; x_wconf 89' lang='lat' dir='ltr'>suas</span> <span class='ocrx_word' id='word_1_86' title='bbox 1530 881 1578 924; x_wconf 92' lang='lat' dir='ltr'>in</span> <span class='ocrx_word' id='word_1_87' title='bbox 1597 880 1852 925; x_wconf 86' lang='lat' dir='ltr'>incendium</span> 
     </span>
     <span class='ocr_line' id='line_1_14' title="bbox 377 948 1169 1001; baseline 0.004 -11"><span class='ocrx_word' id='word_1_88' title='bbox 377 948 544 1001; x_wconf 82' lang='lat' dir='ltr'>mittit3</span> <span class='ocrx_word' id='word_1_89' title='bbox 573 949 656 993; x_wconf 93' lang='lat' dir='ltr'>hoc</span> <span class='ocrx_word' id='word_1_90' title='bbox 675 950 767 993; x_wconf 89' lang='lat' dir='ltr'>solo</span> <span class='ocrx_word' id='word_1_91' title='bbox 787 950 991 994; x_wconf 90' lang='lat' dir='ltr'>imitatus</span> <span class='ocrx_word' id='word_1_92' title='bbox 1010 950 1169 993; x_wconf 91' lang='lat' dir='ltr'>uirum.</span> 
     </span>
    </p>

    <p class='ocr_par' dir='ltr' id='par_1_6' title="bbox 376 1018 1853 1702">
     <span class='ocr_line' id='line_1_15' title="bbox 437 1018 1852 1078; baseline 0.001 -18"><span class='ocrx_word' id='word_1_93' title='bbox 437 1018 497 1061; x_wconf 93' lang='lat' dir='ltr'>Et</span> <span class='ocrx_word' id='word_1_94' title='bbox 516 1019 874 1075; x_wconf 88' lang='lat' dir='ltr'>praecedentium</span> <span class='ocrx_word' id='word_1_95' title='bbox 894 1021 1073 1076; x_wconf 89' lang='lat' dir='ltr'>quidem</span> <span class='ocrx_word' id='word_1_96' title='bbox 1100 1035 1255 1078; x_wconf 83' lang='lat' dir='ltr'>regum</span> <span class='ocrx_word' id='word_1_97' title='bbox 1276 1021 1412 1064; x_wconf 90' lang='lat' dir='ltr'>robur</span> <span class='ocrx_word' id='word_1_98' title='bbox 1437 1036 1465 1064; x_wconf 89' lang='lat' dir='ltr'>a</span> <span class='ocrx_word' id='word_1_99' title='bbox 1484 1020 1666 1064; x_wconf 84' lang='lat' dir='ltr'>luxuria</span> <span class='ocrx_word' id='word_1_100' title='bbox 1685 1019 1852 1063; x_wconf 91' lang='lat' dir='ltr'>emolli-</span> 
     </span>
     <span class='ocr_line' id='line_1_16' title="bbox 377 1088 1853 1148; baseline 0.002 -18"><span class='ocrx_word' id='word_1_101' title='bbox 377 1090 475 1130; x_wconf 91' lang='lat' dir='ltr'>tum</span> <span class='ocrx_word' id='word_1_102' title='bbox 496 1091 575 1139; x_wconf 89' lang='lat' dir='ltr'>est,</span> <span class='ocrx_word' id='word_1_103' title='bbox 595 1088 754 1132; x_wconf 91' lang='lat' dir='ltr'>deinde</span> <span class='ocrx_word' id='word_1_104' title='bbox 773 1104 853 1146; x_wconf 91' lang='lat' dir='ltr'>per</span> <span class='ocrx_word' id='word_1_105' title='bbox 879 1090 1077 1147; x_wconf 86' lang='lat' dir='ltr'>singulos</span> <span class='ocrx_word' id='word_1_106' title='bbox 1104 1091 1231 1147; x_wconf 84' lang='lat' dir='ltr'>quasi</span> <span class='ocrx_word' id='word_1_107' title='bbox 1257 1105 1337 1147; x_wconf 91' lang='lat' dir='ltr'>per</span> <span class='ocrx_word' id='word_1_108' title='bbox 1363 1091 1529 1148; x_wconf 87' lang='lat' dir='ltr'>gradus</span> <span class='ocrx_word' id='word_1_109' title='bbox 1553 1090 1853 1133; x_wconf 85' lang='lat' dir='ltr'>inualescente</span> 
     </span>
     <span class='ocr_line' id='line_1_17' title="bbox 376 1157 1853 1203; baseline 0.001 -4"><span class='ocrx_word' id='word_1_110' title='bbox 376 1157 567 1200; x_wconf 89' lang='lat' dir='ltr'>mollitia</span> <span class='ocrx_word' id='word_1_111' title='bbox 580 1158 628 1200; x_wconf 92' lang='lat' dir='ltr'>in</span> <span class='ocrx_word' id='word_1_112' title='bbox 644 1158 726 1202; x_wconf 90' lang='lat' dir='ltr'>hoc</span> <span class='ocrx_word' id='word_1_113' title='bbox 741 1159 922 1202; x_wconf 88' lang='lat' dir='ltr'>tandem</span> <span class='ocrx_word' id='word_1_114' title='bbox 938 1159 1239 1202; x_wconf 86' lang='lat' dir='ltr'>effeminatum</span> <span class='ocrx_word' id='word_1_115' title='bbox 1256 1159 1449 1203; x_wconf 84' lang='lat' dir='ltr'>fractum</span> <span class='ocrx_word' id='word_1_116' title='bbox 1464 1163 1510 1203; x_wconf 95' lang='lat' dir='ltr'>et</span> <span class='ocrx_word' id='word_1_117' title='bbox 1529 1160 1853 1203; x_wconf 90' lang='lat' dir='ltr'>comminutum</span> 
     </span>
     <span class='ocr_line' id='line_1_18' title="bbox 377 1227 1852 1291; baseline 0.001 -22"><span class='ocrx_word' id='word_1_118' title='bbox 377 1230 455 1270; x_wconf 91' lang='lat' dir='ltr'>est.</span> <span class='ocrx_word' id='word_1_119' title='bbox 515 1227 758 1284; x_wconf 86' lang='lat' dir='ltr'>Imperium</span> <span class='ocrx_word' id='word_1_120' title='bbox 781 1227 874 1271; x_wconf 81' lang='lat' dir='ltr'>fere</span> <span class='ocrx_word' id='word_1_121' title='bbox 900 1229 1150 1271; x_wconf 87' lang='lat' dir='ltr'>Romanum</span> <span class='ocrx_word' id='word_1_122' title='bbox 1174 1229 1442 1272; x_wconf 79' lang='lat' dir='ltr'>exhaustum</span> <span class='ocrx_word' id='word_1_123' title='bbox 1468 1233 1536 1273; x_wconf 88' lang='lat' dir='ltr'>est</span> <span class='ocrx_word' id='word_1_124' title='bbox 1559 1232 1605 1273; x_wconf 93' lang='lat' dir='ltr'>et</span> <span class='ocrx_word' id='word_1_125' title='bbox 1625 1229 1852 1291; x_wconf 81' lang='lat' dir='ltr'>diuulsum</span> 
     </span>
     <span class='ocr_line' id='line_1_19' title="bbox 377 1296 1851 1356; baseline 0.002 -17"><span class='ocrx_word' id='word_1_126' title='bbox 377 1296 556 1340; x_wconf 91' lang='lat' dir='ltr'>Nerone</span> <span class='ocrx_word' id='word_1_127' title='bbox 579 1297 837 1354; x_wconf 85' lang='lat' dir='ltr'>imperante,</span> <span class='ocrx_word' id='word_1_128' title='bbox 857 1298 983 1341; x_wconf 88' lang='lat' dir='ltr'>cuius</span> <span class='ocrx_word' id='word_1_129' title='bbox 1009 1299 1116 1356; x_wconf 86' lang='lat' dir='ltr'>gula</span> <span class='ocrx_word' id='word_1_130' title='bbox 1142 1298 1236 1342; x_wconf 78' lang='lat' dir='ltr'>fere</span> <span class='ocrx_word' id='word_1_131' title='bbox 1263 1299 1412 1342; x_wconf 88' lang='lat' dir='ltr'>omnia</span> <span class='ocrx_word' id='word_1_132' title='bbox 1437 1299 1684 1350; x_wconf 91' lang='lat' dir='ltr'>deuorauit,</span> <span class='ocrx_word' id='word_1_133' title='bbox 1704 1313 1851 1343; x_wconf 87' lang='lat' dir='ltr'>macu-</span> 
     </span>
     <span class='ocr_line' id='line_1_20' title="bbox 376 1360 1852 1426; baseline 0.003 -18"><span class='ocrx_word' id='word_1_134' title='bbox 376 1366 492 1409; x_wconf 88' lang='lat' dir='ltr'>lauit</span> <span class='ocrx_word' id='word_1_135' title='bbox 516 1366 666 1418; x_wconf 90' lang='lat' dir='ltr'>libido,</span> <span class='ocrx_word' id='word_1_136' title='bbox 691 1367 900 1410; x_wconf 83' lang='lat' dir='ltr'>exhausit</span> <span class='ocrx_word' id='word_1_137' title='bbox 925 1368 1130 1420; x_wconf 88' lang='lat' dir='ltr'>auaritia,</span> <span class='ocrx_word' id='word_1_138' title='bbox 1158 1368 1295 1426; x_wconf 75' lang='lat' dir='ltr'>fregit</span> <span class='ocrx_word' id='word_1_139' title='bbox 1322 1360 1515 1426; x_wconf 87' lang='lat' dir='ltr'>ignauia,</span> <span class='ocrx_word' id='word_1_140' title='bbox 1541 1368 1722 1412; x_wconf 84' lang='lat' dir='ltr'>luxuria</span> <span class='ocrx_word' id='word_1_141' title='bbox 1750 1383 1852 1412; x_wconf 91' lang='lat' dir='ltr'>cum</span> 
     </span>
     <span class='ocr_line' id='line_1_21' title="bbox 378 1436 1852 1493; baseline 0.001 -15"><span class='ocrx_word' id='word_1_142' title='bbox 378 1436 586 1493; x_wconf 88' lang='lat' dir='ltr'>superbia</span> <span class='ocrx_word' id='word_1_143' title='bbox 606 1436 867 1480; x_wconf 82' lang='lat' dir='ltr'>exinaniuit.</span> <span class='ocrx_word' id='word_1_144' title='bbox 927 1437 1015 1481; x_wconf 88' lang='lat' dir='ltr'>Hic</span> <span class='ocrx_word' id='word_1_145' title='bbox 1039 1438 1209 1480; x_wconf 92' lang='lat' dir='ltr'>nullam</span> <span class='ocrx_word' id='word_1_146' title='bbox 1238 1440 1408 1481; x_wconf 90' lang='lat' dir='ltr'>uestem</span> <span class='ocrx_word' id='word_1_147' title='bbox 1433 1438 1501 1482; x_wconf 89' lang='lat' dir='ltr'>bis</span> <span class='ocrx_word' id='word_1_148' title='bbox 1521 1438 1682 1491; x_wconf 89' lang='lat' dir='ltr'>induit,</span> <span class='ocrx_word' id='word_1_149' title='bbox 1702 1441 1756 1482; x_wconf 91' lang='lat' dir='ltr'>ut</span> <span class='ocrx_word' id='word_1_150' title='bbox 1779 1437 1852 1481; x_wconf 93' lang='lat' dir='ltr'>uel</span> 
     </span>
     <span class='ocr_line' id='line_1_22' title="bbox 377 1505 1852 1565; baseline 0.003 -18"><span class='ocrx_word' id='word_1_151' title='bbox 377 1505 426 1547; x_wconf 94' lang='lat' dir='ltr'>in</span> <span class='ocrx_word' id='word_1_152' title='bbox 461 1505 610 1562; x_wconf 93' lang='lat' dir='ltr'>aliquo</span> <span class='ocrx_word' id='word_1_153' title='bbox 644 1506 801 1549; x_wconf 91' lang='lat' dir='ltr'>ceteris</span> <span class='ocrx_word' id='word_1_154' title='bbox 835 1507 1052 1564; x_wconf 86' lang='lat' dir='ltr'>singulari</span> <span class='ocrx_word' id='word_1_155' title='bbox 1087 1507 1230 1565; x_wconf 88' lang='lat' dir='ltr'>gloria</span> <span class='ocrx_word' id='word_1_156' title='bbox 1264 1507 1548 1564; x_wconf 83' lang='lat' dir='ltr'>praeluceret.</span> <span class='ocrx_word' id='word_1_157' title='bbox 1609 1508 1709 1559; x_wconf 88' lang='lat' dir='ltr'>Sed,</span> <span class='ocrx_word' id='word_1_158' title='bbox 1743 1508 1852 1551; x_wconf 90' lang='lat' dir='ltr'>dum</span> 
     </span>
     <span class='ocr_line' id='line_1_23' title="bbox 378 1574 1851 1636; baseline 0.003 -20"><span class='ocrx_word' id='word_1_159' title='bbox 378 1574 520 1617; x_wconf 88' lang='lat' dir='ltr'>Roma</span> <span class='ocrx_word' id='word_1_160' title='bbox 558 1575 772 1632; x_wconf 88' lang='lat' dir='ltr'>permisit,</span> <span class='ocrx_word' id='word_1_161' title='bbox 806 1579 953 1619; x_wconf 91' lang='lat' dir='ltr'>totum</span> <span class='ocrx_word' id='word_1_162' title='bbox 993 1577 1144 1620; x_wconf 90' lang='lat' dir='ltr'>orbem</span> <span class='ocrx_word' id='word_1_163' title='bbox 1183 1577 1291 1620; x_wconf 79' lang='lat' dir='ltr'>fecit</span> <span class='ocrx_word' id='word_1_164' title='bbox 1325 1578 1589 1635; x_wconf 86' lang='lat' dir='ltr'>inglorium3</span> <span class='ocrx_word' id='word_1_165' title='bbox 1610 1574 1613 1576; x_wconf 59' lang='grc'><strong>’</strong></span> <span class='ocrx_word' id='word_1_166' title='bbox 1639 1577 1851 1636; x_wconf 91' lang='lat' dir='ltr'>quicquid</span> 
     </span>
     <span class='ocr_line' id='line_1_24' title="bbox 376 1644 1690 1702; baseline 0.004 -16"><span class='ocrx_word' id='word_1_167' title='bbox 376 1644 565 1687; x_wconf 87' lang='lat' dir='ltr'>aliorum</span> <span class='ocrx_word' id='word_1_168' title='bbox 587 1645 809 1702; x_wconf 90' lang='lat' dir='ltr'>quaesiuit</span> <span class='ocrx_word' id='word_1_169' title='bbox 827 1646 1060 1698; x_wconf 89' lang='lat' dir='ltr'>industria,</span> <span class='ocrx_word' id='word_1_170' title='bbox 1080 1647 1213 1690; x_wconf 90' lang='lat' dir='ltr'>huius</span> <span class='ocrx_word' id='word_1_171' title='bbox 1233 1647 1394 1690; x_wconf 89' lang='lat' dir='ltr'>inertia</span> <span class='ocrx_word' id='word_1_172' title='bbox 1414 1647 1507 1691; x_wconf 87' lang='lat' dir='ltr'>fere</span> <span class='ocrx_word' id='word_1_173' title='bbox 1527 1647 1690 1692; x_wconf 87' lang='lat' dir='ltr'>amisit.</span> 
     </span>
    </p>
   </div>
   <div class='ocr_carea' id='block_1_6' title="bbox 437 1774 1781 1904">
    <p class='ocr_par' dir='ltr' id='par_1_7' title="bbox 437 1774 1781 1904">
     <span class='ocr_line' id='line_1_25' title="bbox 437 1774 1781 1835; baseline 0.001 -15"><span class='ocrx_word' id='word_1_174' title='bbox 437 1774 544 1832; x_wconf 89' lang='lat' dir='ltr'>Cap.</span> <span class='ocrx_word' id='word_1_175' title='bbox 571 1784 638 1830; x_wconf 85' lang='lat'>15.</span> <span class='ocrx_word' id='word_1_176' title='bbox 670 1775 901 1819; x_wconf 73' lang='lat' dir='ltr'>Romanos</span> <span class='ocrx_word' id='word_1_177' title='bbox 919 1775 976 1819; x_wconf 76' lang='lat' dir='ltr'>in</span> <span class='ocrx_word' id='word_1_178' title='bbox 996 1776 1249 1834; x_wconf 71' lang='lat' dir='ltr'>disciplina</span> <span class='ocrx_word' id='word_1_179' title='bbox 1265 1792 1378 1834; x_wconf 75' lang='lat' dir='ltr'>prae</span> <span class='ocrx_word' id='word_1_180' title='bbox 1398 1778 1549 1821; x_wconf 76' lang='lat' dir='ltr'>ceteris</span> <span class='ocrx_word' id='word_1_181' title='bbox 1569 1778 1781 1835; x_wconf 73' lang='lat' dir='ltr'>uiyuisse,</span> 
     </span>
     <span class='ocr_line' id='line_1_26' title="bbox 523 1845 1688 1904; baseline 0.003 -16"><span class='ocrx_word' id='word_1_182' title='bbox 523 1849 563 1888; x_wconf 79' lang='lat' dir='ltr'>et</span> <span class='ocrx_word' id='word_1_183' title='bbox 582 1845 639 1888; x_wconf 73' lang='lat' dir='ltr'>in</span> <span class='ocrx_word' id='word_1_184' title='bbox 659 1845 722 1889; x_wconf 76' lang='lat' dir='ltr'>eis</span> <span class='ocrx_word' id='word_1_185' title='bbox 741 1845 775 1888; x_wconf 93' lang='lat' dir='ltr'><strong><em>I</em></strong></span> <span class='ocrx_word' id='word_1_186' title='bbox 773 1845 932 1890; x_wconf 79' lang='lat' dir='ltr'>ulium</span> <span class='ocrx_word' id='word_1_187' title='bbox 952 1846 1154 1890; x_wconf 73' lang='lat' dir='ltr'>C&#39;esarem</span> <span class='ocrx_word' id='word_1_188' title='bbox 1164 1846 1376 1904; x_wconf 75' lang='lat' dir='ltr'>floruisse</span> <span class='ocrx_word' id='word_1_189' title='bbox 1390 1862 1507 1904; x_wconf 73' lang='lat' dir='ltr'>prae</span> <span class='ocrx_word' id='word_1_190' title='bbox 1526 1848 1688 1892; x_wconf 73' lang='lat' dir='ltr'>ceteris.</span> 
     </span>
    </p>
   </div>
   <div class='ocr_carea' id='block_1_7' title="bbox 378 1936 1853 2347">
    <p class='ocr_par' dir='ltr' id='par_1_8' title="bbox 378 1936 1853 2347">
     <span class='ocr_line' id='line_1_27' title="bbox 438 1936 1853 2000; baseline 0.004 -18"><span class='ocrx_word' id='word_1_191' title='bbox 438 1939 538 1991; x_wconf 86' lang='lat' dir='ltr'>Sed,</span> <span class='ocrx_word' id='word_1_192' title='bbox 568 1955 669 1983; x_wconf 90' lang='lat' dir='ltr'>cum</span> <span class='ocrx_word' id='word_1_193' title='bbox 699 1940 898 1984; x_wconf 88' lang='lat' dir='ltr'>omnium</span> <span class='ocrx_word' id='word_1_194' title='bbox 927 1941 1129 1999; x_wconf 89' lang='lat' dir='ltr'>gentium</span> <span class='ocrx_word' id='word_1_195' title='bbox 1159 1936 1362 1999; x_wconf 86' lang='lat' dir='ltr'>exempla</span> <span class='ocrx_word' id='word_1_196' title='bbox 1396 1941 1588 1995; x_wconf 90' lang='lat' dir='ltr'>reuoluo,</span> <span class='ocrx_word' id='word_1_197' title='bbox 1619 1942 1853 2000; x_wconf 84' lang='lat' dir='ltr'>disciplina</span> 
     </span>
     <span class='ocr_line' id='line_1_28' title="bbox 380 2008 1851 2069; baseline 0.003 -18"><span class='ocrx_word' id='word_1_198' title='bbox 380 2008 680 2052; x_wconf 86' lang='lat' dir='ltr'>Romanorum</span> <span class='ocrx_word' id='word_1_199' title='bbox 713 2025 818 2067; x_wconf 87' lang='lat' dir='ltr'>prae</span> <span class='ocrx_word' id='word_1_200' title='bbox 853 2011 1010 2054; x_wconf 88' lang='lat' dir='ltr'>ceteris</span> <span class='ocrx_word' id='word_1_201' title='bbox 1044 2011 1173 2055; x_wconf 85' lang='lat' dir='ltr'>lucet.</span> <span class='ocrx_word' id='word_1_202' title='bbox 1232 2011 1365 2055; x_wconf 89' lang='lat' dir='ltr'>Mesis</span> <span class='ocrx_word' id='word_1_203' title='bbox 1399 2026 1573 2069; x_wconf 90' lang='lat' dir='ltr'>quoque</span> <span class='ocrx_word' id='word_1_204' title='bbox 1608 2011 1851 2069; x_wconf 90' lang='lat' dir='ltr'>plurimum</span> 
     </span>
     <span class='ocr_line' id='line_1_29' title="bbox 379 2078 1851 2138; baseline 0.003 -18"><span class='ocrx_word' id='word_1_205' title='bbox 379 2078 599 2136; x_wconf 83' lang='lat' dir='ltr'>profuisse</span> <span class='ocrx_word' id='word_1_206' title='bbox 634 2080 799 2138; x_wconf 87' lang='lat' dir='ltr'>legitur</span> <span class='ocrx_word' id='word_1_207' title='bbox 833 2080 1067 2138; x_wconf 89' lang='lat' dir='ltr'>disciplina</span> <span class='ocrx_word' id='word_1_208' title='bbox 1096 2085 1149 2125; x_wconf 93' lang='lat' dir='ltr'>ut</span> <span class='ocrx_word' id='word_1_209' title='bbox 1182 2081 1230 2124; x_wconf 92' lang='lat' dir='ltr'>in</span> <span class='ocrx_word' id='word_1_210' title='bbox 1265 2081 1489 2138; x_wconf 88' lang='lat' dir='ltr'>paucitate</span> <span class='ocrx_word' id='word_1_211' title='bbox 1528 2096 1609 2132; x_wconf 88' lang='lat' dir='ltr'>sua</span> <span class='ocrx_word' id='word_1_212' title='bbox 1647 2082 1851 2126; x_wconf 88' lang='lat' dir='ltr'>finitimis</span> 
     </span>
     <span class='ocr_line' id='line_1_30' title="bbox 379 2150 1851 2209; baseline 0.002 -18"><span class='ocrx_word' id='word_1_213' title='bbox 379 2150 600 2206; x_wconf 89' lang='lat' dir='ltr'>superatis</span> <span class='ocrx_word' id='word_1_214' title='bbox 631 2164 732 2193; x_wconf 90' lang='lat' dir='ltr'>cum</span> <span class='ocrx_word' id='word_1_215' title='bbox 765 2150 976 2194; x_wconf 87' lang='lat' dir='ltr'>Romanis</span> <span class='ocrx_word' id='word_1_216' title='bbox 1008 2151 1105 2194; x_wconf 91' lang='lat' dir='ltr'>ausi</span> <span class='ocrx_word' id='word_1_217' title='bbox 1139 2151 1231 2194; x_wconf 90' lang='lat' dir='ltr'>sint</span> <span class='ocrx_word' id='word_1_218' title='bbox 1265 2166 1397 2208; x_wconf 82' lang='lat' dir='ltr'>super</span> <span class='ocrx_word' id='word_1_219' title='bbox 1431 2151 1616 2208; x_wconf 89' lang='lat' dir='ltr'>imperio</span> <span class='ocrx_word' id='word_1_220' title='bbox 1647 2152 1851 2209; x_wconf 88' lang='lat' dir='ltr'>gentium</span> 
     </span>
     <span class='ocr_line' id='line_1_31' title="bbox 379 2218 1852 2272; baseline 0.002 -12"><span class='ocrx_word' id='word_1_221' title='bbox 379 2218 601 2263; x_wconf 78' lang='lat' dir='ltr'>dimicare,</span> <span class='ocrx_word' id='word_1_222' title='bbox 661 2219 805 2272; x_wconf 82' lang='lat' dir='ltr'>Quam</span> <span class='ocrx_word' id='word_1_223' title='bbox 841 2219 925 2263; x_wconf 84' lang='lat' dir='ltr'>feri</span> <span class='ocrx_word' id='word_1_224' title='bbox 961 2223 1111 2263; x_wconf 88' lang='lat' dir='ltr'>autem</span> <span class='ocrx_word' id='word_1_225' title='bbox 1143 2220 1387 2271; x_wconf 84' lang='lat' dir='ltr'>extiterint,</span> <span class='ocrx_word' id='word_1_226' title='bbox 1421 2235 1478 2263; x_wconf 84' lang='lat' dir='ltr'>ex</span> <span class='ocrx_word' id='word_1_227' title='bbox 1511 2220 1660 2263; x_wconf 89' lang='lat' dir='ltr'>uerbis</span> <span class='ocrx_word' id='word_1_228' title='bbox 1699 2235 1852 2264; x_wconf 91' lang='lat' dir='ltr'>eorum</span> 
     </span>
     <span class='ocr_line' id='line_1_32' title="bbox 378 2288 1852 2347; baseline 0.002 -16"><span class='ocrx_word' id='word_1_229' title='bbox 378 2288 604 2345; x_wconf 87' lang='lat' dir='ltr'>colligitur</span> <span class='ocrx_word' id='word_1_230' title='bbox 623 2289 784 2346; x_wconf 90' lang='lat' dir='ltr'>quibus</span> <span class='ocrx_word' id='word_1_231' title='bbox 803 2290 1017 2333; x_wconf 91' lang='lat' dir='ltr'>aduersus</span> <span class='ocrx_word' id='word_1_232' title='bbox 1033 2290 1254 2333; x_wconf 88' lang='lat' dir='ltr'>Romanos</span> <span class='ocrx_word' id='word_1_233' title='bbox 1268 2289 1533 2347; x_wconf 84' lang='lat' dir='ltr'>pugnaturis</span> <span class='ocrx_word' id='word_1_234' title='bbox 1553 2304 1669 2334; x_wconf 88' lang='lat' dir='ltr'>unus</span> <span class='ocrx_word' id='word_1_235' title='bbox 1689 2290 1852 2334; x_wconf 88' lang='lat' dir='ltr'>ducum</span> 
     </span>
    </p>
   </div>
   <div class='ocr_carea' id='block_1_8' title="bbox 380 2409 1220 2457">
    <p class='ocr_par' dir='ltr' id='par_1_9' title="bbox 380 2409 1220 2457">
     <span class='ocr_line' id='line_1_33' title="bbox 380 2409 1220 2457; baseline 0.002 -13"><span class='ocrx_word' id='word_1_236' title='bbox 380 2418 400 2454; x_wconf 94' lang='lat'>7</span> <span class='ocrx_word' id='word_1_237' title='bbox 428 2409 562 2456; x_wconf 81' lang='lat' dir='ltr'>igitur]</span> <span class='ocrx_word' id='word_1_238' title='bbox 582 2421 672 2456; x_wconf 86' lang='lat' dir='ltr'>ergo</span> <span class='ocrx_word' id='word_1_239' title='bbox 691 2409 778 2445; x_wconf 89' lang='lat' dir='ltr'>B¹M</span> <span class='ocrx_word' id='word_1_240' title='bbox 923 2421 946 2457; x_wconf 94' lang='lat'><strong>9</strong></span> <span class='ocrx_word' id='word_1_241' title='bbox 970 2412 1163 2448; x_wconf 82' lang='lat' dir='ltr'>exstructa</span> <span class='ocrx_word' id='word_1_242' title='bbox 1181 2410 1220 2446; x_wconf 92' lang='lat' dir='ltr'>M</span> 
     </span>
    </p>
   </div>
   <div class='ocr_carea' id='block_1_9' title="bbox 427 2519 1852 2565">
    <p class='ocr_par' dir='ltr' id='par_1_10' title="bbox 427 2519 1852 2565">
     <span class='ocr_line' id='line_1_34' title="bbox 427 2519 1852 2565; baseline 0.003 -11"><span class='ocrx_word' id='word_1_243' title='bbox 427 2520 448 2554; x_wconf 92' lang='lat'><em>8</em></span> <span class='ocrx_word' id='word_1_244' title='bbox 473 2531 545 2565; x_wconf 79' lang='lat' dir='ltr'>qua</span> <span class='ocrx_word' id='word_1_245' title='bbox 564 2519 624 2554; x_wconf 81' lang='lat' dir='ltr'>ille</span> <span class='ocrx_word' id='word_1_246' title='bbox 638 2520 787 2555; x_wconf 84' lang='lat' dir='ltr'>audita:</span> <span class='ocrx_word' id='word_1_247' title='bbox 814 2531 882 2565; x_wconf 83' lang='lat' dir='ltr'>quo</span> <span class='ocrx_word' id='word_1_248' title='bbox 900 2520 962 2554; x_wconf 79' lang='lat' dir='ltr'>ille</span> <span class='ocrx_word' id='word_1_249' title='bbox 978 2521 1103 2556; x_wconf 82' lang='lat' dir='ltr'>audito</span> <span class='ocrx_word' id='word_1_250' title='bbox 1122 2519 1255 2556; x_wconf 84' lang='lat' dir='ltr'>Iustin.</span> <span class='ocrx_word' id='word_1_251' title='bbox 1442 2529 1482 2565; x_wconf 90' lang='lat'>17</span> <span class='ocrx_word' id='word_1_252' title='bbox 1509 2522 1580 2557; x_wconf 85' lang='lat' dir='ltr'>Hic</span> <span class='ocrx_word' id='word_1_253' title='bbox 1598 2522 1742 2557; x_wconf 80' lang='lat' dir='ltr'>nullam</span> <span class='ocrx_word' id='word_1_254' title='bbox 1758 2522 1852 2559; x_wconf 85' lang='lat' dir='ltr'>etc.:</span> 
     </span>
    </p>
   </div>
   <div class='ocr_carea' id='block_1_10' title="bbox 1868 618 1889 653">
    <p class='ocr_par' dir='ltr' id='par_1_11' title="bbox 1868 618 1889 653">
     <span class='ocr_line' id='line_1_35' title="bbox 1868 618 1889 653; baseline 0 0"><span class='ocrx_word' id='word_1_255' title='bbox 1868 618 1889 653; x_wconf 82' lang='lat'>5</span> 
     </span>
    </p>
   </div>
   <div class='ocr_carea' id='block_1_11' title="bbox 1870 966 1914 993">
    <p class='ocr_par' dir='ltr' id='par_1_12' title="bbox 1870 966 1914 993">
     <span class='ocr_line' id='line_1_36' title="bbox 1870 966 1914 993; baseline 0.023 -1"><span class='ocrx_word' id='word_1_256' title='bbox 1870 966 1914 993; x_wconf 83' lang='lat'>10</span> 
     </span>
    </p>
   </div>
   <div class='ocr_carea' id='block_1_12' title="bbox 1872 1316 1914 1352">
    <p class='ocr_par' dir='ltr' id='par_1_13' title="bbox 1872 1316 1914 1352">
     <span class='ocr_line' id='line_1_37' title="bbox 1872 1316 1914 1352; baseline 0 0"><span class='ocrx_word' id='word_1_257' title='bbox 1872 1316 1914 1352; x_wconf 83' lang='lat'>15</span> 
     </span>
    </p>
   </div>
   <div class='ocr_carea' id='block_1_13' title="bbox 1870 1663 1914 1693">
    <p class='ocr_par' dir='ltr' id='par_1_14' title="bbox 1870 1663 1914 1693">
     <span class='ocr_line' id='line_1_38' title="bbox 1870 1663 1914 1693; baseline 0 -6"><span class='ocrx_word' id='word_1_258' title='bbox 1870 1663 1914 1693; x_wconf 72' lang='lat'>20</span> 
     </span>
    </p>
   </div>
   <div class='ocr_carea' id='block_1_14' title="bbox 1870 2100 1914 2143">
    <p class='ocr_par' dir='ltr' id='par_1_15' title="bbox 1870 2100 1914 2143">
     <span class='ocr_line' id='line_1_39' title="bbox 1870 2100 1914 2143; baseline 0 0"><span class='ocrx_word' id='word_1_259' title='bbox 1870 2100 1914 2143; x_wconf 73' lang='lat'>²5</span> 
     </span>
    </p>
   </div>
   <div class='ocr_carea' id='block_1_15' title="bbox 380 2565 1901 2615">
    <p class='ocr_par' dir='ltr' id='par_1_16' title="bbox 380 2565 1901 2615">
     <span class='ocr_line' id='line_1_40' title="bbox 380 2565 1901 2615; baseline 0.003 -14"><span class='ocrx_word' id='word_1_260' title='bbox 380 2565 462 2602; x_wconf 86' lang='lat' dir='ltr'>Hoc</span> <span class='ocrx_word' id='word_1_261' title='bbox 480 2566 526 2603; x_wconf 87' lang='lat' dir='ltr'>de</span> <span class='ocrx_word' id='word_1_262' title='bbox 544 2565 692 2602; x_wconf 84' lang='lat' dir='ltr'>Nerone</span> <span class='ocrx_word' id='word_1_263' title='bbox 711 2568 906 2602; x_wconf 79' lang='lat' dir='ltr'>narratum</span> <span class='ocrx_word' id='word_1_264' title='bbox 925 2566 1018 2603; x_wconf 82' lang='lat' dir='ltr'>alibi</span> <span class='ocrx_word' id='word_1_265' title='bbox 1042 2579 1119 2603; x_wconf 91' lang='lat' dir='ltr'>non</span> <span class='ocrx_word' id='word_1_266' title='bbox 1143 2566 1312 2614; x_wconf 87' lang='lat' dir='ltr'>repperi;</span> <span class='ocrx_word' id='word_1_267' title='bbox 1339 2567 1385 2603; x_wconf 85' lang='lat' dir='ltr'>cf.</span> <span class='ocrx_word' id='word_1_268' title='bbox 1405 2570 1534 2605; x_wconf 79' lang='lat' dir='ltr'>tamen</span> <span class='ocrx_word' id='word_1_269' title='bbox 1551 2568 1654 2605; x_wconf 81' lang='lat' dir='ltr'>Oros.</span> <span class='ocrx_word' id='word_1_270' title='bbox 1673 2567 1732 2604; x_wconf 91' lang='lat' dir='ltr'>vii.</span> <span class='ocrx_word' id='word_1_271' title='bbox 1752 2578 1771 2613; x_wconf 95' lang='lat'><em>7</em></span> <span class='ocrx_word' id='word_1_272' title='bbox 1792 2568 1851 2615; x_wconf 62' lang='lat' dir='ltr'>§a</span> <span class='ocrx_word' id='word_1_273' title='bbox 1894 2578 1901 2587; x_wconf 93' lang='lat'><strong>·</strong></span> 
     </span>
    </p>
   </div>
   <div class='ocr_carea' id='block_1_16' title="bbox 379 2615 1855 2900">
    <p class='ocr_par' dir='ltr' id='par_1_17' title="bbox 379 2615 1855 2900">
     <span class='ocr_line' id='line_1_41' title="bbox 379 2615 1854 2659; baseline 0.003 -11"><span class='ocrx_word' id='word_1_274' title='bbox 379 2615 473 2649; x_wconf 85' lang='lat' dir='ltr'>Nero</span> <span class='ocrx_word' id='word_1_275' title='bbox 492 2640 500 2649; x_wconf 92' lang='lat'><strong>.</strong></span> <span class='ocrx_word' id='word_1_276' title='bbox 518 2641 525 2648; x_wconf 93' lang='lat'><strong><em>.</em></strong></span> <span class='ocrx_word' id='word_1_277' title='bbox 549 2641 556 2649; x_wconf 91' lang='lat'>.</span> <span class='ocrx_word' id='word_1_278' title='bbox 570 2615 813 2659; x_wconf 77' lang='lat' dir='ltr'>petulantiam</span> <span class='ocrx_word' id='word_1_279' title='bbox 836 2615 1024 2650; x_wconf 77' lang='lat' dir='ltr'>libidinem</span> <span class='ocrx_word' id='word_1_280' title='bbox 1046 2617 1235 2651; x_wconf 74' lang='lat' dir='ltr'>luxuriam</span> <span class='ocrx_word' id='word_1_281' title='bbox 1259 2617 1458 2651; x_wconf 73' lang='lat' dir='ltr'>auaritiam</span> <span class='ocrx_word' id='word_1_282' title='bbox 1482 2617 1728 2652; x_wconf 68' lang='lat' dir='ltr'>crudelitatem</span> <span class='ocrx_word' id='word_1_283' title='bbox 1752 2618 1854 2654; x_wconf 79' lang='lat' dir='ltr'>nullo</span> 
     </span>
     <span class='ocr_line' id='line_1_42' title="bbox 380 2662 1854 2709; baseline 0.002 -13"><span class='ocrx_word' id='word_1_284' title='bbox 380 2673 454 2697; x_wconf 81' lang='lat' dir='ltr'>non</span> <span class='ocrx_word' id='word_1_285' title='bbox 479 2662 605 2697; x_wconf 71' lang='lat' dir='ltr'>scelere</span> <span class='ocrx_word' id='word_1_286' title='bbox 626 2663 807 2706; x_wconf 71' lang='lat' dir='ltr'>exercuit,·</span> <span class='ocrx_word' id='word_1_287' title='bbox 831 2663 1007 2708; x_wconf 75' lang='lat' dir='ltr'>siquidem</span> <span class='ocrx_word' id='word_1_288' title='bbox 1028 2665 1235 2708; x_wconf 74' lang='lat' dir='ltr'>petulantia</span> <span class='ocrx_word' id='word_1_289' title='bbox 1255 2664 1415 2709; x_wconf 72' lang='lat' dir='ltr'>percitus</span> <span class='ocrx_word' id='word_1_290' title='bbox 1438 2665 1561 2699; x_wconf 82' lang='lat' dir='ltr'>omnia</span> <span class='ocrx_word' id='word_1_291' title='bbox 1580 2675 1699 2709; x_wconf 79' lang='lat' dir='ltr'>paene</span> <span class='ocrx_word' id='word_1_292' title='bbox 1720 2665 1854 2700; x_wconf 78' lang='lat' dir='ltr'>Italiac</span> 
     </span>
     <span class='ocr_line' id='line_1_43' title="bbox 379 2709 1855 2756; baseline 0.002 -12"><span class='ocrx_word' id='word_1_293' title='bbox 379 2721 422 2745; x_wconf 89' lang='lat' dir='ltr'>ac</span> <span class='ocrx_word' id='word_1_294' title='bbox 447 2710 620 2744; x_wconf 78' lang='lat' dir='ltr'>Graeciae</span> <span class='ocrx_word' id='word_1_295' title='bbox 641 2709 780 2744; x_wconf 81' lang='lat' dir='ltr'>theatra</span> <span class='ocrx_word' id='word_1_296' title='bbox 797 2711 1036 2755; x_wconf 75' lang='lat' dir='ltr'>perlustrans,</span> <span class='ocrx_word' id='word_1_297' title='bbox 1055 2712 1244 2756; x_wconf 68' lang='lat' dir='ltr'>adsumpto</span> <span class='ocrx_word' id='word_1_298' title='bbox 1268 2712 1376 2746; x_wconf 84' lang='lat' dir='ltr'>etiam</span> <span class='ocrx_word' id='word_1_299' title='bbox 1397 2712 1498 2746; x_wconf 77' lang='lat' dir='ltr'>uarii</span> <span class='ocrx_word' id='word_1_300' title='bbox 1521 2713 1671 2747; x_wconf 71' lang='lat' dir='ltr'>uestitus</span> <span class='ocrx_word' id='word_1_301' title='bbox 1689 2713 1855 2748; x_wconf 80' lang='lat' dir='ltr'>dedecore</span> 
     </span>
     <span class='ocr_line' id='line_1_44' title="bbox 379 2757 1852 2804; baseline 0.003 -12"><span class='ocrx_word' id='word_1_302' title='bbox 379 2768 520 2801; x_wconf 69' lang='lat' dir='ltr'>cerycas</span> <span class='ocrx_word' id='word_1_303' title='bbox 552 2757 759 2792; x_wconf 71' lang='lat' dir='ltr'>citharistas</span> <span class='ocrx_word' id='word_1_304' title='bbox 787 2759 971 2802; x_wconf 66' lang='grc' dir='ltr'><em>εναρονιίοε</em></span> <span class='ocrx_word' id='word_1_305' title='bbox 1000 2763 1031 2794; x_wconf 85' lang='lat' dir='ltr'>et</span> <span class='ocrx_word' id='word_1_306' title='bbox 1058 2760 1208 2803; x_wconf 62' lang='lat' dir='ltr'>aurique</span> <span class='ocrx_word' id='word_1_307' title='bbox 1231 2770 1335 2804; x_wconf 79' lang='lat' dir='ltr'>saepe</span> <span class='ocrx_word' id='word_1_308' title='bbox 1358 2759 1428 2793; x_wconf 79' lang='lat' dir='ltr'>sibi</span> <span class='ocrx_word' id='word_1_309' title='bbox 1452 2769 1640 2803; x_wconf 71' lang='lat' dir='ltr'>superasse</span> <span class='ocrx_word' id='word_1_310' title='bbox 1665 2761 1769 2795; x_wconf 77' lang='lat' dir='ltr'>uisus</span> <span class='ocrx_word' id='word_1_311' title='bbox 1791 2764 1852 2796; x_wconf 71' lang='lat' dir='ltr'>est.</span> 
     </span>
     <span class='ocr_line' id='line_1_45' title="bbox 380 2804 1854 2854; baseline 0.003 -14"><span class='ocrx_word' id='word_1_312' title='bbox 380 2813 424 2848; x_wconf 87' lang='lat'>27</span> <span class='ocrx_word' id='word_1_313' title='bbox 454 2807 570 2847; x_wconf 79' lang='lat' dir='ltr'>Quam</span> <span class='ocrx_word' id='word_1_314' title='bbox 588 2805 670 2848; x_wconf 82' lang='lat' dir='ltr'>seri</span> <span class='ocrx_word' id='word_1_315' title='bbox 695 2805 790 2840; x_wconf 61' lang='lat' dir='ltr'>etc:</span> <span class='ocrx_word' id='word_1_316' title='bbox 817 2816 847 2840; x_wconf 91' lang='lat' dir='ltr'>v.</span> <span class='ocrx_word' id='word_1_317' title='bbox 876 2804 971 2841; x_wconf 80' lang='lat' dir='ltr'>Flor.</span> <span class='ocrx_word' id='word_1_318' title='bbox 997 2805 1036 2842; x_wconf 85' lang='lat' dir='ltr'>ii.</span> <span class='ocrx_word' id='word_1_319' title='bbox 1063 2807 1108 2841; x_wconf 91' lang='lat'>26</span> <span class='ocrx_word' id='word_1_320' title='bbox 1127 2805 1190 2851; x_wconf 89' lang='lat' dir='ltr'>(iv.</span> <span class='ocrx_word' id='word_1_321' title='bbox 1216 2815 1255 2841; x_wconf 83' lang='lat'>12</span> <span class='ocrx_word' id='word_1_322' title='bbox 1283 2804 1324 2852; x_wconf 56' lang='grc' dir='ltr'>ἕξ</span> <span class='ocrx_word' id='word_1_323' title='bbox 1357 2815 1408 2851; x_wconf 85' lang='grc'>13,</span> <span class='ocrx_word' id='word_1_324' title='bbox 1431 2808 1512 2852; x_wconf 85' lang='grc'>14);</span> <span class='ocrx_word' id='word_1_325' title='bbox 1539 2806 1603 2843; x_wconf 80' lang='lat' dir='ltr'>sed</span> <span class='ocrx_word' id='word_1_326' title='bbox 1628 2805 1726 2843; x_wconf 89' lang='lat' dir='ltr'>nihil</span> <span class='ocrx_word' id='word_1_327' title='bbox 1750 2805 1854 2854; x_wconf 80' lang='lat' dir='ltr'>apud</span> 
     </span>
     <span class='ocr_line' id='line_1_46' title="bbox 382 2850 1213 2900; baseline 0.002 -13"><span class='ocrx_word' id='word_1_328' title='bbox 382 2850 536 2887; x_wconf 84' lang='lat' dir='ltr'>Florum</span> <span class='ocrx_word' id='word_1_329' title='bbox 554 2851 599 2888; x_wconf 87' lang='lat' dir='ltr'>dc</span> <span class='ocrx_word' id='word_1_330' title='bbox 619 2850 833 2888; x_wconf 75' lang='lat' dir='ltr'>Moesorum</span> <span class='ocrx_word' id='word_1_331' title='bbox 851 2851 1055 2900; x_wconf 75' lang='lat' dir='ltr'>disciplina</span> <span class='ocrx_word' id='word_1_332' title='bbox 1071 2852 1213 2890; x_wconf 84' lang='lat' dir='ltr'>inveni.</span> 
     </span>
    </p>
   </div>
   <div class='ocr_carea' id='block_1_17' title="bbox 491 2935 535 2967">
    <p class='ocr_par' dir='ltr' id='par_1_18' title="bbox 491 2935 535 2967">
     <span class='ocr_line' id='line_1_47' title="bbox 491 2935 535 2967; baseline 0 -10"><span class='ocrx_word' id='word_1_333' title='bbox 491 2935 535 2967; x_wconf 81' lang='lat'>40</span> 
     </span>
    </p>
   </div>
  </div>
 </body>
</html>
