1988 3250
240 231 325 279 632
345 239 371 270 c
465 287 468 290 Ι
708 228 968 273 IOANNIS
1008 227 1524 272 SARESBERIENSIS
1671 225 1850 287 [navt

383 352 603 392 exornant
636 351 683 392 et
714 348 908 392 familias
942 347 1299 391 numerosissime
1336 349 1607 405 comparant.
1681 347 1769 391 Sed
1803 347 1852 389 in

382 419 482 462 istis
510 419 727 469 omnibus,
746 418 795 460 in
823 420 953 461 tanta
979 417 1207 460 affluentia
1233 432 1381 460 rerum
1408 417 1545 460 nichil
1570 419 1637 460 est
1657 418 1852 474 praetera

382 502 518 545 quam
552 488 757 531 dominus
790 487 884 545 ipse
923 487 1192 544 pudendum.
1263 486 1358 530 Nec
1396 487 1561 529 iniuria
1573 501 1583 540 ;
1627 486 1854 530 cumulata

384 558 503 600 enim
538 557 706 600 habent
744 571 858 614 quae
896 557 1049 600 sedulo
1087 556 1330 613 percolunt,
1370 556 1455 613 ipsi
1495 559 1645 599 autem
1685 554 1853 599 sordidi

382 627 550 671 indocti
569 626 813 683 incultique
833 626 1119 670 circumeunt.
1177 625 1326 683 Igitur
1343 625 1443 668 illas
1469 625 1646 683 species,
1668 625 1716 667 in
1743 639 1854 682 quas
1873 630 1892 674 5

382 697 652 754 patrimonia
671 711 752 739 sua
771 695 1079 753 profuderunt,
1099 694 1403 738 amenissimas
1430 697 1475 737 et
1501 694 1854 738 extructissimas

383 768 431 809 et
449 765 753 809 ornatissimas
769 764 1083 822 deprehendas,
1103 764 1236 807 uillas
1256 764 1424 806 emulas
1443 764 1623 806 urbium
1642 763 1855 814 conditas,

382 835 537 879 domos
555 835 653 878 uice
679 834 946 892 templorum
972 835 1222 888 exornatas,
1250 832 1445 876 familias
1475 832 1857 876 numerosissimas

384 907 431 948 et
459 904 794 954 calamistratas,
823 903 1052 960 opiparam
1082 902 1412 959 supellectilem,
1441 903 1590 946 omnia
1617 901 1856 952 affluentia,

337 976 368 1017 d
384 974 534 1018 omnia
553 973 792 1031 opulentia,
811 972 961 1016 omnia
979 975 1138 1015 ornata
1159 974 1337 1028 praeter
1359 971 1505 1029 ipsum
1529 971 1759 1015 dominum
1778 970 1856 1028 qui
1876 986 1920 1013 10

385 1044 506 1087 solus
525 1043 703 1086 Tantali
731 1043 828 1086 uice
855 1042 902 1084 in
930 1041 1022 1084 suis
1051 1041 1224 1084 diuitiis
1251 1041 1379 1098 inops
1409 1055 1542 1098 egens
1569 1055 1739 1098 pauper
1765 1054 1857 1084 non

386 1113 565 1170 quidem
584 1112 796 1155 fluentem
825 1111 952 1154 illum
982 1110 1228 1168 fugitiuum
1257 1113 1409 1167 captat
1437 1112 1484 1154 et
1513 1109 1685 1154 fallacis
1711 1109 1858 1154 undae

386 1183 509 1226 sitim
549 1182 626 1225 sed
664 1196 797 1224 uerae
836 1180 1138 1230 beatitudinis,
1178 1180 1225 1223 id
1271 1183 1340 1223 est
1385 1180 1603 1223 secundae
1642 1180 1765 1223 uitae
1810 1182 1859 1223 et

385 1251 651 1310 prudentiae
685 1250 1076 1301 fortunatissimae,
1111 1250 1210 1293 sitit
1244 1253 1291 1293 et
1329 1250 1480 1294 esurit.
1551 1249 1727 1307 Quippe
1766 1263 1856 1293 non

385 1321 599 1379 intelligit
617 1335 756 1377 aeque
775 1320 939 1363 diuites
968 1320 1157 1377 spectari
1187 1319 1326 1363 solere
1355 1323 1408 1363 ut
1434 1334 1569 1377 equos
1595 1333 1855 1363 mercamur.
1876 1332 1918 1369 15

385 1391 543 1448 Neque
563 1391 681 1434 enim
701 1390 749 1432 in
769 1389 965 1433 emendis
979 1390 1104 1446 equis
1125 1389 1287 1432 faleras
1306 1389 1635 1433 consideramus
1655 1391 1700 1432 et
1719 1388 1857 1432 baltei

384 1460 599 1519 polimina
627 1459 886 1517 inspicimus
911 1461 957 1502 et
987 1459 1294 1502 ornatissimae
1323 1459 1507 1502 ceruicis
1539 1458 1722 1501 diuitias
1756 1473 1858 1502 con-

384 1529 663 1587 templamur,
705 1529 742 1572 si
783 1543 840 1572 ex
884 1542 993 1571 auro
1037 1530 1083 1571 et
1133 1530 1320 1586 argento
1359 1530 1405 1571 et
1449 1527 1636 1585 gemmis
1675 1527 1859 1571 monilia

385 1599 537 1642 uariae
563 1613 698 1657 gazae
725 1597 987 1655 dependent,
1007 1597 1045 1640 si
1072 1597 1203 1654 plena
1227 1597 1338 1640 artis
1364 1599 1626 1640 ornamenta
1648 1597 1784 1654 capiti
1812 1599 1859 1640 et

384 1668 496 1712 collo
534 1667 857 1720 circumiacent,
896 1667 935 1710 si
975 1666 1104 1710 frena
1136 1666 1292 1719 celata,
1325 1667 1362 1710 si
1403 1666 1582 1724 epiphia
1617 1666 1782 1718 fucata,
1817 1666 1855 1710 si
1877 1684 1922 1708 πο

386 1738 564 1796 singula
589 1740 748 1781 aurata
772 1739 901 1789 sunt;
936 1736 1012 1779 sed
1041 1736 1139 1779 istis
1164 1736 1369 1779 omnibus
1402 1736 1577 1779 exuuiis
1597 1736 1791 1779 amolitis
1811 1738 1859 1780 et

240 1811 322 1859 633
341 1818 371 1848 a
387 1807 548 1851 amotis
567 1821 730 1864 equum
745 1806 890 1863 ipsum
910 1805 1081 1848 nudum
1101 1807 1147 1848 et
1166 1805 1307 1848 solum
1321 1819 1478 1862 corpus
1493 1805 1587 1848 eius
1603 1808 1648 1848 et
1660 1805 1859 1848 animum

388 1876 750 1933 contemplamur,
781 1877 834 1918 ut
864 1874 925 1918 sit
958 1874 1016 1917 ad
1055 1874 1244 1932 speciem
1277 1874 1500 1930 honestus,
1532 1874 1590 1917 ad
1628 1890 1859 1918 cursuram

388 1948 575 2004 uegetus
605 1948 651 1989 et
675 1945 733 1988 ad
763 1947 991 1988 uecturam
1018 1944 1219 1997 ualidus;
1263 1944 1352 1987 iam
1379 1945 1574 2002 primum
1601 1945 1648 1987 in
1677 1959 1858 2003 corpore

389 2016 428 2060 ei
453 2016 514 2059 sit
1876 2030 1894 2055 a

563 2075 774 2130 argutum
805 2074 952 2129 caput,
982 2071 1130 2115 breuis
1160 2071 1301 2123 aluus,
1331 2071 1549 2129 obesaque
1579 2075 1719 2129 terga,
1900 2029 1920 2064 ⁵

564 2131 851 2187 luxuriatque
881 2130 1022 2173 thoris
1051 2130 1298 2173 animosum
1328 2134 1482 2187 pectus
1511 2130 1732 2184 honestis;

390 2226 621 2282 praeterea
654 2221 692 2265 si
727 2221 893 2279 duplex
927 2221 1079 2279 agitur
1113 2236 1192 2279 per
1226 2221 1399 2264 lumbos
1434 2221 1562 2278 spina
1594 2222 1712 2277 (uolo
1742 2223 1860 2266 enim

391 2306 480 2335 non
515 2291 646 2334 modo
680 2290 928 2348 perniciter,
957 2305 1114 2333 uerum
1146 2291 1282 2334 etiam
1313 2290 1586 2348 permolliter
1614 2292 1859 2349 peruehat).

393 2361 611 2405 Similiter
637 2361 778 2418 igitur
817 2363 862 2403 et
896 2360 943 2402 in
979 2360 1232 2403 hominibus
1267 2359 1617 2417 contemplandis
1651 2361 1742 2404 noli
1783 2362 1861 2407 illa
1879 2371 1923 2406 30

393 2430 539 2474 aliena
581 2430 787 2473 estimare
826 2429 902 2473 sed
943 2430 1087 2487 ipsum
1128 2429 1349 2472 hominem
1389 2429 1567 2487 penitus
1610 2431 1861 2487 considera;

390 2499 550 2557 ipsum,
582 2503 634 2542 ut
673 2513 819 2542 meum
861 2498 1098 2549 Socratem,
1139 2513 1376 2556 pauperem
1427 2502 1622 2557 expecta.
1702 2501 1864 2547 Aliena

396 2622 415 2660 5
443 2612 639 2667 circueunt
657 2613 690 2647 A
754 2611 861 2695 quas)
879 2624 950 2658 quc
970 2611 1114 2648 CBAS:
1142 2623 1237 2658 quae
1256 2612 1294 2647 M
1391 2659 1399 2666 ·
1419 2621 1471 2653 ιι,
1492 2622 1531 2648 12
1552 2612 1705 2659 quidem
1721 2626 1796 2652 non
1814 2616 1861 2652 A¹

399 2662 442 2698 16
466 2659 611 2697 balthei
631 2660 661 2695 A
769 2671 816 2696 20
858 2663 991 2697 uocata
1007 2659 1104 2696 CSM
1202 2670 1242 2696 21
1271 2659 1333 2695 sed
1370 2671 1401 2695 nl
1419 2659 1514 2695 CBA
1612 2662 1657 2697 26
1683 2663 1808 2711 capud
1824 2664 1855 2700 A

395 2710 440 2745 28
466 2719 534 2755 per
551 2707 695 2744 lumbo·
712 2707 840 2754 agitur
856 2708 900 2744 Αι
1045 2718 1093 2754 3ο
1116 2706 1334 2744 hominibus
1368 2707 1546 2744 omnibus
1563 2707 1601 2745 S¹

442 2829 464 2863 4
489 2819 647 2853 mnudi:
673 2819 814 2854 horridi
832 2817 943 2864 Apul.
1108 2827 1149 2862 14
1175 2819 1251 2853 sitit
1269 2822 1299 2852 et
1317 2820 1448 2853 esum't:
1474 2821 1585 2854 esurit
1607 2824 1638 2854 et
1654 2820 1731 2854 ev'to't
1748 2818 1860 2866 Apul.

395 2875 442 2904 20
458 2867 625 2912 epo'phiaz
651 2865 675 2902 i.
688 2877 719 2902 e.
737 2865 932 2913 ephippia.
1013 2866 1058 2903 26
1076 2870 1245 2911 amatum
1262 2867 1332 2903 etc.
1349 2878 1357 2902 ε
1384 2865 1492 2913 Verg.
1515 2867 1639 2912 Georq.
1658 2865 1712 2902 iii.
1731 2869 1787 2912 80,
1804 2867 1863 2905 81.

506 2938 549 2981 8⁴
