1988 3250
166 223 264 257 off.
278 209 328 270 v]
683 193 1122 252 PomoRA'nc‘vs
1652 207 1736 256 64⁵
1755 217 1785 247 a

165 330 359 375 creditus
389 331 457 372 est
485 327 689 371 didicisse
719 325 897 369 oracula
925 325 1254 382 prophetarum.
1326 325 1454 368 Vnde
1484 339 1638 367 rursus

165 400 214 443 in
248 398 458 442 Ithaliam
494 396 627 440 rediit
662 398 708 438 et
738 395 1052 451 Pithagoreum
1084 394 1375 436 Tarentinum
1404 395 1636 436 Architam

165 471 342 512 secutus
376 469 470 519 est;
511 468 645 522 atque
685 464 742 507 ad
774 463 921 514 Indos,
953 462 1116 512 Medos,
1150 463 1304 520 Magos
1336 463 1534 504 animum
1570 464 1637 505 in-

165 537 390 587 tendisset,
433 535 519 577 nisi
560 549 660 577 eum
707 532 941 590 procedere
981 532 1231 574 uetuissent
1270 531 1386 574 bella
1427 531 1635 576 Caletica.

127 625 147 660 5
166 607 446 664 Quapropter
465 604 651 646 inuenta
672 601 960 644 Parmenidae
981 604 1027 643 et
1047 601 1236 643 Zenonis
1257 601 1516 658 diligentius
1537 616 1637 644 exe-

163 678 305 726 cutus,
332 688 444 731 quae
474 672 593 730 apud
623 686 807 728 magnos
830 671 1115 728 philosophos
1145 670 1429 713 admirationi
1458 669 1638 713 fuerant

164 744 350 803 singula,
363 744 411 787 in
425 743 551 786 libris
575 742 668 785 suis
688 741 865 798 collegit
885 740 1105 791 uniuersa,
1118 740 1278 784 docens
1298 740 1468 797 primus
1489 740 1639 783 studia

162 813 466 874 philosophiae
504 827 594 855 non
633 811 762 854 modo
801 825 891 853 non
930 825 1023 853 esse
1067 810 1290 853 contraria
1330 810 1407 852 sed
1447 810 1638 852 inuicem

163 883 408 939 necessaria
427 882 525 932 sibi,
546 896 597 924 eo
618 881 735 938 quod
756 880 926 923 mutuis
947 879 1128 922 auxiliis
1148 880 1359 922 uniuersa
1378 879 1638 922 consistunt.

104 971 147 999 ιο
165 953 298 997 Multi
318 952 572 995 auditorum
594 950 688 993 eius
704 949 938 1006 utriusque
957 963 1091 992 sexus
1111 949 1158 991 in
1180 947 1460 1005 philosophia
1479 948 1637 991 florue-

163 1024 284 1066 nmt.
358 1019 680 1064 Patrimonium
721 1018 768 1060 in
809 1018 967 1068 ortulo,
1000 1018 1076 1075 qui
1122 1017 1418 1060 Achademiae
1459 1017 1638 1060 iunctus

163 1093 271 1142 erat,
297 1091 345 1133 in
376 1090 549 1133 duobus
580 1088 796 1131 ministris
831 1091 877 1130 et
911 1090 1077 1145 patera,
1107 1101 1196 1144 qua
1228 1087 1315 1129 diis
1345 1086 1638 1144 supplicabat,
1654 1092 1683 1130 b

163 1160 356 1218 reliquit.
435 1158 549 1202 Auri
603 1160 781 1201 tantum
821 1156 981 1199 habuit
1020 1159 1238 1213 quantum
1288 1170 1400 1213 puer
1438 1155 1638 1199 auricula

163 1231 419 1288 gestauerat
452 1228 499 1271 in
529 1226 777 1270 nobilitatis
807 1226 993 1283 insigne.
1060 1225 1167 1268 Tres
1197 1225 1418 1268 aduentus
1450 1225 1545 1268 eius
1579 1225 1636 1268 ad

106 1315 146 1350 15
165 1298 361 1342 Siciliam
381 1297 487 1340 mali
513 1296 700 1340 diuersis
727 1295 1010 1352 opinionibus
1037 1298 1239 1352 carpunt.
1300 1294 1387 1338 Sed
1415 1295 1558 1352 primo
1586 1298 1638 1336 ut

114 1395 118 1398 -
163 1367 395 1412 historiam
429 1370 617 1410 naturae
652 1367 850 1409 cerneret
882 1365 930 1407 in
967 1364 1116 1407 Ethna
1158 1368 1203 1408 et
1234 1364 1538 1408 incendiorum
1569 1364 1636 1407 in·

164 1437 385 1495 telligeret
425 1436 655 1487 rationem,
695 1434 799 1478 illuc
841 1433 1068 1492 profectus
1115 1437 1209 1486 est;
1258 1434 1450 1477 secundo
1491 1434 1636 1491 petitu

164 1506 354 1552 Dionisii
386 1508 439 1548 ut
472 1504 748 1548 Siracusanis
783 1503 1019 1546 adsisteret
1050 1506 1096 1546 et
1130 1506 1183 1546 ut
1216 1503 1506 1560 municipales
1538 1518 1636 1560 pro·

165 1576 338 1620 uinciae
367 1574 488 1618 illius
517 1574 706 1617 disceret
737 1573 883 1630 leges;
918 1573 1052 1616 tertio
1085 1575 1137 1615 ut
1170 1572 1416 1630 fugientem
1448 1572 1636 1615 Dionem

105 1659 150 1686 το
167 1646 421 1691 restitueret
449 1644 621 1702 patriae
651 1657 756 1686 suae
787 1643 919 1685 uenia
948 1657 975 1685 a
1006 1642 1207 1685 Dionisio
1237 1642 1486 1699 impetrata.
1547 1642 1636 1684 Sed

166 1716 214 1760 in
234 1716 304 1759 his
323 1714 528 1759 omnibus
554 1713 664 1756 adeo
684 1712 874 1770 diligens
895 1712 1050 1755 extitit
1070 1715 1122 1754 ut
1148 1727 1175 1754 a
1202 1712 1364 1755 studiis
1383 1715 1463 1754 aut
1483 1711 1637 1754 officiis

164 1784 466 1846 philosophiae
486 1783 609 1826 nullo
624 1796 835 1839 umquam
853 1785 1050 1839 tempore
1067 1781 1422 1839 suspenderetur.
1464 1781 1636 1838 Itaque,

163 1869 264 1900 cum
299 1854 497 1898 studium
534 1852 838 1910 philosophiae
877 1851 1043 1908 partim
1075 1852 1122 1893 in
1163 1851 1347 1901 actione,
1381 1850 1546 1908 partim
1588 1851 1635 1892 in

165 1923 535 1982 contemplatione
555 1924 770 1970 uersetur‚
798 1921 1003 1964 Socrates
1032 1921 1227 1964 actiuam
1255 1920 1465 1970 exercuit,
1492 1934 1635 1963 mores

107 2009 150 2044 ²⁵
166 1993 404 2036 instituens
424 1992 584 2050 quibus
604 1991 796 2034 fideliter
816 1991 872 2033 ad
896 1990 1216 2033 beatitudinem
1233 1989 1329 2032 uita
1345 1989 1634 2046 transigitur3

166 2063 427 2120 Pithagoras
465 2061 836 2119 contemplatiuae
875 2060 1044 2103 institit
1092 2075 1172 2117 per
1221 2074 1354 2116 quam
1403 2060 1631 2116 ingenium
1651 2070 1676 2100 c

165 2134 394 2181 exercetur
413 2135 458 2175 et
486 2135 760 2189 propagatur
785 2130 994 2182 scientia3
1027 2129 1212 2187 proinde
1240 2129 1367 2172 Plato
1396 2132 1633 2186 utramque

165 2200 387 2259 iungendo
406 2200 536 2244 alteri
566 2199 890 2258 philosophiam
918 2198 1152 2256 perfecisse
1179 2198 1399 2249 laudatur,
1421 2213 1554 2255 quam
1585 2198 1632 2241 in

165 2333 187 2361 2
210 2323 359 2361 italiam
375 2322 492 2359 AS²M
628 2330 660 2368 5,
677 2322 700 2358 6
726 2322 936 2366 exequutus
953 2319 977 2355 S
1111 2320 1135 2356 6
1159 2318 1414 2366 phylosophos
1435 2318 1475 2354 Μ
1611 2321 1632 2356 8

164 2370 436 2454 ΡΙιῚΙΟΒοῗέιιιε
454 2370 495 2406 Μ
650 2370 693 2406 16
718 2368 925 2415 hystoriam
943 2367 1038 2403 BM:
1063 2367 1236 2404 istoriam
1255 2365 1279 2403 S
1432 2377 1476 2403 22
1502 2366 1633 2413 phylo·

165 2418 320 2466 sophias
517 2418 563 2454 28
589 2415 880 2463 phylosophiam
898 2415 937 2450 Μ
1081 2414 1212 2462 quam]
1230 2415 1321 2461 quia
1337 2414 1378 2450 Μ

215 2530 231 2557 1
259 2521 427 2556 omcula:
468 2521 562 2555 ritus
599 2518 716 2554 habet
755 2515 962 2564 Apuleimz
1001 2515 1108 2552 cuius
1138 2515 1251 2551 verba
1288 2514 1375 2551 ideo
1412 2514 1633 2551 immutavit

167 2567 328 2604 Ioannes
344 2568 483 2612 noster,
500 2577 573 2612 quo
591 2566 636 2602 de
654 2565 914 2602 Hebraeorum
931 2563 1137 2618 Scripturis
1153 2562 1268 2599 sacris
1284 2562 1436 2599 facilius
1454 2562 1632 2609 intellegi

166 2616 345 2662 possent;
372 2614 415 2651 cf.
435 2614 529 2660 Aug.
547 2615 590 2650 de
609 2614 646 2648 Ο.
666 2614 712 2649 D.
731 2611 809 2649 viii.
833 2621 885 2648 11.
934 2610 1185 2648 Vensimilius
1200 2612 1330 2647 tamen
1348 2613 1406 2647 est
1425 2609 1631 2656 Apuleium

167 2661 216 2698 ad
247 2660 451 2715 prophetas
480 2660 685 2743 Aefyptios
717 2658 931 2713 respexisse,
950 2658 998 2695 de
1030 2658 1167 2704 quibus
1199 2658 1366 2712 conferre
1400 2657 1491 2694 licet
1517 2657 1629 2704 Diog.

166 2709 295 2745 Laert.
310 2707 366 2744 ιιι.
393 2710 424 2751 8,
448 2707 534 2754 Apu
552 2735 560 2744 .
586 2709 732 2744 Metam.
757 2718 796 2742 ιι.
822 2709 880 2750 28,
905 2705 1071 2742 Macrob.
1099 2707 1174 2742 Sat.
1197 2705 1262 2740 vii.
1284 2716 1325 2750 13
1353 2705 1371 2751 ξ
1399 2715 1430 2750 9,
1458 2704 1629 2741 Chalcid.

171 2757 303 2792 Comm.
315 2757 355 2791 in
365 2756 420 2791 Pl.
436 2756 569 2791 Time.
590 2765 631 2790 12
637 2763 667 2800 5.
777 2764 797 2799 3
822 2755 966 2789 Medos:
993 2753 1189 2789 Medorum
1202 2752 1435 2789 mentionem
1446 2764 1522 2788 non
1535 2752 1631 2788 facit

167 2802 358 2848 Apuleius.
480 2813 524 2838 ιο
547 2803 658 2837 Multi
673 2803 881 2837 auditorum
898 2802 969 2837 etc.
989 2812 1105 2846 usque
1122 2800 1169 2836 ad
1187 2802 1381 2846 impetrata
1402 2806 1409 2835 c
1416 2801 1461 2843 64
1467 2809 1484 2845 5
1501 2800 1542 2843 Β)
1559 2813 1566 2835 :
1594 2812 1628 2835 v.

167 2849 279 2896 Apul.
292 2851 335 2886 de
349 2851 474 2895 Doqm.
484 2850 577 2885 Plat.
589 2848 613 2884 i.
628 2859 662 2893 4.
717 2858 774 2894 22,
785 2858 831 2894 23
842 2850 978 2895 ltaque,
989 2860 1069 2884 cum
1079 2849 1168 2884 etc:
1181 2859 1212 2883 v.
1223 2847 1317 2894 Aug.
1334 2849 1377 2882 de
1393 2848 1430 2883 C.
1448 2849 1495 2883 D.
1510 2847 1586 2883 viii.
1597 2858 1630 2892 4.

1457 2925 1520 2962 ¹07
