1988 3250
231 184 313 234 726
334 184 365 223 b
711 183 972 227 IOANNIS
1012 181 1527 227 SARESBERIENSIS
1628 183 1738 240 [ΜΒ.
1756 188 1848 226 VIII

385 303 605 347 barbariei
625 303 751 346 uitiis
771 303 1038 347 familiarius
1065 304 1125 347 sit
1151 319 1284 360 quam
1310 303 1431 346 uitae
1451 303 1601 356 ciuili;
1632 302 1850 359 siquidem

385 373 691 417 conuiuiorum
710 373 909 416 ciuilium
929 373 1044 417 ratio
1071 373 1216 416 media
1240 376 1318 423 est,
1339 376 1392 416 ut
1412 373 1546 415 etiam
1567 372 1851 415 sobrietatem

387 443 607 486 exhilaret
626 445 672 485 et
691 442 738 484 in
759 442 965 485 satietate
984 443 1211 499 opulentia
1232 442 1457 499 crapulam
1482 442 1607 484 uitet.
1667 440 1787 483 Nam
1806 442 1853 483 et

388 511 708 555 abundantiam
740 512 827 555 cibi
867 514 912 555 et
950 515 1082 568 potus
1113 512 1249 554 habet
1285 515 1342 563 et,
1375 511 1501 567 quasi
1530 510 1682 568 copiae
1715 519 1852 554 cornu

388 582 659 639 dispensans,
687 581 837 624 omnia
871 581 934 624 sio
967 581 1111 638 parcit
1145 584 1198 624 ut
1232 581 1445 633 effundat,
1480 580 1542 623 sic
1582 579 1772 622 effundit
1800 582 1854 622 ut
1872 593 1891 627 5

388 653 553 708 parcat,
587 653 634 693 et
672 664 806 707 quam
845 650 980 693 habet
1019 664 1153 706 penes
1193 665 1238 693 se
1279 650 1497 692 rationem
1536 664 1627 692 non
1665 648 1855 706 negligit

389 719 580 776 quidem,
599 719 687 770 sed,
703 722 756 761 ut
775 719 840 761 ait
858 719 1166 769 Portunianus‚
1183 719 1291 762 fides
1312 719 1529 762 rationem
1549 733 1638 761 non
1659 718 1855 760 ostentat

347 803 374 833 c
390 788 626 845 impensae.
699 787 850 830 Nichil
890 788 1007 830 enim
1048 788 1275 830 molestius
1314 791 1382 830 est
1421 802 1555 844 quam
1594 787 1633 830 si
1671 785 1855 829 triclinii

390 857 566 914 praesul
597 857 646 899 in
677 857 882 900 conuiuio
917 857 1067 900 sedere
1098 858 1306 900 uideatur
1339 857 1397 900 ad
1431 857 1661 900 calculum.
1726 854 1855 898 Vnde

390 941 480 969 non
505 926 614 969 satis
634 926 767 969 michi
786 926 998 969 uidentur
1017 941 1110 970 esse
1134 927 1286 970 ciuiles
1311 926 1492 983 quidam
1513 926 1567 969 de
1588 925 1855 968 liberalitate
1875 939 1918 966 ιο

389 996 542 1053 inepta
572 995 860 1053 gloriantium
893 996 969 1052 qui
1001 996 1188 1053 singulis
1222 996 1426 1039 noctibus
1458 1010 1559 1039 cum
1591 994 1732 1038 seruis
1763 993 1857 1037 suis

389 1065 606 1108 calculum
627 1067 799 1121 ponunt
826 1068 871 1107 et
898 1065 1015 1121 quod
1036 1065 1290 1108 effuderunt
1313 1080 1397 1108 usu
1425 1065 1497 1107 uel
1528 1065 1670 1107 abusu
1697 1063 1857 1106 diurno

391 1134 517 1191 quasi
548 1133 777 1176 nocturnis
808 1133 1000 1177 lacrimis
1034 1134 1210 1179 deflent.
1269 1134 1572 1177 Suboriuntur
1599 1133 1712 1184 lites,
1739 1146 1857 1176 acce-

390 1203 506 1246 dunt
531 1203 688 1253 minae,
713 1206 966 1260 arguuntur
990 1206 1071 1246 aut
1101 1203 1213 1247 furti
1243 1208 1323 1247 aut
1353 1203 1634 1260 insipientiae
1663 1202 1782 1245 serui
1812 1203 1858 1244 et

390 1272 517 1328 quasi
548 1287 594 1314 re
625 1272 738 1314 male
767 1272 1079 1315 administrata
1107 1273 1329 1316 eiciuntur
1358 1276 1405 1316 et
1431 1274 1698 1330 torquentur
1720 1271 1856 1314 inter·
1877 1290 1923 1324 15-

390 1341 509 1391 dum,
530 1341 792 1398 quandoque
820 1342 937 1398 quod
964 1342 1186 1385 effundere
1213 1342 1321 1385 iussi
1351 1345 1457 1385 sunt
1484 1341 1719 1384 refundere
1742 1355 1858 1384 eom-

390 1410 643 1467 pelluntur3
673 1414 718 1454 et
738 1411 898 1454 conscii
923 1411 1165 1454 turbantur
1191 1426 1354 1464 omnes,
1375 1411 1482 1454 dum
1505 1411 1710 1454 dominus
1729 1423 1859 1467 pecu-

392 1480 512 1522 niam
545 1494 657 1536 quae
689 1480 833 1522 euasit
863 1480 1065 1536 suspiriis
1097 1483 1142 1523 et
1173 1481 1322 1523 dolore
1354 1480 1647 1538 prosequitur.
1719 1479 1860 1535 Saepe

392 1549 527 1592 etiam
560 1548 710 1591 euenit
747 1553 800 1592 ut
835 1549 911 1606 qui
944 1550 1001 1592 ad
1041 1550 1255 1606 requisita
1294 1553 1481 1593 naturae
1520 1550 1745 1607 ingressus
1779 1551 1859 1600 est,

345 1630 375 1671 d
393 1618 568 1668 ibidem,
604 1633 691 1675 quo
730 1619 997 1661 uerecundia
1036 1619 1279 1662 humanum
1320 1618 1441 1676 fugit
1479 1621 1717 1675 aspectum,
1757 1632 1857 1661 cum
1879 1639 1923 1664 20

393 1687 610 1730 ministris
630 1687 956 1730 exactissimam
981 1692 1241 1745 sumptuum
1269 1688 1431 1732 habeat
1461 1688 1705 1739 rationem3
1741 1690 1860 1730 recte

393 1756 584 1813 quidem,
614 1756 720 1813 quia
754 1756 903 1800 nullus
943 1757 1063 1800 locus
1098 1757 1344 1801 tractandis
1384 1757 1587 1800 sordibus
1623 1757 1686 1800 eis
1717 1756 1861 1814 magis

392 1826 573 1869 uidetur
591 1826 907 1869 accommodus.
967 1826 1084 1869 Sane
1104 1842 1193 1870 non
1214 1827 1331 1884 quod
1353 1827 1579 1870 sordidum
1601 1826 1803 1876 dixerim,
1823 1825 1861 1868 si

393 1894 583 1952 diligens
603 1894 924 1952 paterfamilias
951 1895 996 1937 id
1021 1896 1116 1953 agit
1137 1898 1188 1938 ut
1208 1896 1248 1939 ei
1270 1896 1384 1939 ratio
1412 1899 1584 1939 constet
1610 1895 1861 1953 impensae3

394 1964 432 2007 si
454 1967 603 2006 tamen
624 1964 705 2007 hoc
726 1963 890 2021 gradus
911 1967 990 2007 aut
1010 1965 1205 2022 dignitas
1222 1980 1434 2022 personae
1448 1980 1538 2008 non
1553 1965 1724 2008 adimit.
1773 1963 1861 2008 Sed
1882 1988 1924 2024 ²5

395 2033 443 2076 in
465 2048 516 2076 eo
536 2033 678 2076 uitam
708 2037 850 2076 terere
879 2037 924 2076 et
951 2037 1047 2077 tota
1073 2038 1221 2077 mente
1249 2035 1417 2078 uersari
1447 2037 1493 2078 et
1519 2035 1581 2078 sic
1608 2034 1786 2091 quidem
1810 2036 1864 2077 ut

394 2102 510 2146 alius
536 2102 596 2145 sit
626 2106 672 2145 et
700 2102 815 2145 alius
840 2102 1058 2153 uideatur,
1078 2118 1357 2160 nequaquam
1385 2103 1579 2146 arbitror
1605 2118 1632 2146 a
1661 2103 1865 2146 sordibus

396 2172 604 2215 alienum.
681 2171 739 2215 Et
782 2172 960 2229 quidem
999 2173 1305 2216 conuiuiorum
1354 2173 1554 2216 ciuilium
1603 2176 1717 2216 teste
1759 2173 1864 2216 Por-

397 2241 584 2285 tuniano
604 2241 758 2299 regula
778 2244 845 2284 est
865 2245 917 2285 ut
937 2242 1007 2285 his
1027 2242 1267 2300 plurimum
1289 2257 1369 2300 pro
1389 2257 1510 2285 more
1525 2242 1865 2300 condegentium

397 2357 420 2391 ⁴
445 2345 745 2382 habundantiam
763 2344 878 2382 A'SM
1035 2354 1055 2391 7
1081 2346 1174 2383 fides
1191 2358 1257 2382 om.
1276 2346 1300 2382 S
1464 2355 1502 2393 ις
1529 2345 1809 2383 amministrata
1825 2345 1866 2383 M

398 2404 446 2430 20
469 2393 571 2440 fugit
589 2393 795 2429 humanum
813 2395 1008 2441 aspectum
1026 2393 1099 2429 AM
1223 2403 1267 2439 23
1292 2394 1535 2430 acommodus
1553 2393 1592 2430 0¹
1608 2406 1617 2430 t
1642 2394 1867 2431 aceomodus

399 2440 535 2477 AS'M:
559 2440 760 2477 acomodus
777 2441 819 2478 8²
959 2450 1003 2487 27
1028 2452 1051 2478 a
1068 2439 1240 2478 sordibus
1256 2440 1423 2478 arbitror
1439 2440 1486 2476 A¹

449 2552 469 2586 7
496 2544 770 2579 Portum'anue:
794 2542 864 2579 i.e.
899 2542 955 2586 (ut
983 2540 1079 2578 vidit
1107 2540 1473 2578 Schaarnchmidtius
1502 2542 1578 2577 Ioh.
1610 2542 1725 2578 Sam.
1754 2552 1790 2588 p.
1821 2550 1863 2588 91

401 2603 438 2627 n.
467 2591 505 2636 2)
534 2590 809 2644 Postumianum,
839 2588 904 2644 qui
935 2588 974 2625 in
1001 2588 1181 2643 Macrobii
1211 2590 1470 2625 Saturnalibus
1498 2588 1612 2643 Decio
1638 2587 1868 2643 adolescenti

402 2646 535 2674 narrat
551 2649 647 2720 Ἥκω
667 2649 704 2673 in
723 2637 892 2674 convivio
905 2636 1007 2683 apud
1018 2636 1186 2673 Vettium
1205 2636 1488 2673 Praetextatum
1507 2636 1598 2673 olim
1617 2635 1747 2673 habito
1764 2636 1869 2673 dicta

401 2687 519 2722 erant.
607 2696 672 2721 aec
700 2684 828 2721 omnia
849 2684 969 2731 igitur
991 2694 1036 2721 ex
1062 2682 1255 2720 Maerobio
1279 2684 1480 2730 desumpta
1506 2695 1583 2720 esse
1609 2695 1685 2720 non
1711 2682 1868 2720 dubium

400 2736 467 2769 est.
628 2743 650 2777 9
674 2734 792 2768 sedere
809 2734 857 2768 ad
879 2733 1079 2768 calculum:
1106 2743 1190 2768 cum
1216 2731 1288 2767 hac
1307 2731 1571 2768 vocabulorum
1597 2730 1867 2768 coniunctione

400 2780 447 2818 cs.
463 2778 573 2825 Vulg.
587 2779 672 2817 Act.
686 2780 783 2827 App.
797 2779 850 2815 iii.
868 2790 909 2816 10
921 2781 969 2815 ad
980 2780 1231 2826 elemosynam
1243 2780 1393 2815 sedebat.
1490 2781 1545 2821 28.
1559 2789 1606 2822 29
1623 2779 1866 2815 Por-tuniano:

402 2838 434 2863 v.
451 2838 573 2873 supra.
741 2838 786 2873 ²9
810 2828 1100 2874 wndeaento’um:
1129 2825 1208 2863 Hoc
1228 2826 1463 2872 vocabulum,
1481 2837 1553 2873 quo
1572 2824 1783 2863 Macrobius
1810 2826 1870 2874 (ut

514 2908 577 2941 ²5⁴
