1988 3250
121 247 220 281 m.
235 233 308 296 xx]
626 232 1063 278 PouoRArIovs
1599 240 1685 284 ⁷49
1705 233 1735 274 υ

118 368 199 398 nec
236 352 502 398 uerecundia
539 351 805 402 refrenabat,
842 350 957 394 asini
1001 350 1071 394 sui
1117 350 1272 393 ruditu
1312 354 1582 395 reuocatum.

120 423 275 468 Omnis
304 436 408 479 ergo
431 421 638 478 uoluptas
667 419 866 463 libidinis
894 419 1041 476 turpis
1070 422 1149 469 est,
1173 434 1226 462 ea
1255 423 1441 476 excepta
1470 435 1584 478 quae

119 494 355 535 excusatur
383 489 532 533 federe
572 488 805 546 coniugali,
834 490 880 531 et
909 487 1110 531 indultae
1139 488 1344 531 licentiae
1374 489 1584 533 beneficio

119 559 327 618 quicquid
354 557 680 602 erubescentiae
709 559 886 614 poterat
912 556 1054 599 inesse
1081 555 1323 600 abscondit.
1384 558 1511 601 Vnde
1539 561 1585 602 et

82 647 103 682 5
119 629 302 687 nuptiae
325 643 353 671 a
378 627 584 671 nubendo
611 627 698 670 dici
725 626 913 669 maiores
936 625 1231 677 tradidenmt,
1251 626 1358 683 quia
1378 627 1585 683 pudenda

119 699 338 742 humanae
361 696 635 740 infirmitatis
661 696 806 747 nubit,
827 695 874 738 id
901 697 969 738 est
989 695 1233 747 abscondit,
1252 698 1304 738 ut
1324 695 1390 738 ait
1410 695 1586 740 Nonius

119 767 364 818 Marcellus,
395 766 674 824 indulgentia
707 765 829 824 legis.
904 764 1099 808 Inoleuit
1138 764 1273 808 etiam
1312 765 1586 808 consuetudo

118 841 171 881 ut
191 851 300 894 quos
330 836 378 879 in
407 836 716 880 commercium
743 835 889 879 carnis
916 834 1134 878 Ecclesiae
1164 834 1313 892 iungit
1341 834 1585 878 auctoritas

118 905 255 965 pallio
283 905 491 949 uelentur
519 905 674 948 altaris
704 907 784 948 aut
813 904 901 948 alio
930 904 988 946 ab
1028 903 1222 947 Ecclesia
1255 903 1511 954 constituto,
1531 907 1586 946 ut

62 993 105 1019 ιο
119 975 287 1026 thorus,
327 975 404 1032 qui
457 973 636 1019 Christo
683 974 945 1018 conciliante
982 972 1270 1024 construitur,
1308 973 1369 1016 sit
1407 973 1455 1015 in
1496 973 1584 1016 fide

119 1044 348 1095 castitatis,
376 1043 636 1102 fragilitatis
665 1058 770 1087 suae
799 1043 994 1086 maculas
1022 1045 1242 1100 contegat,
1272 1045 1326 1085 ut
1354 1042 1494 1085 totius
1523 1042 1627 1085 site

118 1113 270 1172 probri
309 1116 389 1157 aut
425 1113 696 1157 confusionis
730 1112 925 1170 ignarus.
1007 1111 1329 1154 Praeferuntur
1368 1115 1414 1154 et
1454 1110 1584 1162 faces,

119 1182 344 1240 lampades
359 1185 405 1226 et
423 1182 662 1226 luminaria
679 1182 992 1231 accenduntur,
1007 1181 1112 1238 quia
1132 1181 1377 1238 genuinum
1393 1180 1584 1232 thorum,

121 1252 198 1309 qui
230 1251 376 1309 palam
411 1254 457 1295 et
489 1266 579 1294 non
613 1265 694 1294 sua
727 1254 914 1309 urgente
945 1251 1129 1293 libidine
1159 1250 1236 1293 sed
1266 1250 1453 1293 honesta
1483 1264 1585 1293 con-

63 1333 104 1370 15
122 1321 407 1364 sentientium
455 1320 686 1364 uoluntate
735 1320 962 1370 sternitur,
1006 1320 1138 1363 decus
1187 1320 1291 1363 boni
1340 1320 1587 1377 coniugalis

119 1390 327 1434 illustrat.
386 1390 504 1433 Nam
531 1393 578 1433 et
604 1390 823 1433 Ymeneus
850 1390 992 1433 lucem
1023 1393 1144 1432 amat
1171 1392 1218 1432 et
1243 1389 1388 1432 alacer
1415 1388 1585 1432 faretra

119 1475 230 1519 puer
261 1459 444 1518 Cupido,
476 1459 694 1503 furtiuam
734 1460 1001 1504 succendens
1033 1460 1269 1510 flammam,
1304 1459 1498 1502 latebras
1538 1462 1585 1502 et

119 1529 304 1588 angulos
324 1530 509 1587 quaerit.
568 1529 691 1573 Licet
721 1532 871 1573 autem
900 1530 1086 1572 honesta
1106 1530 1166 1572 sit
1196 1532 1243 1572 et
1272 1529 1397 1572 utilis
1426 1529 1586 1586 copula

119 1598 347 1650 maritalis,
385 1598 617 1657 angustiae
655 1614 789 1656 quam
828 1599 998 1643 letitiae
1038 1598 1269 1642 fecundior
1308 1602 1387 1643 est.
1462 1598 1587 1642 Parit

61 1681 106 1707 ιο
121 1667 238 1712 enim
272 1668 320 1711 in
353 1667 502 1712 dolore
536 1668 608 1712 uel
642 1668 768 1719 filios,
804 1683 884 1712 nec
916 1668 1110 1726 aliquem
1141 1668 1346 1726 producit
1386 1667 1583 1711 fructum

121 1751 251 1794 quem
298 1751 387 1780 non
432 1737 684 1781 amaritudo
731 1737 966 1795 praecedat
1015 1740 1096 1781 aut
1144 1741 1367 1794 sequatur.
1456 1738 1585 1781 Vnde

119 1805 338 1850 referente
357 1806 533 1850 Valerio
554 1807 768 1859 Socrates,
790 1808 1009 1850 humanae
1033 1807 1278 1864 sapientiae
1300 1808 1426 1864 quasi
1447 1807 1588 1864 quod-

120 1875 223 1918 dam
243 1878 450 1919 terrestre
468 1876 707 1927 oraculum,
722 1877 780 1920 ab
799 1877 1125 1921 adolescentulo
1145 1877 1336 1934 quodam
1357 1877 1585 1920 consultus

122 1947 272 1988 utrum
291 1959 476 1988 uxorem
502 1945 682 1989 duceret
708 1961 766 1989 an
794 1961 839 1990 se
869 1947 990 1990 omni
1019 1946 1303 1989 matrimonio
1329 1947 1584 1998 abstineret,
1601 1947 1631 1988 d

65 2027 106 2063 ιε
123 2013 349 2071 respondit
368 2028 480 2065 eum,
499 2017 651 2058 utrum
672 2029 822 2058 eorum
843 2014 1032 2068 fecisset,
1053 2019 1257 2059 acturum
1278 2016 1583 2073 penitentiam.

125 2082 211 2126 Hic
240 2086 297 2133 te,
325 2082 484 2140 inquit,
513 2084 716 2137 solitudo,
746 2084 819 2128 hic
847 2085 1027 2136 orbitas,
1057 2086 1130 2129 hic
1159 2086 1333 2143 generis
1362 2085 1585 2136 interitus,

122 2151 194 2194 hic
241 2151 367 2194 heres
419 2152 588 2196 alienus
639 2153 840 2210 excipiet.
919 2154 1019 2197 Illic
1057 2158 1273 2211 perpetua
1317 2155 1583 2208 sollicitudo,

123 2221 357 2264 contextus
391 2220 678 2278 querelarum,
717 2222 836 2266 dotis
875 2223 1171 2280 exprobratio,
1213 2224 1412 2266 affinium
1446 2239 1584 2282 graue

127 2353 171 2389 16
195 2352 394 2388 faretratus
409 2351 451 2388 S’
597 2356 638 2391 18
663 2353 838 2401 compula
855 2354 958 2391 OAM
1114 2365 1159 2401 23
1184 2354 1496 2393 adholescentulo
1514 2355 1585 2394 A¹=

124 2398 404 2436 adulescentulo
422 2399 447 2436 S
586 2410 630 2448 25
655 2413 741 2438 eum
757 2414 824 2438 om.
843 2401 883 2437 M
1025 2403 1071 2439 28
1097 2403 1258 2439 afinium
1276 2402 1302 2439 S

172 2526 206 2567 6,
241 2533 262 2569 7
302 2529 345 2578 uf
374 2526 427 2560 ait
457 2527 600 2563 Nonius
629 2527 842 2564 Marcellus:
884 2526 987 2565 Haec
1018 2527 1061 2564 in
1088 2528 1226 2565 nostris
1259 2527 1375 2565 Nonii
1408 2528 1584 2566 Marcelli

127 2571 404 2626 exemplaribus
429 2584 506 2609 non
533 2573 786 2620 reperiuntur.
974 2585 998 2622 9
1016 2577 1134 2622 pallio
1158 2578 1326 2611 uelantur
1347 2578 1501 2613 altaris:
1527 2576 1585 2614 De

126 2619 314 2673 velamine
330 2630 370 2654 ιιι
386 2619 530 2666 nuptiis
545 2621 684 2658 usitato
704 2621 753 2657 cf.
769 2620 917 2658 Nicolai
942 2622 971 2658 1.
999 2634 1120 2670 papae
1138 2624 1243 2669 Reap.
1264 2625 1314 2659 ad
1338 2625 1488 2669 Bulyar.
1507 2636 1543 2660 c.
1562 2635 1584 2670 3

129 2667 273 2713 (Migne
291 2668 331 2702 P.
349 2668 393 2702 L.
409 2666 505 2703 cxix.
522 2669 622 2713 980).
669 2667 723 2704 De
739 2670 853 2714 pallio
869 2669 943 2706 sive
961 2672 1066 2716 palla
1083 2672 1215 2706 altaris
1230 2670 1278 2706 cf.
1308 2671 1489 2718 Ducange
1507 2683 1535 2707 s.
1549 2684 1585 2708 v.

151 2714 380 2768 allapltam's.
581 2715 624 2751 16
653 2716 849 2752 Ymmeus:
874 2715 900 2752 i.
912 2728 943 2753 e.
963 2717 1214 2763 Hymenaeus,
1233 2718 1323 2753 deus
1340 2718 1584 2755 matrimonio

129 2760 569 2854 fiffiffi‘lffiiieffla
599 2807 662 2844 ov.
680 2763 867 2846 21232225271
899 2765 1024 2857 ἔξω
1037 2766 1584 2850 s“”⁶}'“1›²2“r310{;⁴²ff²'⁶2⁰²‹;0⁰1f·

126 2854 180 2891 iii.
202 2856 257 2891 16.
402 2865 445 2891 22
470 2835 629 2891 Socrates
644 2856 740 2893 eta:
764 2836 847 2894 Va'l.
865 2820 1042 2894 llllaxf'vii.
1061 2868 1083 2894 2
1100 2822 1178 2895 ex}
1200 2867 1231 2896 ι.
1377 2840 1385 2849 ’
1401 2839 1411 2848 .
1461 2839 1469 2849 ⁸
1573 2840 1583 2850 ·

1412 2937 1483 2974 ²9⁵
