1988 3250
155 243 259 278 oar.
274 229 365 292 ΧΠ]
687 227 1129 274 POLICRATICVS
1648 229 1738 278 605
1756 237 1788 267 a

156 350 369 395 historiae
399 349 625 393 Romanae
654 347 946 406 scriptoribus
974 347 1172 390 traditur
1200 347 1408 391 habuisse
1438 347 1634 404 quinque

157 435 306 464 rerum
336 419 553 462 bonarum
589 418 787 461 maxima
818 419 865 461 et
901 417 1163 474 praecipua3
1205 416 1324 474 quod
1358 420 1474 460 esset
1507 417 1634 460 ditis-

10 489 21 535 ἔ
155 489 307 539 simus,
329 487 448 546 quod
471 486 784 538 nobilissimus,
809 486 928 543 quod
955 485 1354 543 eloquentissimus,
1379 486 1497 542 quod
1524 486 1635 529 iuris
1654 490 1682 528 b

12 546 14 551 Ι
157 557 523 609 consultissimus,
550 555 669 613 quod
699 555 908 613 pontifex
938 556 1172 600 maximus.
1232 554 1291 606 Is,
1325 569 1427 598 cum
1457 555 1505 597 in
1534 570 1635 598 con·

118 643 140 678 5
157 627 308 672 sulatu
337 626 562 684 optineret
591 625 746 669 Asiam
776 625 1052 683 prouinciam
1084 627 1130 668 et
1159 624 1470 668 circumsidere
1501 628 1637 681 atque

156 711 414 755 oppugnare
430 695 597 739 Leucas
611 698 792 752 pararet
805 709 1004 752 opusque
1020 698 1136 738 esset
1152 695 1281 737 firma
1300 698 1436 751 atque
1455 709 1638 751 procera

157 766 284 810 trabe
319 780 408 823 qua
441 765 628 808 arietem
660 764 828 808 faceret
869 778 957 821 quo
996 764 1114 807 muri
1154 763 1447 822 opidanorum
1483 767 1637 820 quate·

156 838 325 886 rentur,
344 834 522 892 scripsit
541 833 598 877 ad
626 834 840 892 Magnum
865 833 1028 876 Gaium
1055 833 1268 876 maiorem
1294 833 1636 876 Atheniensium

157 904 375 948 sociorum
396 904 725 960 amicorumque
744 903 898 961 populi
924 903 1114 946 Romani
1142 906 1195 946 ut
1222 917 1278 946 ex
1303 903 1433 946 malis
1453 903 1638 952 duobus,

11 971 23 1020 .‘
99 990 142 1017 ιο
159 988 268 1032 quos
299 973 420 1031 apud
455 988 528 1016 eos
562 973 751 1023 uiderat,
786 975 888 1015 uter
919 972 1062 1016 maior
1095 975 1212 1016 esset
1247 972 1287 1015 ei
1323 972 1502 1015 mittere
1537 986 1639 1029 pro-

157 1046 346 1088 curaret.
401 1042 526 1086 Tunc
545 1042 738 1100 Magnus
750 1041 901 1095 Gaius,
916 1045 1142 1100 comperto
1162 1042 1448 1099 quamobrem
1470 1041 1637 1084 malum

158 1112 462 1165 desiderasset,
494 1127 596 1163 non,
630 1112 699 1155 uti
735 1112 938 1163 iusserat,
970 1112 1195 1163 maiorem,
1226 1110 1303 1155 sed
1334 1126 1465 1169 quem
1495 1110 1639 1168 magis

24 1228 26 1233 f
157 1197 252 1227 esse
295 1182 504 1226 idoneum
544 1181 851 1239 aptioremque
891 1181 1096 1225 faciendo
1135 1181 1267 1224 arieti
1307 1180 1639 1237 facilioremque

102 1282 104 1288 ι
158 1254 342 1310 portatu
367 1251 667 1303 existimabat,
697 1251 914 1294 minorem
945 1251 1079 1294 misit.
1139 1249 1328 1295 Crassus
1357 1265 1458 1294 eum
1490 1250 1640 1294 uocari

29 1326 32 1339 ¹
101 1336 142 1373 ¹5
159 1321 290 1365 iussit
310 1323 367 1371 et,
387 1335 488 1364 cum
508 1320 827 1378 interrogasset
850 1334 931 1364 cur
949 1334 1038 1364 non
1059 1334 1191 1378 quem
1218 1320 1409 1363 iusserat
1435 1320 1641 1370 misisset,

159 1390 304 1435 causis
332 1389 668 1446 rationibusque
700 1404 810 1447 quas
841 1390 1042 1433 dictabat
1071 1390 1233 1447 spretis
1267 1390 1537 1433 uestimenta
1566 1389 1639 1432 de·
1659 1398 1684 1428 c

158 1459 280 1503 trahi
325 1459 459 1502 iussit
506 1458 735 1516 uirgisque
781 1459 975 1502 multum
1021 1459 1193 1510 cecidit,
1235 1459 1459 1516 corrumpi
1506 1462 1641 1516 atque

159 1528 343 1572 dissolui
364 1531 490 1572 ratus
509 1542 638 1572 omne
663 1528 855 1572 officium
883 1528 1155 1586 imperantis,
1175 1528 1213 1571 si
1242 1528 1342 1585 quis
1369 1528 1427 1570 ad
1455 1528 1501 1571 id
1523 1527 1641 1585 quod

22 1647 23 1650 ,
160 1597 307 1643 facere
345 1598 492 1642 iussus
530 1601 600 1642 est
637 1613 728 1641 non
768 1599 979 1656 obsequio
1018 1598 1170 1642 debito
1210 1598 1287 1642 sed
1327 1598 1512 1642 consilio
1551 1612 1642 1641 non

102 1686 147 1714 ιο
161 1668 411 1712 desiderato
441 1668 729 1726 responderit.

3 1741 5 1748 ⁴
221 1738 340 1793 Quid
385 1753 549 1796 quaeso
587 1738 779 1796 amplius
825 1738 872 1781 in
920 1737 1186 1780 monachum
1234 1737 1415 1780 artioris
1462 1737 1642 1795 regulae

161 1807 372 1852 dictasset
401 1808 540 1851 abbas
573 1808 786 1852 seuerus?
845 1807 901 1850 In
941 1822 992 1850 eo
1027 1821 1220 1864 namque
1260 1806 1354 1850 solo
1393 1806 1643 1864 deliquerat

162 1878 280 1936 quod
306 1892 396 1921 non
419 1879 630 1936 paruerat
657 1877 881 1927 mandato,
908 1877 992 1920 etsi
1018 1876 1136 1920 forte
1167 1876 1314 1934 reipsa
1344 1876 1500 1920 utilius
1528 1880 1644 1919 esset

163 1947 281 2005 quod
301 1946 420 1991 fecit.
479 1947 598 1990 Nam
619 1947 734 1991 sicut
754 1947 801 1989 in
821 1946 1035 2004 religione
1055 1946 1320 2004 degentibus
1340 1946 1642 2004 praelatorum

105 2027 148 2064 ¹5
162 2017 386 2067 mandata,
416 2016 524 2060 dum
553 2017 907 2074 praeceptionem
942 2019 1204 2073 perpetuam
1237 2030 1327 2058 non
1362 2016 1643 2073 impugnant,

163 2101 192 2130 a
205 2086 414 2130 subiectis
427 2100 518 2129 non
533 2089 709 2144 oportet
729 2086 890 2129 discuti
911 2085 988 2128 sed
1010 2085 1209 2142 impleri;
1239 2085 1300 2128 sic
1322 2085 1369 2128 in
1389 2100 1437 2128 re
1458 2085 1643 2128 militari

162 2156 278 2201 circa
307 2156 522 2199 mandata
552 2156 677 2199 ducis
717 2155 842 2198 nulla
881 2158 949 2198 est
989 2155 1261 2199 examinatio
1300 2155 1522 2206 militaris,
1556 2154 1643 2197 nisi

164 2223 282 2269 forte
316 2225 434 2282 quod
473 2225 748 2282 praecipitur
781 2225 1024 2282 expressim
1059 2224 1194 2267 saluti
1230 2224 1294 2267 rei
1334 2224 1536 2282 publicae
1577 2224 1643 2266 in·

164 2293 374 2338 ueniatur
384 2293 635 2338 aduersum.
685 2293 804 2337 Nam
818 2294 865 2336 in
881 2308 932 2337 eo
948 2308 1038 2337 non
1050 2293 1329 2350 obtemperat
1344 2293 1430 2336 nisi
1447 2293 1643 2351 perfidus
1661 2295 1689 2335 d

168 2371 673 2437 mrim
691 2388 731 2425 M
837 2401 872 2424 v.
891 2388 915 2425 s
1069 2397 1088 2436 5
1117 2399 1245 2435 asyam
1264 2387 1305 2423 M
1466 2389 1490 2426 6
1516 2387 1642 2434 firma]

167 2448 314 2474 summa
331 2437 371 2473 M
554 2447 575 2483 7
602 2437 881 2484 oppidanorum
900 2436 940 2472 M
1118 2438 1163 2474 26
1189 2437 1368 2483 oporteat
1385 2435 1418 2471 A
1598 2438 1643 2473 28

167 2495 381 2533 expressum
398 2484 495 2521 CBA

31 2582 40 2619 '2
173 2576 178 2581 '
214 2569 237 2606 8
260 2570 438 2615 Magnum
465 2571 600 2606 Gaium
625 2570 797 2604 maiorem
824 2568 1126 2604 Atheniensium:
1157 2566 1212 2604 De
1237 2566 1352 2603 huius
1377 2565 1453 2603 loci
1474 2565 1642 2603 lectione

5 2639 7 2647 ι
112 2645 121 2651 «
166 2628 199 2655 v.
218 2617 414 2654 Hertzium
431 2617 472 2653 in
489 2617 546 2654 ed.
566 2616 654 2652 mai.
679 2615 795 2652 Gellii
822 2615 960 2660 (Berol.
983 2616 1086 2661 1883)
1106 2615 1130 2651 i.
1175 2627 1213 2661 p.
1231 2616 1288 2657 80,
1307 2616 1367 2659 81,
1383 2613 1450 2660 qui
1475 2613 1642 2650 Gellium

15 2685 21 2692 ·
110 2662 114 2668 ’
167 2663 391 2712 ἅρχιτέιτονα
414 2666 458 2701 Μ
477 2666 685 2700 lunensium
707 2661 897 2710 scripsisse
920 2665 1045 2710 putat.
1096 2662 1143 2698 Vi
1171 2664 1259 2698 etur
1282 2662 1446 2698 Ioannes
1469 2664 1643 2697 maiorem

169 2710 293 2758 (cuius
308 2712 428 2749 uocab
471 2711 484 2747 i
501 2714 695 2748 auctorem
711 2710 829 2747 alium
847 2721 924 2746 non
941 2709 1088 2746 invenit
1101 2709 1293 2754 Hertzius)
1309 2720 1378 2756 pro
1396 2708 1644 2754 magistratus

169 2758 401 2795 nesciocuius
420 2758 537 2795 titulo
560 2758 763 2805 accepisse.
811 2759 971 2794 Maiores
993 2760 1125 2794 tamen
1147 2768 1239 2803 quos
1262 2758 1402 2793 vocant
1426 2758 1645 2792 communia-

169 2817 254 2842 rum
270 2804 429 2850 (Gallice
447 2808 589 2851 maim,
603 2805 762 2860 Anglice
779 2807 938 2852 mayor-s)
952 2804 993 2840 in
1011 2804 1139 2841 Gallia
1155 2807 1247 2841 ante
1265 2816 1299 2840 a.
1323 2813 1423 2849 1173,
1443 2803 1483 2838 in
1501 2803 1646 2848 Anglia

170 2855 303 2889 autem
319 2855 408 2890 ante
424 2864 459 2890 a.
479 2863 568 2899 1193
586 2852 773 2890 exstitisse
790 2864 979 2898 nusquam
996 2852 1176 2899 legimus3
1202 2864 1234 2887 v.
1253 2850 1346 2896 Giry
1362 2852 1433 2886 Les
1448 2839 1643 2888 E'tablisse-

171 2905 286 2940 mente
300 2902 344 2938 de
358 2901 484 2938 Reum
499 2899 526 2936 i.
543 2912 582 2947 p.
599 2902 659 2948 28,
675 2899 813 2937 Round
831 2901 905 2936 The
925 2901 1118 2936 Commune
1133 2900 1339 2946 osLondon
1355 2909 1392 2944 p.
1412 2908 1492 2946 225.

1493 2961 1532 2995 31
