1988 3250
174 238 276 287 car.
291 228 415 286 xxn]
705 225 1146 273 POLIORATICVS
1570 230 1575 236 ·
1667 230 1744 270 621
1761 227 1792 268 b

176 347 394 406 equidem,
431 360 532 392 cum
569 361 652 392 nec
691 361 763 391 res
801 346 1010 391 militaris
1049 361 1129 391 nec
1175 347 1359 404 pietatis
1401 362 1512 405 opus
1557 347 1652 391 sine
1670 351 1700 391 b

175 416 474 464 sollicitudine
503 419 550 460 et
582 416 822 474 prudentia
851 416 1002 460 ualeat
1035 416 1242 460 exerceri.
1301 416 1467 460 Fidelis
1498 418 1654 474 utique

175 489 431 533 contractus
460 488 529 530 est
553 500 655 531 cum
681 485 933 530 sollicitudo
959 476 1224 543 prudentiae
1251 485 1457 536 sociatur,
1477 487 1583 543 quia
1609 490 1654 530 et

176 555 407 614 ingenium
426 554 659 613 perspicax
683 554 943 598 retunditur
967 554 1072 605 otio,
1093 557 1140 598 et
1165 553 1417 598 sollicitudo
1440 569 1530 599 non
1554 569 1653 613 pro-

139 636 162 673 fi
177 625 272 671 ficit
290 625 377 669 nisi
396 625 553 669 diuitis
572 639 713 668 uenae
733 623 1026 668 fundamento
1045 624 1231 668 nitatur.

1190 709 1390 754 Alterius
1418 709 1482 754 sic

353 769 496 814 altera
524 769 668 828 poscit
695 783 824 827 opem
854 783 925 812 res
955 772 1002 813 et
1029 768 1235 812 coniurat
1262 768 1416 812 amice.

178 861 270 907 Sed
293 861 529 907 cuiuslibet
548 861 612 905 rei
633 860 963 919 quantumlibet
989 863 1111 904 recta
1137 860 1269 904 initia
1295 874 1384 903 non
1412 858 1658 917 procedunt

181 932 387 976 Minerua
406 931 647 976 recedente.
698 930 913 974 Procedat
927 930 1011 974 tibi
1027 932 1159 987 poeta
1176 931 1460 980 Mantuanus,
1480 929 1557 986 qui
1573 929 1657 972 sub

123 1021 168 1049 ιο
181 999 375 1060 imagine
401 1000 655 1045 fabularum
681 1000 821 1044 totius
848 1000 1152 1058 philosophiae
1172 1000 1385 1058 exprimit
1407 1000 1658 1043 ueritatem.

181 1070 378 1115 Attende
398 1085 503 1129 ergo
522 1084 741 1115 nouorum
760 1069 927 1114 ciuium
947 1069 1251 1127 diligentiam:

298 1156 454 1210 Qualis
482 1170 589 1214 apes
619 1158 760 1199 estate
790 1169 909 1198 noua
939 1170 1019 1212 per
1046 1156 1184 1199 florea
1214 1170 1321 1199 rura

298 1216 474 1259 exercet
504 1214 588 1257 sub
616 1214 708 1257 sole
736 1213 873 1264 labor,
902 1228 1003 1258 cum
1034 1215 1181 1271 gentis
1210 1214 1388 1258 adultos
1677 1224 1702 1254 c

298 1273 495 1317 educunt
523 1272 656 1323 fetus,
685 1274 766 1315 aut
794 1286 895 1316 cum
925 1272 1144 1329 liquentia
1173 1272 1306 1316 mella

125 1350 166 1392 ¹⁵
299 1331 471 1389 stipant
500 1333 546 1375 et
575 1330 694 1374 dulci
725 1330 988 1374 distendunt
1018 1335 1195 1374 nectare
1224 1331 1370 1381 cellas,

298 1392 380 1458 aut
408 1404 544 1434 onera
571 1388 796 1446 accipiunt
826 1388 1209 1456 uenientum,·aut
1238 1389 1416 1446 agmine
1446 1388 1567 1433 facto

299 1446 1389 1564 {ffiauffpssQffiQssepffi3¹Fffgrffissss‘
1401 1481 1545 1549 laena„

183 1598 260 1644 Ita
279 1597 418 1641 uariis
438 1599 649 1641 tenentur
663 1596 1026 1654 occupationibus
1041 1597 1161 1641 ciues
1180 1601 1227 1641 et
1245 1598 1353 1641 dum
1373 1597 1436 1642 sic
1455 1597 1664 1642 coluntur

126 1687 169 1715 ao
185 1667 328 1713 officia
347 1666 624 1725 singulorum
644 1669 698 1710 ut
720 1666 1006 1710 uniuersitati
1032 1667 1340 1724 prospiciatur,
1360 1667 1468 1710 dum
1489 1667 1664 1710 iustitia

185 1737 358 1788 colitur,
364 1737 476 1780 fines
490 1736 689 1780 omnium
702 1735 859 1779 mellea
871 1735 1057 1780 dulcedo
1069 1736 1313 1794 perfundit.
1342 1736 1663 1780 Verumtamen

185 1806 354 1851 nullius
380 1806 444 1850 rei
471 1805 677 1864 politicae
704 1808 772 1849 est
798 1805 1013 1849 diuturna
1040 1805 1243 1857 felicitas,
1263 1806 1349 1849 nisi
1377 1806 1663 1850 uniuersitati

184 1876 428 1935 prospiciat
465 1877 601 1933 caput
640 1875 871 1920 incolume.
945 1875 1087 1929 Quod,
1126 1876 1164 1919 si
1211 1890 1300 1919 non
1346 1891 1546 1927 noueras,
1591 1876 1664 1920 uel

186 1945 375 1990 Didonis
414 1944 611 1988 docearis
646 1945 859 2002 exemplo.
920 1945 1102 1999 Quanta
1136 1946 1254 1989 enim
1294 1946 1480 1990 leuitate
1520 1946 1665 1989 Eneas

129 2035 172 2071 η
187 2015 456 2065 admittitur,
486 2016 700 2071 quantam
741 2014 830 2058 cito
862 2014 1037 2058 inuenit
1076 2015 1270 2073 gratiam
1305 2016 1438 2059 homo
1471 2016 1664 2073 ignotus,

188 2085 306 2138 exul,
335 2084 572 2142 fugitiuus,
591 2084 718 2127 cuius
749 2098 882 2127 causa
914 2084 1069 2142 ignota
1101 2087 1180 2136 est,
1211 2099 1400 2142 persona
1430 2085 1664 2143 suspecta?
1679 2084 1709 2126 d

10 2149 31 2214 is
188 2155 369 2209 Quanta
406 2153 664 2197 curiositate
704 2157 914 2211 exceptae
954 2157 1060 2197 sunt
1094 2155 1152 2197 ab
1191 2155 1375 2198 auribus
1413 2155 1666 2212 principum

11 2237 34 2275 ἰ
187 2223 417 2268 fabulosae
456 2223 735 2267 narrationes
778 2224 970 2267 hominis
1010 2239 1136 2267 suam
1177 2225 1436 2268 euacuantis
1478 2225 1668 2282 culpam,

11 2284 22 2309 ’ἶ
188 2293 414 2352 propriam
449 2293 705 2350 quaerentis
738 2292 941 2351 gloriam,
961 2295 1007 2337 et
1038 2293 1086 2336 id
1118 2295 1342 2351 captantis
1371 2294 1490 2338 unde
1519 2297 1668 2352 posset

129 2380 174 2416 30
188 2362 444 2406 auditorum
484 2362 744 2405 subuertere
783 2363 985 2406 mentes?
1043 2362 1319 2406 Praecedunt
1358 2378 1464 2420 ergo
1503 2363 1561 2406 ad
1601 2363 1667 2405 in-

190 2431 376 2477 troitum
401 2431 604 2475 'hominis
637 2446 860 2476 sermones
895 2432 1062 2484 blandi,
1091 2432 1323 2476 illecebrae
1352 2432 1537 2476 laudum
1566 2447 1668 2476 con-

189 2500 346 2545 ciliant
394 2501 578 2558 hospitii
626 2501 831 2558 gratiam,
875 2502 1133 2545 conuiuium
1182 2502 1436 2546 accuratius
1483 2502 1670 2545 instruit

194 2630 236 2658 21
262 2619 565 2667 Verumptamen
580 2619 627 2656 A²
770 2631 815 2658 22
840 2620 1042 2659 felicicitas
1059 2622 1093 2657 A
1237 2631 1283 2668 23
1308 2621 1432 2669 capud
1448 2620 1522 2658 A'S

0 2738 25 2785 {211
245 2738 263 2776 5
290 2730 420 2766 diuitis
433 2742 568 2767 uenae:
594 2742 627 2767 v.
644 2730 736 2767 Hor.
754 2731 799 2767 Α.
818 2732 862 2767 Ρ.
880 2741 964 2777 409.
1106 2732 1130 2768 6
1154 2731 1318 2767 Alterius
1334 2733 1407 2768 etc.
1423 2743 1433 2768 x
1461 2731 1551 2768 Hor.
1570 2732 1615 2767 A.
1627 2732 1669 2767 P.

195 2787 280 2822 410,
297 2787 380 2821 411.
478 2788 522 2814 ιο
545 2780 655 2814 totius
665 2779 941 2824 philosophiae:
967 2778 1016 2815 cf.
1035 2777 1204 2815 Macrob.
1223 2780 1298 2814 Sat.
1315 2778 1342 2813 i.
1359 2789 1405 2822 24
1424 2777 1442 2825 ξ
1465 2780 1519 2815 18.
1627 2788 1669 2814 12

200 2825 329 2869 Qualis
345 2825 445 2863 etc.:
470 2824 582 2871 Verg.
599 2826 690 2861 Aen.
708 2824 733 2861 i.
757 2827 936 2871 430-436.
1127 2836 1174 2870 24
1199 2827 1360 2861 Didonis
1384 2828 1482 2862 etc.:
1510 2837 1540 2861 v.
1557 2824 1669 2872 Verg.

199 2872 291 2908 Aen.
306 2870 394 2907 i—iv.
538 2882 585 2918 29
603 2874 798 2918 propriam
813 2874 1018 2920 quaerentis
1030 2874 1205 2918 yloriam:
1230 2885 1263 2909 v.
1280 2872 1413 2909 Ioann.
1430 2872 1495 2908 vii.
1513 2874 1568 2909 18.

1519 2941 1564 2984 6³
