1988 3250
234 204 312 253 631
328 199 359 243 B
696 202 960 248 IOANNIS
999 201 1519 248 SARESBERIENSIS
1666 203 1779 265 [ΜΒ.
1792 208 1845 249 vr

372 323 502 368 Vnde
527 326 575 368 et
594 323 727 367 Ebrei
753 323 1090 381 praecipiuntur
1115 337 1242 367 orare
1267 337 1349 381 pro
1379 323 1639 381 Babyloniis
1665 325 1771 382 quia
1796 325 1845 368 in

371 407 479 450 pace
521 393 773 451 principum
812 394 938 450 quies
976 396 1046 436 est
1083 392 1372 450 populorum3
1421 396 1468 436 et
1507 393 1712 438 Christus
1751 394 1846 452 ipse

372 461 525 506 Cesari
564 463 737 506 tributa
767 478 795 506 a
828 463 1035 506 fidelibus
1069 462 1242 505 censuit
1273 477 1367 505 esse
1398 462 1622 507 soluenda.
1682 463 1847 507 Omnia

371 535 524 575 tamen
544 533 764 590 peruertit
779 532 939 585 Gnato,
955 535 1001 575 et
1020 546 1072 575 eo
1092 531 1237 575 iudice
1252 532 1348 575 ueri
1364 531 1580 589 professio
1598 533 1846 576 maiestatis

330 613 358 644 c
372 602 548 646 crimini
569 605 862 659 coaequatum
891 601 1056 659 dignus
1075 601 1207 659 plane
1227 601 1299 644 cui
1318 601 1526 645 alumnus
1546 602 1778 660 Apollinis,
1798 602 1846 645 id
1864 612 1885 648 ⁵

371 675 439 715 est
459 672 702 729 sapientiae
722 672 878 723 cultor,
893 672 1053 729 pellem
1078 671 1297 723 detrahat,
1323 671 1525 729 exemplo
1545 671 1736 715 Marsiae
1757 672 1847 730 qui,

371 741 479 784 dum
498 742 728 786 contendit

778 817 978 860 Phebum
1008 831 1218 874 superare
1247 816 1457 870 canendo,

371 908 519 952 uictus
545 908 806 952 indumento
830 911 1020 951 naturae
1047 908 1275 965 spoliatur.
1336 907 1450 950 Eum
1478 923 1669 965 namque
1694 908 1847 952 adula-

371 981 520 1021 torum
553 977 690 1022 factio
721 979 926 1021 imitatur
961 980 1007 1021 et
1047 977 1271 1021 infelicem
1310 977 1499 1021 satirum
1537 977 1704 1035 implet,
1739 977 1847 1020 dum
1866 992 1909 1017 ιο

352 1048 354 1051 ’
371 1048 558 1090 numina
587 1063 670 1091 sua
708 1047 978 1102 (fortunatos
1012 1046 1186 1104 loquor)
1218 1047 1349 1090 uanis
1378 1046 1585 1090 laudibus
1619 1047 1746 1090 uelut
1779 1047 1848 1090 in-

371 1117 634 1160 strumentis
649 1117 829 1160 musicis
844 1131 934 1160 non
949 1119 1042 1159 tam
1058 1130 1266 1173 superare
1282 1116 1466 1159 molitur
1481 1131 1615 1173 quam
1631 1131 1848 1161 excecare.

372 1186 557 1244 Semper
571 1186 750 1243 quidem
770 1185 1016 1229 iuuenescit
1031 1187 1078 1228 in
1094 1186 1217 1237 uitio,
1232 1200 1344 1243 quae
1360 1201 1603 1243 numquam
1623 1186 1849 1244 grauitate

373 1270 583 1299 sensuum
603 1258 867 1306 maturatur,
881 1255 1003 1306 leuis,
1017 1255 1193 1305 lasciua,
1206 1254 1382 1312 loquax,
1396 1258 1442 1299 et
1461 1270 1574 1313 quae
1594 1255 1652 1299 ad
1671 1270 1847 1299 omnem

372 1339 528 1368 auram
549 1325 708 1382 quauis
726 1325 976 1368 harundine
996 1324 1128 1368 citius
1153 1324 1367 1382 agitatur.
1866 1341 1907 1376 15

421 1466 531 1526 Cap.
553 1467 619 1513 28.
649 1467 934 1512 Auctor-itate
954 1467 1290 1511 Socraticorum
1309 1467 1497 1524 quando
1518 1467 1621 1524 quis
1640 1467 1694 1512 de
1712 1482 1794 1512 suo

547 1538 903 1590 commendatur,
923 1541 962 1581 et
983 1536 1171 1594 quando
1190 1537 1251 1580 sit
1271 1536 1427 1580 aliena
1446 1537 1668 1582 laudatio.

326 1633 356 1674 d
432 1628 502 1682 Et,
541 1629 646 1673 licet
684 1630 718 1672 ii
756 1629 962 1673 tibicines
1001 1629 1219 1673 uanitatis
1264 1629 1454 1672 aliorum
1493 1629 1847 1687 supplantationi

372 1713 546 1756 semper
578 1699 802 1750 insistant,
839 1700 888 1742 in
919 1699 1298 1743 commendatione
1337 1698 1458 1742 illius
1497 1699 1615 1756 quod
1654 1699 1849 1743 maxime

371 1783 503 1812 suum
522 1768 734 1825 cuiusque
755 1772 824 1812 est
841 1771 923 1812 aut
942 1769 1087 1812 rarius
1106 1771 1387 1826 aucupantur
1406 1771 1487 1812 aut
1506 1768 1664 1812 minus.
1724 1769 1847 1814 Tunc
1866 1790 1910 1815 20

372 1838 491 1882 enim
526 1838 713 1895 quisque
752 1838 946 1882 maxime
978 1841 1024 1882 et
1062 1838 1117 1881 de
1157 1853 1238 1881 suo
1276 1838 1621 1890 commendatur,
1653 1853 1754 1882 cum
1788 1838 1848 1882 ad

372 1907 617 1964 sapientiae
637 1908 790 1951 laudes
810 1908 964 1966 lingua
990 1907 1287 1965 praedicantis
1307 1907 1487 1952 accedit.
1546 1907 1706 1952 Cetera
1724 1923 1848 1951 nam-

372 1992 459 2034 que
498 1978 649 2020 omnia
688 1977 833 2020 aliena
867 1980 1000 2030 sunt3
1040 1991 1170 2020 suum
1202 1979 1270 2020 est
1309 1976 1521 2034 cuiusque
1560 1977 1678 2034 quod
1717 1977 1850 2034 sapit.

373 2045 527 2097 Suum,
545 2046 740 2103 inquam,
761 2061 850 2090 non
874 2049 1025 2090 tamen
1051 2061 1079 2090 a
1105 2061 1152 2089 se
1178 2045 1255 2090 sed
1281 2045 1339 2088 ab
1362 2060 1414 2089 eo
1434 2046 1559 2089 cuius
1579 2061 1742 2090 munus
1769 2049 1847 2098 est,

372 2115 583 2173 quicquid
611 2115 787 2158 laudem
818 2119 1014 2159 meretur
1039 2116 1086 2158 in
1113 2115 1303 2159 homine.
1364 2115 1423 2158 Et
1450 2115 1521 2158 hic
1547 2115 1727 2172 quidem
1756 2130 1847 2159 non
1866 2133 1908 2169 ²5

373 2200 498 2228 meus
533 2188 601 2229 est
630 2200 775 2230 sermo
806 2187 883 2230 sed
918 2202 1050 2244 quem
1082 2186 1280 2230 omnium
1312 2186 1563 2243 sapientum
1592 2189 1716 2229 cetus
1745 2200 1847 2229 con-

372 2255 567 2299 celebrat
595 2259 642 2298 et
668 2270 798 2313 quem
826 2256 873 2299 in
899 2256 1013 2299 libro
1041 2257 1117 2314 qui
1145 2256 1404 2299 inscribitur
1434 2255 1500 2298 De
1527 2255 1622 2299 Deo
1653 2255 1848 2299 Socratis

374 2323 504 2367 facile
554 2328 621 2368 est
670 2325 883 2369 inuenire.
969 2325 1110 2371 Cuius
1159 2326 1297 2369 uerba
1349 2328 1531 2383 propter
1580 2324 1849 2383 elegantiam

377 2395 813 2442 W
842 2405 1045 2443 babiloniis
1062 2405 1162 2442 Asu
1345 2405 1647 2489 {inumpnusm
1826 2408 1848 2444 8

374 2451 504 2545 ξέδιὲἱιέ
520 2450 587 2536 ἓω-
608 2462 688 2535 Βιιὰ
713 2453 900 2491 arundine
921 2454 957 2490 M
1069 2455 1111 2491 18
1137 2452 1192 2490 hii
1210 2453 1262 2489 A:
1288 2452 1330 2489 hi
1495 2465 1543 2490 20
1566 2455 1802 2500 occupantur
1819 2454 1849 2491 P

429 2581 440 2607 ι
471 2573 584 2607 Ebrei
600 2574 694 2608 etc:
721 2583 751 2607 v.
774 2571 907 2608 Ierem.
925 2570 1025 2607 xxix.
1045 2578 1079 2616 7.
1218 2581 1239 2607 2
1269 2570 1435 2607 mantue
1451 2573 1548 2608 etc.:
1575 2583 1606 2608 v.
1625 2570 1737 2608 Matt.
1756 2570 1848 2610 xxii.

375 2628 535 2703 32:⁶22·
552 2618 787 2712 {sffssgg‘qffl‘
811 2618 1376 2711 ‘faffasszzffrvssrssqa
1403 2677 1425 2700 v
1455 2620 1495 2711 9⁶
1520 2619 1848 2712 M“';⁸3⁰5‚2f323·33;

375 2715 532 2749 satir-um
558 2715 703 2760 implet:
730 2713 755 2750 i.
767 2725 797 2750 e.
824 2713 997 2760 Marsyae
1026 2718 1153 2759 (quem
1180 2711 1357 2759 Satyrum
1384 2713 1496 2749 fuisse
1522 2716 1653 2750 narrat
1679 2714 1743 2751 Ov.
1762 2716 1846 2752 Met.

377 2761 424 2797 vi.
460 2762 704 2818 383)'parten
737 2760 831 2818 agit.
1011 2771 1052 2844 1ῗί
1094 2762 1312 2816 ὄαιιςηεεοίεε
1355 2772 1404 2797 sc.
1438 2760 1679 2797 adulatorum
1714 2761 1846 2799 factio.

382 2816 421 2855 15
448 2821 580 2856 quauta
596 2810 803 2844 harundme
821 2810 893 2844 etc.
910 2820 918 2844 ε
944 2808 991 2844 cf.
1054 2810 1123 2844 att.
1142 2819 1192 2843 xx.
1210 2816 1242 2852 7.
1429 2818 1474 2853 ²4
1499 2821 1522 2843 α
1538 2820 1574 2844 se
1590 2820 1598 2845 :
1627 2820 1676 2846 sc.
1695 2808 1846 2847 laudem

378 2859 556 2893 meretur.
677 2865 734 2904 25,
753 2856 798 2894 26
824 2868 896 2893 non
915 2868 1013 2892 meus
1029 2861 1079 2892 eet
1095 2868 1209 2892 sermo
1225 2857 1306 2893 aad:
1335 2867 1368 2893 v.
1388 2854 1476 2892 Hor.
1497 2857 1572 2893 Sat.
1591 2856 1631 2893 ii.
1651 2866 1684 2894 2.
1702 2866 1736 2894 2.
