1988 3250
153 200 252 234 car.
266 188 369 250 xvx]
666 189 1072 236 POLICRATIOV
1073 191 1106 236 S
1636 193 1718 244 776
1737 202 1762 233 c

152 311 448 356 chatharactis
463 312 545 356 celi
560 312 726 369 apertis
738 312 887 355 uarias
901 311 1019 369 pluit
1034 312 1253 357 Dominus
1265 313 1312 356 in
1327 316 1618 372 augmentum

150 379 310 424 diluuii
349 380 633 438 delinquendi
684 380 941 432 occasiones,
980 382 1243 438 permittens
1294 386 1346 425 ut
1388 383 1618 426 subtracta

148 449 300 507 gratia
338 450 415 507 qui
450 450 498 493 in
538 449 743 493 sordibus
783 453 852 493 est
896 450 1122 493 sordescat
1153 450 1358 507 amplius,
1398 454 1445 494 et
1483 466 1615 508 quem

149 518 327 576 proprio
346 519 587 562 committit
605 519 792 562 arbitrio
812 519 939 576 quasi
959 519 1174 563 ulciscens
1195 518 1314 563 ferit.
1373 519 1477 562 Non
1498 520 1616 576 quod

112 601 132 637 5
148 588 396 645 appetitum
428 588 656 640 commodi,
688 588 726 632 si
760 591 1033 645 temperatus
1068 588 1139 638 sit,
1167 588 1312 631 dicam
1342 603 1435 631 esse
1466 589 1617 646 culpa-

147 656 292 708 bilem,
315 660 396 700 aut
424 658 595 715 copiam
627 672 775 701 rerum
805 657 1093 701 sufficientem
1124 660 1205 700 aut
1234 657 1424 700 letitiam
1453 658 1616 700 mentis

147 728 227 770 aut
260 726 509 770 naturalem
548 726 769 770 libertatis
806 741 1000 770 amorem
1034 729 1115 770 aut
1150 726 1371 769 eminendi
1405 726 1615 769 meritum

147 794 305 838 ducam
325 794 372 838 in
391 795 599 849 crimine;
627 795 704 840 sed
719 796 856 839 nichil
872 795 1058 839 istorum
1076 795 1194 852 quod
1209 795 1443 853 pollicetur
1461 795 1615 847 affert;

147 877 199 907 eo
217 863 396 920 quidem
416 864 547 908 modo
570 879 658 922 quo
684 865 924 922 quaeritur,
944 864 1216 908 contrarium
1236 864 1386 922 potius
1405 867 1616 921 operatur

89 943 131 976 ιο
147 932 361 976 effectum.
421 933 543 977 Haec
574 936 724 977 autem
759 934 908 977 omnia
946 934 1064 976 bona
1101 936 1219 984 sunt,
1250 932 1288 976 si
1328 932 1392 976 eis
1430 933 1615 976 docente

143 1003 293 1060 gratia
322 1006 440 1047 recte
470 1003 589 1046 filius
619 1003 832 1047 aduersus
860 1018 1037 1047 carnem
1071 1003 1246 1046 luctans
1276 1005 1321 1046 et
1351 1002 1613 1060 sanguinem
1659 1047 1662 1052 ,

145 1075 192 1116 et
225 1087 253 1116 a
285 1072 416 1116 Patre
449 1073 601 1131 gaudii
632 1076 678 1116 et
706 1073 996 1116 exultationis
1025 1072 1348 1116 benedicendus
1378 1075 1535 1115 utatur
1568 1075 1614 1116 et
1631 1074 1661 1114 d

145 1141 310 1186 eisdem
344 1142 470 1200 quasi
501 1142 658 1186 florido
691 1142 910 1200 frugifero
941 1145 988 1186 et
1021 1142 1210 1186 iocundo
1244 1142 1449 1185 induitur
1477 1143 1613 1186 uesti-

145 1214 306 1255 mento.
366 1211 416 1255 Si
430 1225 537 1255 uero
551 1211 820 1269 sanguineus
835 1210 1062 1270 fraterque
1082 1211 1283 1262 carnalis,
1297 1215 1614 1269 contempnens

89 1293 127 1330 15
145 1281 301 1324 matris
314 1281 485 1339 gratiae
501 1280 865 1332 familiaritatem,
881 1281 987 1325 haec
999 1281 1148 1324 omnia
1162 1296 1335 1324 morum
1351 1281 1615 1324 indumenta

144 1353 340 1408 usurpet,
374 1364 454 1394 nec
488 1349 694 1408 fragrant
727 1364 807 1393 nec
842 1350 1000 1394 decent
1030 1365 1110 1394 nec
1142 1350 1362 1408 pascendo
1396 1351 1612 1395 reficiunt.

145 1418 205 1462 Et
230 1419 313 1463 hoc
339 1421 407 1463 est
432 1419 549 1463 forte
576 1419 694 1477 quod
719 1423 867 1463 uestes
891 1420 1009 1463 Esau
1039 1420 1255 1478 placuisse
1282 1420 1539 1464 scribuntur
1565 1421 1612 1463 in

144 1488 289 1540 Iacob,
309 1492 355 1532 et
381 1489 445 1533 eis
475 1492 556 1533 aut
586 1503 676 1532 non
707 1503 814 1532 usus
849 1493 930 1532 aut
959 1489 1138 1533 odorem
1167 1490 1407 1534 suauitatis
1436 1490 1609 1534 dedisse

144 1558 263 1616 patri
282 1572 371 1602 non
398 1558 608 1602 scribitur
634 1558 764 1602 Esau.
824 1559 955 1610 Nam,
976 1559 1083 1603 dum
1103 1560 1231 1603 bonis
1251 1560 1456 1603 abutitur
1474 1560 1611 1603 sensi-

86 1642 129 1668 ao
144 1627 239 1680 bus,
259 1627 446 1686 integris
471 1631 628 1686 gratus
651 1643 744 1672 esse
770 1643 860 1672 non
886 1632 1045 1687 potest.
1106 1629 1225 1687 Ergo
1250 1644 1369 1672 uana
1395 1629 1611 1673 bonorum

143 1697 308 1755 species
345 1711 426 1742 nec
463 1697 600 1741 satiat
640 1712 720 1742 nec
759 1697 944 1742 letificat
981 1714 1061 1743 nec
1100 1699 1262 1743 liberat
1307 1713 1387 1743 nec
1427 1698 1611 1742 exaltat.

142 1765 278 1810 Porro
303 1766 516 1810 aduersus
539 1767 776 1820 luxuriam,
801 1768 1052 1819 auaritiam,
1078 1768 1364 1812 cenodoxiam
1393 1768 1611 1826 quaedam

142 1835 343 1894 superius
375 1835 496 1880 dicta
529 1839 659 1890 sunt;
707 1837 873 1880 uirium
902 1838 1125 1881 affectatio
1155 1837 1478 1895 quodammodo
1507 1838 1610 1881 hac-

142 1907 273 1948 tenus
306 1905 471 1949 mansit
504 1905 684 1957 intacta,
718 1921 845 1964 quae,
879 1907 963 1951 etsi
995 1907 1216 1951 libertatis
1250 1910 1296 1951 et
1334 1907 1610 1951 celsitudinis
1626 1917 1703 1960 777
1723 1918 1754 1948 a

84 1989 126 2026 2⁵
143 1973 351 2017 uideatur
392 1974 547 2018 afferre
586 1975 860 2033 suffragium,
899 1991 926 2019 a
963 1976 1155 2019 ueritate
1194 1977 1428 2034 utriusque
1463 1977 1610 2034 perni-

142 2043 302 2087 ciosius
333 2043 513 2088 abducit
546 2047 778 2089 errantem.
839 2045 962 2090 Haec
997 2049 1065 2089 est
1096 2046 1214 2090 enim
1249 2061 1363 2104 quae
1394 2047 1609 2104 pernicio·

141 2112 359 2156 sissimam
392 2112 564 2157 inducit
596 2117 764 2172 pestem
799 2117 856 2166 et,
887 2115 1127 2159 tirannidis
1165 2130 1407 2174 procurans
1445 2119 1607 2166 ortum,

143 2245 162 2271 1
188 2233 418 2271 catharactis
433 2232 534 2271 c’A:
568 2235 770 2272 cataractis
788 2235 850 2273 M:
876 2236 1077 2274 catarectis
1094 2236 1120 2274 S
1237 2248 1260 2282 4
1284 2248 1359 2284 quo
1376 2236 1465 2273 GBS

142 2281 291 2319 comodi
307 2280 363 2318 CS
507 2282 551 2319 16
575 2283 764 2329 parcendo
782 2283 821 2319 M
964 2295 1009 2321 22
1029 2290 1113 2332 post
1129 2284 1332 2321 auaritiam
1349 2286 1433 2322 add.
1453 2286 1492 2322 et
1510 2283 1535 2321 S

192 2400 208 2428 1
235 2391 476 2427 chachar-actia
491 2393 588 2429 etc.:
613 2403 647 2428 v.
666 2391 761 2429 Gen.
774 2390 841 2428 vii.
866 2403 922 2430 11.
1084 2404 1105 2439 3
1130 2395 1239 2440 quiin
1256 2395 1423 2430 sordibus
1439 2395 1536 2431 etc.:
1561 2406 1594 2431 v.

139 2437 255 2484 Apoc.
273 2438 364 2473 xxii.
390 2449 442 2474 11.
572 2449 614 2474 10
636 2441 670 2474 ei
685 2442 736 2475 eis
752 2442 824 2476 etc.
839 2453 848 2476 :
873 2439 975 2484 Quae
992 2444 1201 2487 sequuntur
1216 2442 1265 2477 ad
1282 2441 1482 2478 historiam
1501 2441 1602 2479 Esau

141 2486 182 2522 et
207 2484 322 2521 Iacob
348 2483 440 2522 Gen.
469 2484 570 2521 xxvii
597 2489 788 2523 narratam
820 2487 1043 2534 respiciunt.
1109 2489 1324 2526 Secundum
1357 2489 1456 2526 hanc
1485 2489 1604 2527 inter-

140 2531 406 2580 pretationem,
430 2530 536 2569 Isaac
560 2531 682 2569 Deum
707 2534 905 2581 significat,
930 2535 1103 2572 Rebecca
1120 2539 1251 2572 autem
1276 2536 1465 2581 gratiam:
1491 2537 1605 2574 Iacob

139 2591 208 2627 pro
236 2578 453 2615 hominibus
476 2578 736 2626 spiritualibus
760 2582 924 2636 ponitur,
951 2581 1049 2619 Esau
1101 2595 1142 2620 ro
1167 2583 1381 2620 carnalibus
1412 2584 1477 2630 (cf.
1505 2585 1601 2631 Aug.

138 2628 251 2663 Serm.
271 2626 318 2662 iv.
337 2637 370 2680 3,
388 2625 518 2673 Migne
534 2629 575 2664 P.
593 2628 636 2664 L.
653 2627 805 2665 xxxviii.
824 2630 885 2675 34)
901 2643 910 2671 ;
933 2633 1051 2667 vestes
1094 2630 1232 2677 enique
1243 2631 1314 2666 filii
1329 2632 1424 2667 natu
1438 2632 1602 2675 maioris,

139 2673 277 2720 quibus
299 2673 420 2709 filium
442 2673 622 2710 minorem
643 2674 771 2711 induit
788 2676 971 2720 Rebecca,
984 2690 1054 2724 pro
1067 2678 1176 2715 rebus
1198 2678 1380 2724 externis,
1392 2690 1490 2725 quae
1503 2679 1602 2716 bene

139 2721 267 2757 utenti
283 2722 416 2765 bonae,
434 2721 533 2756 male
551 2725 678 2757 autem
695 2723 823 2759 utenti
836 2724 957 2761 malae
969 2726 1122 2762 evadere
1135 2725 1267 2762 solent.
1367 2736 1404 2762 ιι
1426 2728 1604 2763 aduersus

140 2779 282 2804 cantem
300 2769 370 2804 etc.
388 2779 397 2804 z
424 2766 586 2822 eft-Eph.
602 2767 726 2823 νίκη.
926 2782 970 2816 23
994 2775 1185 2818 superius:
1212 2785 1244 2808 v.
1262 2784 1377 2820 supra
1393 2785 1446 2810 cc.
1465 2784 1485 2810 2
1499 2786 1602 2820 seqq.

140 2824 183 2863 25
209 2816 445 2862 suffraqium:
470 2826 495 2851 1.
510 2826 551 2859 e.‚
570 2817 616 2853 ut
631 2816 788 2861 indetur,
806 2819 1010 2864 opinionem
1027 2819 1104 2856 sive
1111 2821 1271 2866 famam.

1431 2899 1494 2932 343
