1988 3250
263 239 346 282 ⁷08
366 233 395 272 b
745 231 1006 277 IOANNIS
1048 230 1562 277 SARESBERIENSIS
1681 232 1791 293 [mn.
1806 243 1878 276 vn

412 352 574 396 Fertur
614 352 754 406 Plato,
797 366 898 396 cum
938 353 979 396 ei
1018 353 1307 411 condiscipuli
1347 353 1611 404 inuiderent,
1652 353 1879 397 Socratem

410 421 705 480 interrogasse
738 437 826 479 qua
859 423 1031 466 ratione
1066 426 1215 480 posset
1246 423 1475 466 hominum
1510 422 1729 466 declinare
1761 421 1879 465 inui-

369 501 394 530 0
411 492 544 536 diam.
605 492 691 537 Cui
717 493 942 537 Socrates:
974 493 1093 544 Esto,
1113 493 1273 550 inquit,
1293 496 1346 537 ut
1369 494 1574 537 Tersites.
1634 493 1754 536 Dum
1775 506 1881 550 ergo

411 565 676 619 torquentur
695 563 851 614 inuidi,
866 563 976 606 alios
990 563 1193 606 miseriae
1213 578 1318 606 suae
1338 563 1498 606 uolunt
1517 577 1611 606 esse
1630 561 1880 620 participes,

411 631 608 689 undique
658 635 919 689 quaerentes
962 635 1015 675 ut
1058 635 1256 682 noceant,
1303 634 1349 675 et
1392 632 1534 689 ipsam
1580 631 1879 675 innocentiam
1897 645 1917 679 5

411 700 635 757 quandam
670 704 834 758 putant
868 716 962 744 esse
994 701 1150 744 mortis
1182 701 1432 758 imaginem.
1493 701 1620 744 Vnde
1656 701 1795 753 Maro,
1827 703 1881 743 ut
1905 718 1908 722 >

411 769 469 812 ab
498 784 587 813 uno
616 770 759 813 discas
788 785 950 821 omnes,
980 773 1141 813 notans
1171 770 1374 812 inuidum
1404 770 1492 813 ait:

528 861 597 913 Et,
628 861 666 904 si
696 876 786 904 non
815 862 966 918 aliqua
995 861 1230 912 nocuisses,
1259 864 1461 904 mortuus
1491 875 1620 904 esses.

413 953 512 1007 Quo
532 954 670 997 nichil
689 955 838 997 minus
859 954 984 996 decet
1004 954 1317 1011 philosophum
1345 957 1426 997 aut
1445 954 1595 997 uirum
1615 953 1882 998 auctoritate

411 1023 484 1066 uel
504 1024 701 1066 moribus
727 1038 920 1081 grauem.
981 1023 1109 1066 Vnde
1131 1023 1346 1074 Socrates,
1365 1038 1456 1066 non
1478 1023 1552 1066 ille
1573 1023 1785 1080 antiquus
1804 1021 1882 1066 sed
1901 1043 1943 1068 10

413 1107 543 1150 quem
568 1095 791 1136 auctorem
819 1094 1044 1149 gestorum
1069 1091 1358 1136 Cassiodorus
1385 1093 1433 1135 111
1463 1092 1706 1149 Tripertita
1729 1092 1884 1136 laudat

414 1162 638 1205 Historia:
670 1162 810 1215 Quod,
832 1162 993 1218 inquit,
1013 1162 1216 1205 Iulianus
1236 1166 1436 1206 tonsores
1460 1165 1506 1206 et
1526 1177 1649 1206 cocos
1669 1178 1697 1206 a
1716 1161 1884 1220 palatio

412 1232 598 1289 expulit,
618 1246 708 1275 non
729 1232 859 1275 modo
880 1232 1160 1289 imperatoris
1187 1232 1264 1275 sed
1292 1234 1337 1275 et
1363 1232 1616 1290 philosophi
1637 1246 1747 1289 opus
1767 1231 1884 1290 egit3

412 1305 465 1344 ut
503 1305 653 1345 autem
694 1301 948 1344 detraheret
982 1304 1116 1358 atque
1151 1301 1423 1355 dilaceraret,
1455 1317 1597 1359 neque
1631 1301 1883 1359 philosophi

413 1386 557 1428 neque
596 1371 809 1428 principis
849 1370 952 1414 fuit.
1023 1370 1138 1415 Cum
1179 1371 1296 1414 enim
1335 1386 1392 1414 ex
1431 1386 1707 1428 quacumque
1750 1383 1883 1414 causa
1902 1390 1943 1430 ¹⁵

367 1448 397 1488 d
415 1446 588 1484 cessant
619 1455 764 1498 opera,
795 1440 1046 1484 decurritur
1079 1441 1136 1484 ad
1170 1441 1387 1484 malitiam
1428 1441 1702 1484 detrahendi.
1760 1440 1884 1484 Haec

415 1513 484 1553 est
514 1509 669 1566 utique
703 1509 959 1552 indubitata
990 1510 1135 1567 proles
1164 1510 1360 1552 inuidiae
1395 1511 1441 1552 et
1471 1509 1703 1553 caritatem
1732 1509 1884 1553 abesse

414 1578 654 1622 manifesto
674 1578 837 1622 indicio
857 1581 1141 1635 protestatur.
1193 1578 1252 1622 Et
1266 1593 1383 1622 nunc
1404 1578 1582 1635 quidem
1603 1579 1719 1621 bona
1739 1578 1885 1621 aliena

414 1648 644 1706 peruertit‚
664 1663 782 1692 nunc
803 1648 990 1701 minuit3
1021 1649 1140 1692 mala
1165 1651 1246 1692 aut
1270 1648 1402 1706 fingit
1423 1663 1536 1706 quae
1556 1662 1646 1691 non
1666 1651 1783 1699 sunt,
1803 1651 1884 1692 aut

413 1718 671 1775 magnificat
697 1721 743 1761 et
769 1718 947 1761 extollit
970 1718 1006 1762 si
1031 1733 1120 1775 qua
1146 1721 1263 1762 sunt.
1334 1718 1510 1761 Caritas
1539 1732 1629 1761 non
1659 1718 1755 1775 agit
1783 1732 1881 1775 per·
1902 1739 1947 1765 ,ο

412 1801 581 1845 peram3
613 1790 661 1830 at
688 1788 795 1831 haec
826 1788 920 1830 sola
949 1788 1243 1845 peruersitate
1273 1788 1450 1831 letatur.
1510 1787 1623 1831 Cum
1644 1788 1885 1845 Apostolus

414 1857 528 1900 uitia
573 1857 775 1914 gentium
822 1857 966 1900 multa
1004 1861 1247 1908 enumeret,
1291 1856 1530 1900 nouissime
1577 1859 1624 1900 et
1663 1857 1789 1914 quasi
1836 1857 1885 1900 in

414 1925 605 1970 culmine
637 1925 854 1968 malorum
891 1924 1003 1982 (siue
1038 1925 1262 1983 profundo
1297 1926 1460 1969 rectius
1494 1925 1703 1983 dixerim)
1735 1925 1909 1983 posuit.

414 1995 696 2045 detractores,
721 2009 880 2051 eosque
907 1998 1136 2052 tamquam
1166 1994 1383 2053 singulari
1413 1997 1520 2038 nota
1550 1994 1729 2038 diuinae
1759 1995 1884 2038 boni-

413 2065 523 2109 tatis
572 2065 721 2107 hostes
770 2064 1023 2121 exprimens
1072 2065 1198 2121 quasi
1248 2064 1363 2108 solos
1413 2064 1508 2110 Deo
1556 2064 1742 2108 odibiles
1791 2078 1884 2108 esse
1904 2080 1946 2117 ²5

413 2133 686 2191 pronuntiat.
737 2133 1054 2177 Verumtamen
1075 2134 1174 2176 illos
1195 2134 1289 2177 Deo
1309 2133 1562 2177 odibiliores
1581 2134 1699 2176 inter
1717 2135 1886 2177 ceteros

415 2217 508 2246 esse
539 2202 813 2254 crediderim,
839 2204 916 2260 qui
943 2203 1101 2246 latenti
1129 2203 1244 2254 odio,
1275 2205 1326 2246 ut
1356 2202 1499 2260 magis
1526 2206 1714 2246 noceant
1737 2203 1887 2260 eisque

266 2283 348 2324 704
369 2284 400 2314 a
416 2272 624 2316 credatur
672 2271 859 2326 fidelius,
909 2272 1062 2316 laudes
1114 2273 1375 2330 praedicant
1429 2272 1609 2323 alienas,
1643 2272 1887 2316 amicitiam

416 2342 641 2394 simulant,
661 2342 927 2386 subicientes
947 2345 1096 2385 tamen
1123 2342 1169 2385 111
1189 2342 1307 2386 calce
1332 2342 1547 2386 sermonis
1572 2341 1644 2385 uel
1666 2342 1887 2386 modicum

416 2411 533 2469 quod
555 2411 919 2469 praecedentibus
939 2411 1084 2456 titulis
1104 2412 1387 2456 aduersetur:
1905 2426 1950 2461 30

421 2542 461 2570 12
488 2530 659 2578 hystoria
675 2531 708 2567 A
836 2541 883 2568 ιο
908 2530 1061 2569 Karitas
1078 2530 1201 2568 CBAS
1321 2532 1368 2569 26
1392 2531 1692 2579 verumptamen
1710 2530 1745 2567 A

470 2652 484 2679 1
512 2642 650 2677 Fertur
663 2643 768 2678 Plato
784 2643 879 2679 eta:
905 2640 985 2687 Quo
1002 2642 1155 2678 auctore
1172 2640 1242 2678 hoc
1260 2643 1390 2678 narret
1409 2640 1580 2687 Ioannes,
1596 2639 1734 2678 neseio.

418 2689 463 2726 ab
488 2701 562 2725 uno
587 2691 706 2725 aima
730 2700 871 2726 omnen:
906 2700 937 2726 v.
964 2686 1077 2736 Verg.
1107 2690 1200 2725 Aen.
1227 2688 1266 2724 ii.
1290 2691 1346 2735 65,
1371 2690 1427 2725 66.
1620 2690 1641 2725 8
1672 2689 1732 2732 Et,
1756 2689 1789 2725 εἰ
1812 2699 1887 2726 non

417 2740 513 2774 ete:
539 2735 650 2783 Verg.
670 2738 748 2772 Ecl.
764 2736 817 2773 iii.
841 2746 857 2773 1
886 2763 895 2773 .
1057 2745 1098 2773 12
1126 2737 1227 2781 Quod
1243 2737 1416 2772 Iulianus
1431 2738 1530 2773 etc.:
1556 2746 1591 2772 v.
1608 2735 1770 2773 Cassiod.
1787 2737 1885 2773 Hm.

422 2785 488 2821 Tm·
517 2811 524 2820 .
542 2783 586 2819 vi.
610 2794 621 2820 ι
646 2784 792 2831 (Migne
811 2786 851 2821 P.
863 2746 905 2820 {a
924 2781 1014 2819 lxix.
1037 2784 1154 2829 ¹03²)·
1258 2793 1296 2829 13
1324 2795 1395 2819 non
1413 2785 1514 2819 modo
1531 2785 1761 2830 impet-taor&
1775 2785 1837 2820 sed
1852 2788 1887 2820 ee

413 2833 482 2879 phu·
496 2832 621 2878 ooophi
632 2843 722 2878 opta
734 2834 822 2878 epit:
845 2843 936 2878 opus
942 2831 1159 2886 philosophi,
1172 2841 1245 2867 non
1262 2836 1382 2867 tamon
1400 2832 1660 2877 imperator-ise
1683 2833 1711 2866 it
1722 2829 1886 2869 Cassiod.

417 2889 466 2916 20
491 2880 637 2916 Caritas
653 2881 748 2916 eta:
778 2889 792 2917 1
813 2878 897 2917 Cor.
916 2877 997 2916 xiii.
1014 2887 1047 2925 4.
1205 2888 1248 2916 21
1276 2879 1471 2926 Apostolus
1486 2879 1584 2916 eta:
1610 2889 1642 2918 ν.
1718 2890 1766 2916 m.
1784 2877 1810 2915 i.
1828 2887 1887 2926 3ο.

528 2958 593 2993 114
