1988 3250
0 0 10 195 l
186 189 286 222 οΑΡ.
301 179 402 237 xxi]
686 177 1124 223 POLICRATICVS
1661 179 1746 228 803
1765 179 1794 219 b

0 299 2 327 ³
185 297 299 342 Cum
333 312 439 341 uero
471 297 794 354 torquebantur
830 296 1075 340 Christiani
1113 301 1194 341 aut
1231 299 1546 356 spoliabantur,
1581 299 1645 342 eis

183 365 444 423 patientiam
464 365 686 408 indicebat
700 365 909 421 quoniam
929 365 1043 408 hanc
1063 365 1259 410 Galileus
1274 382 1424 410 eorum
1438 382 1644 425 expresso

182 434 318 477 uerbo
347 433 457 491 legis
486 437 532 477 et
560 433 813 477 testimonio
842 433 985 490 operis
1014 448 1116 477 suos
1151 434 1361 479 docuerat
1395 439 1642 480 sectatores.

0 330 7 578 i
182 503 308 546 Vnde
328 506 374 546 et
393 503 523 546 multi
544 501 898 546 Christianorum
922 505 1163 545 retrorsum
1187 503 1393 547 abierunt
1413 508 1492 547 aut
1511 507 1643 548 strati

141 588 162 624 5
181 574 303 615 metu
323 575 403 615 aut
421 571 539 629 capti
559 571 671 624 dolo,
694 573 739 614 et
758 571 1055 614 inualescebat
1073 572 1234 614 seuitia
1252 587 1537 629 paganorum.
1581 574 1643 617 Vt

180 643 329 684 autem
358 640 415 684 ad
443 641 712 698 ydolatriam
741 641 906 683 milites
935 640 1110 684 facilius
1138 645 1447 691 assuescerent,
1468 642 1643 685 studuit

179 709 237 753 ad
272 710 463 768 priscum
495 725 638 754 scema
669 709 908 754 reformare
942 710 1054 753 illud
1086 710 1263 768 signum
1293 710 1526 754 sublimius
1557 711 1642 754 Ro-

178 794 409 823 manorum
436 779 553 837 quod
583 778 903 824 Constantinus
926 780 973 822 in
1002 779 1190 823 formam
1217 780 1358 823 crucis
1377 783 1641 823 mutauerat.

179 847 344 891 Verum
379 848 426 891 in
457 848 644 906 publicis
674 849 942 906 imaginibus
973 849 1138 900 Iouem,
1170 849 1296 905 quasi
1336 849 1390 892 de
1429 849 1522 892 celo
1556 849 1640 892 sibi

120 936 163 967 ιο
178 931 383 962 coronam
413 918 722 962 defendentem
750 921 795 962 et
820 932 1075 976 purpuram,
1102 917 1369 961 Mercurium
1397 933 1570 975 quoque
1595 922 1640 962 et
1657 931 1683 962 c

179 987 368 1031 Martem
388 988 435 1030 in
455 1003 502 1031 se
521 987 815 1045 respicientes,
835 987 960 1030 uelut
983 1002 1063 1044 pro
1088 987 1343 1031 testimonio
1362 988 1575 1045 sapientis
1595 992 1641 1031 et

179 1055 309 1100 fortis
321 1057 611 1115 depingebat;
640 1057 720 1100 hoc
740 1071 876 1114 agens
895 1057 942 1098 in
963 1056 1231 1114 imaginibus
1251 1060 1302 1099 ut
1317 1056 1400 1099 sub
1415 1057 1639 1100 occasione

178 1126 352 1183 imperii
375 1126 566 1169 latenter
591 1125 882 1169 adorarentur
908 1125 983 1168 Dii
1008 1129 1054 1168 et
1073 1125 1155 1168 hoc
1174 1125 1293 1168 modi
1314 1125 1499 1168 subiecti
1520 1125 1639 1168 clan-

177 1195 276 1238 culo
310 1194 580 1245 fallerentur,
611 1194 770 1238 exinde
801 1194 863 1237 sic
893 1194 1012 1251 capti
1046 1193 1221 1237 facilius
1259 1194 1485 1251 impleturi
1520 1195 1639 1251 quod

119 1277 158 1312 ¹⁵
177 1263 323 1307 uellet.
382 1264 430 1307 Si
452 1278 557 1307 uero
577 1263 884 1314 detrectarent,
897 1266 1210 1320 torquerentur
1229 1266 1442 1320 tanquam
1464 1263 1638 1320 imperii

176 1336 507 1391 contemptores.
580 1333 868 1391 Approbabat
902 1336 1051 1376 autem
1087 1333 1236 1376 studia
1269 1332 1638 1385 Christianorum,

175 1402 279 1446 licet
298 1406 633 1460 persequeretur
651 1402 806 1454 fidem;
835 1405 881 1445 et
905 1402 1115 1445 exercitia
1135 1402 1367 1454 uirtutum,
1389 1417 1476 1459 quo
1503 1417 1637 1459 paga-

175 1486 333 1515 norum
362 1472 588 1515 roboraret
612 1487 816 1522 errorem,
836 1471 955 1529 apud
983 1471 1175 1514 Galileos
1202 1486 1290 1514 non
1318 1486 1424 1514 uera
1451 1473 1634 1515 mentie-

174 1540 308 1584 batur
327 1555 419 1584 esse
438 1542 515 1584 sed
535 1542 648 1585 ficta.
708 1541 916 1585 Decreuit
936 1556 1041 1598 ergo
1068 1541 1131 1584 eis
1157 1541 1349 1584 uirtutes
1372 1541 1564 1598 praeripi
1592 1545 1638 1585 et

117 1633 160 1659 ,ο
176 1624 370 1668 paganos
400 1610 666 1655 Christianis
696 1611 860 1668 absque
889 1611 976 1653 fide
1005 1611 1201 1653 moribus
1231 1610 1461 1653 institutos
1495 1610 1636 1667 philo-

174 1680 353 1738 sophiae
373 1681 516 1724 uoluit
536 1695 628 1724 esse
654 1680 856 1730 cultores,
875 1680 990 1722 sicut
1009 1679 1191 1723 Arsacio
1216 1680 1414 1736 pontifici
1435 1679 1638 1722 Galatiae

173 1749 338 1807 scripta
366 1749 423 1792 ab
452 1764 502 1793 eo
532 1749 579 1792 in
609 1749 726 1793 hunc
755 1749 934 1792 modum
964 1749 1092 1792 docet
1118 1749 1329 1806 epistola:
1359 1749 1638 1806 Paganorum

174 1818 288 1862 ritus
306 1819 501 1862 nondum
517 1818 667 1876 agitur
681 1818 921 1862 secundum
938 1818 1228 1861 intentionem
1242 1822 1439 1861 nostram
1455 1822 1637 1875 propter

175 1887 364 1931 cultores
383 1888 477 1932 eius
503 1889 550 1931 in
576 1888 847 1946 negligentia
866 1888 1042 1946 positos.
1103 1888 1220 1930 Nam
1247 1888 1429 1931 deorum
1456 1886 1678 1931 claritasd

118 1972 160 2007 ²5
177 1958 436 2014 magnitudo
468 1961 601 2015 atque
632 1958 881 2000 sublimitas
919 1957 1038 2000 omni
1078 1956 1276 2000 oratione
1315 1957 1522 2014 omnique
1560 1972 1637 2014 spe

177 2027 317 2070 maior
337 2030 414 2071 est.
472 2026 559 2070 Sed
579 2027 759 2085 propitii
780 2027 871 2070 sint
891 2026 1017 2070 nobis
1037 2026 1099 2068 dii
1120 2029 1301 2083 propter
1320 2026 1639 2083 negligentiam

177 2110 308 2153 quam
332 2097 554 2148 habemus,
573 2111 673 2140 cum
700 2097 876 2139 illorum
903 2096 1185 2154 prouidentia
1211 2097 1257 2138 in
1282 2110 1421 2152 paruo
1442 2100 1638 2153 tempore

176 2168 305 2209 tanta
323 2166 512 2210 mutatio
532 2165 651 2210 facta
671 2166 731 2210 sit
751 2169 963 2223 quantam
984 2180 1125 2222 neque
1145 2180 1271 2208 orare
1291 2165 1499 2222 primitus
1519 2166 1637 2222 quis-

176 2248 362 2291 cumque
399 2238 761 2293 praesumpserat.
835 2234 949 2279 Cum
989 2250 1094 2293 ergo
1132 2235 1350 2278 credimus
1389 2235 1470 2278 hoc
1511 2249 1637 2292 posse

118 2315 160 2347 30
177 2303 384 2357 sufficere,
431 2319 708 2362 nequaquam
757 2305 1014 2362 respicimus
1063 2305 1432 2361 quemadmodum
1482 2319 1634 2361 super-

177 2372 401 2416 stitionem
429 2372 780 2417 Christianorum
807 2373 936 2416 auxit
963 2388 1069 2416 cura
1095 2374 1427 2431 peregrinorum
1449 2376 1494 2416 et
1520 2373 1636 2416 circa

177 2441 426 2499 sepulturas
450 2445 496 2485 et
521 2444 716 2486 mortuos
742 2443 884 2486 multa
910 2442 1068 2486 solatia
1088 2444 1384 2500 honestaeque
1404 2457 1635 2487 conuersa·

178 2610 199 2647 7
225 2600 410 2638 sullimius
427 2599 493 2636 SM
589 2567 888 2639 1οηῖἰᾶζέῗῖζὲ
901 2601 955 2638 A:
980 2602 1214 2639 deferentem
1232 2600 1312 2638 S²M
1412 2612 1451 2639 11
1479 2601 1591 2638 uelud
1609 2601 1634 2638 S

176 2659 222 2695 24
246 2647 487 2696 neglegentia
501 2646 550 2682 Α*
687 2658 729 2695 25
757 2649 957 2686 sullimitas
972 2650 1038 2686 SM

227 2766 242 2792 1
273 2757 362 2793 Cum
378 2768 463 2792 uero
479 2757 573 2792 etc-t
598 2767 629 2792 v.
645 2754 804 2792 Cassiod.
822 2757 918 2791 Hice.
940 2758 1040 2802 Tn‘p.
1059 2755 1106 2792 vi.
1125 2766 1182 2802 39.
1361 2763 1393 2802 5,
1406 2756 1429 2791 6
1459 2756 1503 2790 Vt
1515 2760 1634 2791 autem

176 2806 249 2843 etc.
265 2815 274 2840 :
300 2816 332 2841 v.
346 2803 437 2840 ibid.
454 2803 502 2840 vi.
519 2813 575 2850 30.
720 2803 764 2840 16
787 2804 1019 2850 Approbabat
1035 2805 1128 2841 etc.:
1151 2815 1184 2839 v.
1201 2802 1290 2839 ibid.
1308 2802 1355 2839 vi.
1375 2812 1432 2848 29.

1459 2876 1525 2917 389
