1988 3250
220 213 303 262 625
322 221 347 251 c
694 212 959 257 IOANNIS
1000 212 1519 257 SARESBERIENSIS
1663 212 1774 275 [ΗΒ.
1789 225 1841 258 VI

363 345 478 388 quae
514 331 642 376 labor
671 333 912 392 multiplex
947 334 1204 391 adquisiuit,
1240 333 1359 377 solus
1394 333 1544 377 omnia
1578 333 1765 378 deuorat
1794 337 1841 378 et

363 401 596 445 consumit.
677 402 796 456 Quid
836 403 1017 447 multa?
1096 402 1409 447 Condixerunt
1447 406 1501 446 ut
1540 418 1568 446 a
1613 403 1840 447 laboribus

363 471 640 515 abstinerent
671 475 717 515 et
749 473 879 530 graui
914 473 1064 516 inedia
1094 474 1360 516 conficerent
1398 473 1527 515 illum
1565 473 1754 516 inertem
1794 476 1841 516 et

363 540 591 597 publicum
630 542 814 585 hostem.
886 542 1058 586 Exacta
1098 545 1166 586 est
1205 543 1266 585 sic
1306 558 1397 585 una
1436 543 1542 593 dies,
1582 546 1734 586 secuta
1773 545 1841 586 est

363 610 505 654 altera
554 612 776 656 tediosior.
855 612 1008 655 Tertia
1057 613 1166 655 adeo
1215 612 1462 669 perniciosa
1508 611 1599 655 fuit
1647 615 1700 655 ut
1746 611 1841 655 fere
1859 627 1879 662 ⁵

363 682 570 725 omnibus
599 681 823 725 defectum
857 681 1085 725 indiceret.
1163 682 1361 739 Vrgente
1391 681 1544 738 itaque
1579 681 1842 725 necessitate

363 751 528 794 fratres
571 751 680 794 item
725 751 773 793 in
803 765 943 793 unum
973 754 1279 794 conuenerunt
1309 751 1453 794 acturi
1489 751 1544 794 de
1576 751 1721 795 salute
1760 766 1842 795 sua

364 824 410 864 et
436 821 578 863 hostis
605 820 771 877 publici
792 823 928 864 statu,
988 820 1102 864 Cum
1122 835 1229 863 uero
1255 835 1407 864 omnes
1435 820 1705 872 assisterent,
1725 821 1840 864 oculi

362 889 646 947 languerunt,
686 904 763 947 pes
812 890 972 933 molem
1021 890 1216 947 corporis
1265 905 1356 934 non
1407 891 1562 946 erexit,
1602 891 1841 948 torpebant

362 959 560 1011 brachia,
598 959 675 1002 sed
716 962 762 1002 et
801 959 899 1016 ipsa
942 959 1097 1016 lingua
1137 959 1288 1003 inhers
1329 963 1375 1003 et
1414 960 1639 1003 deficienti
1688 960 1839 1017 palato
1861 972 1902 997 10

315 1030 345 1071 <1
363 1029 530 1072 sociata
551 1043 729 1072 causam
749 1042 1026 1071 communem
1047 1043 1267 1086 exponere
1287 1044 1376 1072 non
1397 1029 1707 1087 praesumpsit.
1767 1029 1841 1072 Ad

362 1098 506 1142 cordis
541 1113 647 1155 ergo
681 1098 914 1141 consilium
947 1099 1097 1141 omnia
1131 1099 1361 1141 redierunt
1393 1099 1544 1156 ibique
1580 1099 1736 1143 habita
1766 1099 1840 1142 de-

361 1167 624 1210 liberatione
644 1167 761 1210 ratio
780 1167 994 1224 patefecit
1014 1168 1224 1224 quoniam
1245 1169 1352 1212 haec
1373 1169 1491 1211 mala
1511 1169 1744 1226 ingerebat
1764 1168 1842 1226 qui

363 1239 469 1280 ante
498 1237 798 1279 denuntiatus.
821 1236 971 1280 fuerat
1001 1237 1204 1294 publicus
1235 1238 1385 1281 hostis.
1447 1238 1518 1280 Ex
1542 1253 1630 1295 quo
1658 1238 1775 1281 enim
1800 1237 1841 1281 ei

363 1306 537 1349 tributa
570 1306 799 1349 subtracta
831 1309 937 1349 sunt
972 1308 1017 1349 et
1048 1306 1142 1363 ipse
1173 1307 1299 1363 quasi
1329 1307 1532 1364 publicus
1561 1308 1841 1365 dispensator
1860 1321 1902 1357 15

364 1376 570 1419 omnibus
609 1376 822 1418 alimenta
862 1376 1088 1419 subduxit.
1150 1376 1210 1419 Et
1250 1377 1355 1434 quia
1394 1392 1523 1420 nemo
1562 1380 1710 1434 potest
1746 1377 1841 1420 sine

364 1446 598 1503 stipendiis
630 1446 836 1497 militare,
871 1461 972 1489 cum
1007 1447 1231 1503 stipendia
1264 1462 1354 1490 non
1394 1447 1651 1504 procedunt,
1687 1446 1842 1490 debili-

363 1519 491 1559 tatur
509 1519 555 1559 et
575 1515 803 1573 frangitur
822 1515 959 1558 miles.
1015 1515 1103 1559 Sed
1125 1530 1204 1559 nec
1224 1516 1271 1558 in
1296 1516 1645 1573 dispensatorem
1665 1518 1843 1573 poterat

364 1585 496 1642 culpa
531 1584 723 1635 refundi,
755 1585 833 1641 qui
874 1585 992 1642 quod
1026 1601 1116 1628 non
1151 1589 1390 1643 acceperat,
1422 1586 1604 1629 minime
1644 1586 1843 1643 potuerit

364 1655 465 1698 aliis
495 1669 688 1712 erogare.
749 1654 985 1711 Longeque
1014 1655 1159 1698 tutius
1189 1670 1282 1698 esse
1306 1659 1359 1698 ut
1389 1656 1428 1698 ei
1454 1655 1571 1712 quod
1599 1655 1842 1699 distribuat
1861 1668 1905 1692 σο

364 1724 646 1767 ministretur
679 1738 814 1780 quam
853 1723 932 1767 illo
965 1728 1180 1767 euacuato
1214 1725 1364 1768 omnia
1398 1725 1597 1768 membra
1630 1725 1841 1768 esuriant.

367 1794 642 1850 Factumque
673 1796 741 1836 est
771 1793 859 1846 ita3
899 1794 1114 1837 suadente
1145 1794 1316 1838 ratione
1349 1795 1545 1852 repletus
1575 1798 1643 1837 est
1672 1797 1842 1846 uenter,

366 1863 618 1906 refocillata
638 1863 848 1913 membra,
870 1866 916 1906 et
942 1878 1033 1920 pax
1060 1864 1258 1906 omnium
1281 1864 1534 1907 reformata.
1595 1864 1842 1907 Absolutus

213 1935 300 1976 626
319 1943 350 1974 a
368 1936 436 1976 est
463 1933 615 1990 itaque
642 1933 907 1983 stomachus,
928 1932 1016 1989 qui,
1041 1933 1144 1976 licet
1168 1948 1310 1976 uorax
1341 1933 1401 1976 sit
1431 1936 1476 1976 et
1505 1933 1665 1975 auidus
1695 1933 1842 1984 alieni,

367 2017 457 2045 non
478 2002 562 2044 sibi
583 2004 734 2044 tamen
755 2001 869 2058 petit
896 2002 972 2044 sed
1000 2002 1100 2045 aliis
1130 2017 1243 2059 quae
1272 2017 1324 2045 eo
1354 2002 1584 2045 exinanito
1613 2005 1842 2058 nequeunt
1861 2015 1901 2051 25

366 2071 622 2115 sustentari.
693 2070 798 2113 Tale
834 2074 912 2122 est,
947 2071 1106 2128 inquit,
1137 2072 1289 2123 frater,
1320 2072 1356 2115 si
1392 2075 1509 2115 recte
1545 2071 1764 2122 attendas,
1794 2071 1842 2114 in

366 2156 547 2198 corpore
568 2140 631 2183 rei
657 2140 859 2197 publicae
883 2140 972 2191 ubi,
994 2141 1097 2184 licet
1124 2141 1365 2198 plurimum
1393 2144 1577 2199 appetat
1606 2141 1842 2198 magistra-

367 2213 453 2261 tus,
474 2225 563 2253 non
584 2213 677 2252 tam
698 2209 782 2252 sibi
804 2224 937 2266 quam
959 2210 1058 2253 aliis
1078 2214 1320 2254 coaceruat.
1377 2210 1426 2253 Si
1447 2210 1565 2253 enim
1587 2210 1843 2253 exinanitus

368 2279 519 2331 fuerit,
554 2279 690 2322 nichil
730 2283 797 2322 est
833 2279 950 2336 quod
990 2279 1199 2322 membris
1238 2280 1388 2323 ualeat
1428 2280 1661 2337 impartiri.
1723 2279 1841 2322 Nam

367 2349 582 2394 stomachi
605 2349 650 2391 in
672 2363 851 2406 corpore
872 2353 917 2391 et
938 2349 1150 2406 principis
1176 2349 1222 2392 in
1249 2365 1294 2392 re
1316 2350 1492 2407 publica
1513 2350 1629 2392 idem
1650 2349 1841 2393 officium
1861 2368 1905 2402 30

367 2422 437 2464 est
457 2419 585 2462 iuxta
606 2418 717 2461 illud
739 2418 895 2471 Quinti
918 2418 1096 2461 Sereni:

544 2499 631 2553 Qui
662 2499 938 2542 stomachum
971 2514 1118 2554 regem
1151 2499 1290 2542 totius
1319 2498 1515 2556 corporis
1546 2514 1639 2542 esse

543 2557 830 2609 contendunt,
861 2572 968 2600 uera
998 2556 1081 2600 niti
1114 2557 1285 2600 ratione
1315 2557 1536 2601 uidentur.

369 2678 392 2715 9
418 2666 557 2704 molam
575 2666 726 2703 CBA¹S¹
869 2678 913 2704 22
942 2667 1123 2714 repletus]
1142 2666 1320 2715 impletus
1339 2667 1377 2703 M

422 2770 464 2805 16
488 2780 590 2804 nemo
604 2772 717 2814 potent
734 2769 829 2803 etc.:
856 2767 903 2803 cf.
927 2777 939 2802 1
961 2765 1042 2802 Cor.
1063 2764 1111 2802 ix.
1131 2775 1163 2811 7.
1350 2777 1394 2811 32
1423 2767 1493 2810 Qua·
1508 2768 1728 2803 stomachum
1746 2770 1844 2805 etc.:

368 2815 409 2860 Q.
439 2815 599 2852 Serenus
625 2814 885 2851 Sammonicus
909 2815 989 2851 Lib.
1017 2815 1188 2851 Medicin.
1215 2823 1377 2861 300—305
1406 2814 1617 2861 (Baehrens
1639 2817 1734 2852 I’oet.
1760 2817 1844 2853 Lat.

370 2864 463 2900 Min.
484 2862 538 2899 iii.
559 2874 622 2910 pp.
645 2872 720 2907 120,
745 2866 836 2910 121).

480 2943 522 2977 7²
