1988 3250
169 230 268 264 car.
284 216 366 279 111]
685 217 1088 262 POLICRATICV
1090 218 1123 262 S
1652 219 1729 270 641
1748 218 1778 258 d

168 353 262 382 esse
290 338 523 381 indubium
554 338 794 381 terminum
823 337 958 380 uitae.
1016 336 1099 379 Ille
1128 339 1290 388 autem,
1315 351 1415 380 cum
1438 337 1635 380 discendi

167 407 384 451 auiditate
431 407 639 465 gnauiter
691 421 921 450 accensum
965 405 1152 448 uidisset
1194 406 1430 456 hominem,
1470 406 1635 449 librum

167 475 359 534 Epitecti
381 476 518 519 Stoici
539 476 594 518 de
614 475 809 518 mantica
832 474 1033 531 protulit,
1059 474 1106 516 in
1132 489 1219 531 quo
1245 475 1410 531 scripta
1431 478 1559 517 erant
1583 490 1636 518 ea

166 560 279 603 quae
298 546 601 603 congruebant
621 544 807 587 decretis
827 544 1016 586 Zenonis
1036 547 1082 586 et
1103 542 1309 600 Crisippi,
1327 544 1402 600 qui
1424 543 1636 586 dicuntur

127 625 146 659 ⁵
166 614 303 658 fuisse
323 615 542 672 principes
566 614 827 656 Stoicorum.
889 612 1003 656 Cum
1035 628 1139 670 ergo
1164 613 1327 655 librum
1356 613 1402 654 in
1430 613 1635 655 manibus

165 683 365 742 Agellius
404 683 631 734 tenuisset,
667 683 842 725 inuenit
877 682 1038 725 Stoicis
1073 682 1288 739 placuisse
1328 697 1418 724 non
1458 696 1551 724 esse
1587 682 1634 723 in

164 756 384 811 potestate
405 753 596 796 hominis
616 756 668 796 ut
688 753 798 804 uisa,
812 767 924 809 quae
940 752 1200 809 phantasias
1216 751 1455 808 appellant,
1472 751 1517 792 in
1540 751 1635 793 ani-

0 870 19 882 ,γ
164 837 287 866 mum
299 823 485 866 ueniant
505 826 584 866 aut
599 822 830 874 recedant3
857 825 913 872 et,
933 836 1034 864 cum
1055 821 1262 864 uenerint
1283 835 1339 863 ex
1359 820 1635 863 terribilibus

0 891 23 941 li?
163 892 295 936 rebus
324 894 405 935 aut
433 895 598 942 contra,
627 906 801 935 necesse
831 894 1035 934 asserunt
1065 890 1233 933 moueri
1268 890 1467 932 animum
1498 890 1634 932 etiam

0 957 21 1015 ’,ᾖ
108 977 149 1002 10
164 961 377 1020 sapientis
400 965 453 1004 ut
481 961 706 1018 paulisper
735 963 858 1004 metu
888 960 1093 1018 trepidet,
1114 960 1302 1003 tristitia
1331 960 1634 1010 contrahatur,
1652 960 1735 1007 642
1756 969 1787 999 a

0 1028 23 1099 Γ
165 1031 380 1075 dilatetur
427 1030 583 1081 letitia,
633 1030 955 1088 cupiditatibus
994 1034 1239 1080 moueatur,
1284 1032 1514 1086 tamquam
1564 1029 1635 1072 his

8 1091 11 1098 ¹
164 1100 441 1158 passionibus
461 1100 852 1157 praeuenientibus
873 1100 1059 1143 rationis
1071 1103 1117 1143 et
1133 1099 1295 1142 mentis
1315 1099 1531 1150 officium;
1555 1113 1636 1143 nec

164 1174 315 1214 tamen
334 1170 434 1213 ideo
453 1170 765 1213 conscientiam
786 1170 892 1212 mali
917 1170 963 1212 in
992 1172 1140 1212 mente
1160 1169 1341 1219 uersari,
1366 1183 1446 1212 nec
1472 1183 1635 1226 appro-

163 1239 261 1283 bari
284 1239 371 1282 ista
397 1242 478 1282 aut
501 1239 563 1282 eis
594 1239 786 1296 aliquem
811 1239 1033 1297 indulgeri
1060 1253 1334 1282 consensum.
1397 1238 1494 1281 Hoc
1515 1238 1633 1281 enim

108 1321 148 1357 15
165 1323 256 1352 esse
275 1309 435 1352 uolunt
463 1308 510 1351 in
540 1312 761 1366 potestate
791 1309 924 1366 idque
953 1309 1166 1352 interesse
1189 1311 1371 1352 censent
1395 1308 1514 1351 inter
1537 1308 1631 1350 ani-

164 1393 286 1422 mum
331 1378 544 1435 sapientis
583 1382 629 1421 et
667 1378 807 1429 stulti,
848 1378 966 1435 quod
1010 1378 1176 1421 stultus
1216 1392 1430 1421 consensu
1470 1377 1633 1420 mentis

163 1447 440 1506 passionibus
459 1447 599 1500 cedit3
620 1448 796 1504 sapiens
816 1451 979 1498 autem,
995 1448 1098 1491 licet
1118 1462 1192 1490 eas
1212 1447 1474 1490 necessitate
1489 1447 1631 1504 patia-

163 1520 250 1568 tur,
264 1516 427 1560 retinet
446 1520 597 1560 tamen
616 1517 671 1560 de
691 1517 1018 1560 rationabiliter
1031 1517 1293 1574 appetendis
1313 1516 1386 1559 uel
1407 1516 1633 1573 fugiendis

164 1600 316 1630 ueram
355 1589 401 1630 et
438 1586 612 1629 firmam
652 1586 911 1630 inconcussa
959 1591 1108 1630 mente
1154 1586 1434 1630 sententiam.
1509 1586 1632 1629 Haec

0 1702 1 1707 Ἰ
105 1671 150 1696 20
166 1655 342 1713 quidem
369 1655 434 1698 illi
458 1659 637 1699 auctore
661 1656 835 1714 Agellio
859 1660 905 1700 et
934 1671 1015 1714 pro
1039 1660 1166 1714 parte
1197 1656 1424 1713 eleganter
1447 1658 1493 1698 et
1516 1670 1632 1698 uere.

61 1716 65 1721 ¹
166 1724 329 1768 Errant
347 1728 509 1776 tamen,
528 1726 566 1768 si
586 1726 773 1769 istarum
794 1727 1061 1783 passionum,
1083 1741 1195 1783 quae
1219 1725 1490 1769 necessariae
1514 1728 1632 1775 sunt,

164 1794 478 1852 repressionem
513 1798 559 1838 et
590 1796 926 1853 castigationem
958 1796 1072 1839 citra
1104 1796 1296 1853 gratiam
1332 1795 1504 1838 uiribus
1538 1796 1630 1838 suis
1648 1799 1678 1838 b

165 1863 432 1916 adscribunt,
457 1879 508 1907 eo
542 1865 660 1922 quod
691 1866 828 1908 solius
862 1865 1112 1908 miserentis
1138 1865 1222 1908 Dei
1254 1868 1333 1915 est,
1354 1880 1444 1908 non
1475 1865 1631 1922 utique

164 1933 381 1977 currentis
400 1933 592 1976 hominis
611 1937 692 1977 aut
711 1934 914 1985 uolentis,
935 1938 988 1977 ut
1008 1935 1091 1977 hae
1107 1934 1154 1976 in
1167 1948 1298 1976 usum
1315 1934 1514 1976 iustitiae
1530 1948 1631 1977 con-

109 2015 148 2051 25
164 2004 409 2047 uertantur.
469 2003 565 2046 Hoc
589 2009 738 2047 autem
768 2003 958 2047 sufficiat
988 2004 1291 2047 demonstrare
1321 2003 1439 2060 quod
1471 2003 1632 2046 timore

164 2072 378 2115 modestia
407 2072 689 2129 dispensatur
722 2077 768 2116 et
796 2073 1136 2130 philosophandi
1166 2073 1310 2130 prima
1339 2072 1557 2115 sternitur
1586 2076 1632 2115 et

163 2141 413 2199 disponitur
464 2141 552 2185 uia.
626 2142 855 2199 Siquidem
907 2143 1121 2200 scriptum
1174 2146 1242 2186 est
1296 2142 1401 2199 quia
1450 2142 1631 2185 initium

164 2210 406 2268 sapientiae
435 2213 481 2254 et
510 2211 612 2254 finis
641 2212 881 2255 modestiae
910 2212 1045 2255 timor
1075 2212 1267 2255 Domini.

167 2363 188 2400 3
212 2353 333 2400 stoyci
350 2354 381 2390 A
476 2363 494 2402 5
519 2356 734 2401 stoycorum
750 2355 783 2391 A
878 2357 901 2392 6
918 2355 1057 2403 stoycis
1072 2356 1107 2391 A
1202 2364 1222 2401 7
1240 2354 1415 2402 apellant
1433 2354 1488 2392 OS
1588 2355 1630 2392 18

165 2400 365 2447 apetendis
380 2399 435 2438 OS
575 2413 622 2448 24
645 2402 715 2439 hec
732 2401 854 2439 CBAS

215 2542 236 2578 3
259 2533 437 2578 Epitectt‘:
463 2532 488 2569 i.
499 2543 530 2569 e.
549 2532 728 2579 Epicteti.
911 2544 956 2580 23
983 2536 1185 2570 miserentis
1201 2536 1298 2571 etc.:
1323 2546 1355 2570 v.
1376 2534 1484 2570 Rom.
1505 2533 1555 2570 ix.
1578 2535 1633 2571 16.

167 2587 224 2623 27,
257 2581 302 2615 28
337 2581 486 2616 initium
521 2583 723 2626 sapientiae
757 2583 868 2618 timor
902 2583 1076 2618 Domini:
1126 2582 1182 2618 Ps.
1207 2594 1265 2619 cx.
1291 2592 1355 2627 10;
1390 2580 1497 2618 Eccli
1528 2580 1556 2618 i.
1578 2583 1631 2618 16.

167 2628 212 2662 28
227 2627 324 2671 finis
339 2628 529 2664 modestiae
545 2630 656 2665 timor
670 2630 822 2665 Domini
837 2641 846 2666 :
873 2629 977 2666 Prov.
994 2628 1085 2666 xxii.
1102 2640 1136 2675 4.

1458 2943 1517 2968 101
