1988 3250
268 229 340 268 812
359 227 388 269 d
722 225 985 270 IOANNIS
1022 223 1539 270 SARESBERIENSIS
1657 222 1769 284 [Lm.
1784 235 1878 268 vlu

404 347 512 391 dum
542 348 834 400 alleuaretur;
868 346 1098 390 subuectio
1132 346 1350 403 siquidem
1382 346 1621 403 impiorum
1655 345 1878 404 grauioris

405 417 561 461 ruinae
590 417 873 475 praeparatio
896 419 975 460 est.
1037 415 1148 470 Quis
1175 418 1325 458 autem
1346 430 1398 459 eo
1421 415 1616 472 iniquior
1642 415 1719 472 qui
1746 415 1876 458 mini-

265 488 339 537 813
359 498 389 527 a
405 487 592 530 sterium
612 487 745 544 pacis,
760 485 1035 530 sacrificandi
1055 485 1247 528 officium
1268 485 1317 528 in
1337 485 1458 528 rixas
1474 485 1618 528 mittit
1638 488 1683 528 et
1702 484 1876 528 carnifi-

403 557 554 601 cium?
613 557 834 610 Quorsum
861 570 1024 612 quaeso
1050 557 1180 598 tanta
1211 554 1499 598 immanitas?
1558 554 1790 611 Numquid
1818 553 1878 597 ad

402 626 578 670 uitam2
637 625 725 669 Sed
745 640 897 668 eorum
925 625 1027 667 finis
1047 624 1267 668 interitus,
1326 623 1399 666 An
1427 624 1484 666 ad
1512 624 1729 682 gloriam?
1788 623 1877 667 Sed
1895 638 1915 674 5

402 696 545 754 gloria
564 710 716 738 eorum
737 695 784 737 in
805 694 1062 738 confusione
1085 696 1164 736 est.
1224 693 1297 735 An
1329 693 1386 735 ad
1421 693 1729 750 uoluptatem?
1772 707 1878 750 ergo

402 768 449 808 et
477 780 629 808 eorum
660 764 781 807 Deus
806 766 965 806 uenter
987 765 1064 806 est.
1125 762 1198 804 An
1224 765 1277 805 ut
1302 762 1595 805 nobilitentur
1614 763 1662 804 in
1681 777 1812 805 carne
1833 764 1880 805 et

404 834 651 892 sanguine?
682 833 759 876 sed
778 847 880 876 caro
900 835 945 875 et
965 831 1147 889 sanguis
1167 845 1354 889 regnum
1376 831 1459 874 Dei
1472 846 1562 874 non
1577 831 1877 888 possidebunt,

405 904 524 947 Nam
554 903 768 946 aduersus
797 901 995 945 carnales
1023 916 1114 944 non
1138 915 1220 958 ego
1249 900 1326 943 sed
1357 901 1465 943 haec
1494 903 1540 943 et
1562 901 1772 958 grauiora
1806 901 1878 947 his

404 973 646 1031 apostolica
679 973 856 1014 intonat
890 971 1022 1014 tuba:
1072 971 1283 1023 Quorum,
1315 970 1475 1027 inquit,
1515 970 1617 1013 finis
1655 970 1878 1022 interitus,
1898 986 1940 1022 ιφ

405 1057 591 1100 quorum
621 1042 743 1085 Deus
766 1044 924 1084 uenter
954 1043 999 1083 et
1027 1040 1171 1097 gloria
1197 1039 1245 1081 in
1271 1039 1541 1089 confusione,
1566 1039 1672 1096 quia
1699 1042 1878 1090 terrena

404 1112 586 1169 sapiunt
603 1125 612 1163 ;
642 1111 691 1161 si,
705 1113 757 1153 ut
777 1125 903 1153 suam
924 1109 1134 1166 expleant
1154 1108 1445 1159 uoluntatem,
1465 1109 1567 1152 aliis
1586 1109 1878 1167 dominantes,

405 1180 523 1237 quod
553 1179 823 1222 tirannicum
854 1182 932 1230 est,
963 1178 1026 1220 eis
1057 1177 1194 1220 nichil
1227 1177 1374 1220 minus
1406 1178 1664 1234 proueniet;
1698 1178 1878 1232 tiranno

403 1249 622 1307 siquidem
643 1249 781 1292 nichil
807 1251 956 1291 tutum
978 1250 1046 1290 est
1075 1249 1156 1290 aut
1182 1247 1398 1304 quietum.
1458 1247 1692 1306 Interroga
1712 1247 1877 1292 Damo-

357 1320 386 1360 b
404 1319 527 1370 clem,
546 1322 592 1361 et
612 1333 657 1362 se
679 1318 760 1361 hoc
780 1333 808 1360 a
827 1317 1007 1360 tiranno
1033 1316 1210 1360 Siciliae
1234 1316 1438 1360 didicisse
1466 1316 1694 1368 fatebitur,
1714 1332 1814 1361 cum
1835 1317 1876 1361 ei
1898 1335 1938 1373 ¹5

404 1389 600 1445 undique
630 1388 677 1430 in
707 1387 913 1430 ardentes
942 1401 1109 1443 prunas
1139 1386 1271 1429 ruina
1300 1386 1564 1439 immineret,
1595 1387 1653 1430 ad
1681 1387 1877 1444 primum

403 1461 564 1501 nutum
580 1461 625 1501 et
645 1457 772 1514 quasi
792 1456 988 1499 texentis
1003 1455 1105 1499 licio
1120 1455 1372 1512 dependens
1383 1456 1560 1513 gladius
1574 1456 1693 1499 inter
1707 1456 1878 1514 regales

402 1528 578 1571 delitias
607 1526 767 1570 ceruici
798 1526 918 1569 illius
948 1525 1106 1569 similis
1136 1525 1315 1568 ferienti
1347 1525 1547 1568 irrueret.
1627 1525 1725 1570 Hoc
1755 1525 1872 1571 idern

402 1597 521 1655 apud
542 1596 838 1640 Claudianum
858 1595 1023 1638 astruit
1042 1594 1339 1648 Theodosius;
1367 1595 1433 1638 ait
1453 1595 1570 1638 enim
1587 1611 1597 1638 :

518 1688 606 1741 Qui
628 1690 765 1731 terret
783 1687 884 1744 plus
904 1687 997 1744 ipse
1016 1688 1158 1737 timet,
1177 1701 1271 1730 sors
1292 1687 1379 1730 ista
1399 1687 1590 1730 tirannis
1891 1709 1940 1742 ³9

517 1746 748 1798 conuenit;
779 1745 1011 1788 inuideant
1030 1745 1160 1788 claris
1187 1744 1411 1802 fortesque
1432 1746 1669 1791 trucident.

518 1804 683 1847 Muniti
703 1803 864 1861 gladiis
885 1803 1044 1846 uiuant
1064 1803 1265 1860 septique
1285 1804 1492 1856 uenenis;

518 1863 733 1919 ancipites
754 1862 948 1904 habeant
968 1865 1086 1904 artes
1106 1861 1356 1918 trepidique
1376 1862 1614 1905 minentur.

517 1921 585 1964 Tu
605 1920 746 1964 ciuem
749 1923 1025 2021 1patremque
1044 1934 1185 1976 geras,
1204 1922 1256 1962 tu
1276 1920 1453 1962 consule
1472 1920 1655 1964 cunctis.

796 1992 843 2021 ec
861 1981 941 2020 tua
956 1981 1001 2020 te
1022 1980 1231 2020 moueant
1250 1978 1324 2020 sed
1346 1978 1524 2035 publica
1543 1981 1659 2022 uota.
1895 1994 1934 2030 ²⁵

404 2071 621 2115 Erubesce
643 2069 809 2127 Sydon,
828 2069 893 2112 ait
911 2083 1056 2122 mare3
1087 2069 1192 2126 quia
1211 2069 1299 2112 iam
1320 2070 1510 2114 carnalis
1539 2070 1739 2128 loquitur
1762 2085 1875 2130 quae

402 2141 475 2184 uir
504 2139 750 2198 spiritualis
776 2138 930 2181 audire
958 2153 1046 2181 non
1078 2142 1234 2196 potest.
1295 2139 1343 2182 Si
1371 2139 1487 2182 enim
1509 2140 1717 2184 audirent
1735 2155 1876 2185 sacer·

402 2211 528 2254 dotes
548 2223 699 2252 uocem
721 2208 847 2258 hane,
867 2223 1145 2265 nequaquam
1173 2222 1253 2265 per
1272 2208 1362 2251 tela
1382 2224 1461 2266 per
1480 2209 1628 2253 hostes
1648 2212 1878 2254 currerent

361 2294 386 2324 c
403 2284 455 2324 ut
484 2280 650 2338 primas
678 2278 911 2321 cathedras
940 2281 1218 2335 occuparent.
1277 2277 1377 2329 Sed,
1408 2278 1511 2322 licet
1533 2293 1685 2323 omnes
1714 2278 1876 2330 summi

409 2421 451 2456 13
476 2409 680 2447 tiranicum
699 2410 730 2446 A
885 2420 942 2464 ρο.
954 2409 1126 2456 tyrannis
1145 2409 1174 2444 B
1333 2420 1378 2456 23
1404 2422 1509 2448 arces
1525 2409 1671 2447 013²sM
1829 2420 1874 2465 25

405 2464 490 2495 ante
506 2470 575 2494 nec
593 2460 662 2494 tua
678 2459 762 2494 add.
780 2468 855 2494 non
873 2457 945 2493 tibi
962 2456 1050 2493 A²M
1147 2460 1186 2493 te
1205 2459 1272 2493 tua
1290 2456 1328 2493 Βι

453 2580 475 2614 8
500 2581 561 2614 ned
577 2591 660 2615 caro
677 2583 709 2614 et
725 2579 877 2624 sanquis
893 2579 964 2614 etc.
982 2589 990 2614 :
1018 2589 1049 2612 v.
1072 2587 1083 2613 ι
1107 2576 1189 2614 Cor.
1211 2589 1266 2614 xv.
1288 2587 1344 2624 50.
1530 2589 1573 2615 10
1599 2580 1758 2623 Quonam
1775 2580 1847 2616 etc.
1865 2591 1875 2617 ε

406 2639 439 2662 v.
460 2625 626 2672 Philipp,
645 2625 696 2661 iii.
722 2636 774 2672 ¹9·
963 2635 1015 2669 14,
1039 2635 1049 2660 ι
1062 2634 1077 2670 5
1106 2626 1311 2661 Damoclem
1329 2627 1425 2662 etc.:
1452 2637 1486 2662 v.
1502 2625 1578 2662 Cic.
1601 2628 1701 2662 Tusc.
1720 2628 1790 2663 ms
1817 2653 1826 2663 .
1844 2638 1876 2664 v.

408 2683 448 2709 21
473 2673 514 2719 §§
534 2676 594 2716 61,
613 2675 669 2709 62.
889 2682 936 2709 20
962 2674 1032 2716 Qua·
1049 2678 1153 2707 teme
1172 2675 1244 2708 etc.
1263 2687 1269 2709 :
1296 2673 1425 2709 Claud.
1443 2675 1616 2719 Paneyyr.
1636 2675 1679 2710 de
1695 2675 1757 2710 IV
1800 2685 1877 2711 ons.

406 2722 544 2757 Honor.
564 2730 738 2767 290-295.
908 2721 954 2756 26
979 2721 1155 2755 Erubesce
1171 2722 1313 2766 Sydon:
1344 2720 1412 2756 Ina..
1431 2720 1537 2757 xxiii.
1555 2732 1589 2766 4.
1743 2724 1788 2757 28
1808 2733 1882 2767 per

405 2770 475 2804 tela
490 2780 559 2822 per
573 2770 706 2804 honen:
736 2767 846 2812 Verg.
863 2768 956 2804 Aen.
978 2766 1016 2803 ii.
1036 2771 1115 2812 358.
1299 2778 1344 2812 29
1365 2770 1511 2814 primas
1527 2770 1737 2805 cathedras:
1764 2767 1876 2806 Matt.

405 2815 509 2852 xxiii.
528 2816 562 2852 6.
681 2817 759 2857 Sed,
780 2816 859 2850 licet
877 2817 947 2851 cto.
965 2826 974 2852 ι
1003 2813 1105 2851 Hace
1122 2814 1236 2852 verba
1254 2826 1371 2861 usque
1389 2815 1436 2851 ad
1455 2817 1738 2852 labor-losissu'ma
1758 2815 1877 2858 minio

404 2862 553 2899 notavit
572 2862 755 2899 Parkcru·
774 2861 811 2898 in
831 2861 910 2899 cod.
929 2862 968 2899 C.

513 2936 580 2980 ⁴08
