1988 3250
222 189 306 239 803
324 187 355 230 d
698 188 960 234 IOANNIS
999 188 1513 234 SARESBERIENSIS
1611 188 1721 251 [Lm.
1737 201 1830 235 VIII

368 307 504 351 tionis
523 307 673 351 studia
691 323 781 352 non
799 323 908 352 uera
927 308 1004 352 sed
1018 309 1133 353 ficta.
1173 309 1295 363 Quas
1314 324 1384 353 res
1403 310 1596 354 arbitror
1615 310 1734 368 apud
1749 324 1829 355 nos

367 377 527 421 debere
546 377 629 420 sub
649 377 839 421 ueritate
857 378 963 436 geri.
1022 378 1127 422 Non
1152 378 1304 436 itaque
1329 382 1400 422 sat
1421 382 1489 423 est
1514 382 1560 423 te
1578 379 1714 423 talem
1736 394 1829 424 esse

367 446 445 489 sed
470 461 621 490 omnes
647 446 847 490 absolute
873 447 988 491 circa
1019 447 1240 491 Galatiam
1270 448 1528 493 sacerdotes.
1598 448 1719 502 Quos
1749 451 1830 492 aut

216 519 300 569 804
320 530 350 560 a
367 515 599 573 deprecare
627 519 708 559 aut
737 516 907 559 ratione
936 517 1062 560 flecte
1091 519 1171 560 aut
1199 520 1316 561 certe
1343 518 1607 561 festinanter
1635 533 1661 561 a
1691 532 1829 561 sacer-

366 584 505 628 dotali
530 585 775 628 ministerio
801 600 989 638 remoue,
1009 586 1094 628 nisi
1125 585 1211 629 diis
1236 600 1335 629 cum
1362 587 1622 644 coniugibus
1649 589 1696 630 et
1723 587 1828 630 filiis
1845 596 1867 631 ⁵

364 657 499 711 atque
519 654 659 697 seruis
684 654 796 697 colla
823 654 1121 707 submiserint,
1142 670 1232 697 non
1252 654 1445 698 ferentes
1468 655 1656 699 ulterius
1675 670 1827 699 eorum

363 737 514 766 seruos
545 726 626 766 aut
662 724 776 766 filios
815 724 896 767 hoc
936 724 1080 767 facere
1118 726 1479 781 contempnentes
1517 727 1597 767 aut
1635 725 1829 769 Galileos

362 792 498 850 impie
526 796 681 837 contra
709 793 812 836 deos
842 797 1023 852 agentes
1053 797 1099 837 et
1137 794 1388 850 impietates
1421 794 1663 851 pietatibus
1701 809 1826 852 prae-

361 865 587 919 ponentes.
644 862 815 905 Deinde
849 866 1029 906 cunctos
1061 862 1247 906 admone
1278 866 1331 905 ut
1361 863 1562 906 sacerdos
1592 877 1734 920 neque
1767 863 1826 908 ad

360 932 610 988 spectacula
642 932 851 989 procedat
884 947 1026 988 neque
1058 932 1105 974 in
1139 931 1336 975 tabernis
1370 932 1496 975 bibat
1532 935 1613 975 aut
1644 932 1826 976 cuilibet
1845 948 1887 974 xo

360 1000 448 1043 arti
477 1001 768 1058 operibusque
797 1001 1003 1058 turpibus
1033 1004 1113 1044 aut
1140 1001 1473 1058 impudentibus
1501 1001 1677 1059 praesit.
1737 1001 1825 1055 Qui

360 1069 573 1113 obediunt
616 1070 900 1122 honorentur,
938 1070 1241 1114 inobedientes
1280 1071 1460 1128 expelle.
1538 1071 1824 1115 Xenodochia

358 1139 578 1183 constitue
593 1154 672 1196 per
686 1139 883 1196 singulas
898 1139 1115 1190 ciuitates,
1128 1143 1180 1183 ut
1192 1143 1343 1183 nostra
1359 1140 1580 1198 peregrini
1592 1140 1826 1184 clementia

358 1206 580 1260 fruantur,
612 1223 701 1251 non
732 1211 908 1251 tantum
943 1209 1097 1261 nostri,
1128 1209 1205 1252 sed
1237 1209 1372 1252 etiam
1403 1210 1603 1253 extranei
1637 1210 1825 1267 pecunia

358 1276 618 1335 indigentes.
678 1278 741 1320 Vt
764 1278 926 1320 habeas
955 1278 1072 1321 unde
1102 1279 1194 1331 fiat,
1223 1279 1402 1322 interim
1432 1279 1606 1322 decreui
1636 1279 1823 1337 singulis
1842 1296 1884 1332 15

360 1346 490 1389 annis
529 1347 717 1404 triginta
759 1347 883 1390 milia
922 1347 1061 1391 tritici
1100 1348 1269 1391 modios
1307 1363 1387 1406 per
1425 1349 1679 1392 uniuersam
1724 1349 1822 1392 dari

314 1416 344 1455 b
362 1414 584 1458 Galatiam
605 1419 650 1459 et
670 1417 904 1474 sexaginta
923 1417 1046 1459 milia
1067 1417 1161 1460 uini
1185 1418 1411 1461 sextarios.
1472 1418 1645 1461 Horum
1666 1418 1824 1475 quinta

358 1498 462 1541 pars
482 1485 749 1542 pauperibus
769 1485 935 1542 templa
946 1486 1285 1530 obseruantibus
1297 1487 1428 1530 debet
1440 1487 1640 1544 expendi,
1652 1487 1824 1544 reliqua

358 1554 604 1611 peregrinis
634 1554 1023 1612 indigentibusque
1063 1555 1282 1599 distribui.
1353 1557 1500 1614 Turpe
1531 1571 1720 1614 namque
1753 1559 1822 1600 est

358 1626 410 1665 ut
437 1622 596 1666 Iudeos
623 1638 711 1667 non
739 1624 932 1668 abiciant
951 1625 1027 1667 sed
1054 1625 1201 1682 potius
1221 1626 1426 1669 nutriant
1451 1626 1576 1684 impii
1597 1626 1755 1669 Galilei
1776 1629 1822 1669 et
1840 1641 1883 1666 20

358 1706 460 1735 suos
485 1693 653 1749 pariter
678 1708 757 1736 nec
784 1708 873 1736 non
901 1694 1034 1737 etiam
1060 1698 1244 1746 nostros,
1270 1695 1411 1739 nostri
1435 1710 1541 1739 uero
1568 1699 1820 1738 nostrorum

356 1761 515 1804 solatio
564 1762 833 1806 deserantur.
914 1763 1193 1821 Quapropter
1231 1765 1336 1809 doce
1385 1765 1519 1808 etiam
1567 1765 1822 1808 collationes

356 1829 500 1874 facere
540 1845 736 1888 paganos
773 1831 831 1874 ad
870 1832 979 1875 talia
1019 1834 1264 1876 ministeria
1302 1849 1661 1892 paganorumque
1700 1834 1822 1878 uicos

354 1900 510 1943 offerre
550 1901 770 1958 primitias
810 1900 1001 1959 frugum.
1075 1902 1247 1959 Eosque
1286 1903 1537 1946 huiusmodi
1578 1903 1821 1947 benefactis

357 1968 543 2012 institue
592 1970 752 2013 docens
800 1985 873 2014 eos
922 1972 1003 2015 hoc
1052 1986 1162 2029 opus
1210 1972 1315 2015 olim
1370 1972 1506 2016 fuisse
1557 1975 1818 2016 nostrorum.
1842 1989 1881 2025 ²5

359 2038 580 2082 Homerus
621 2039 738 2082 enim
780 2040 861 2083 hoc
902 2041 1061 2097 probat
1110 2042 1391 2085 introducens
1437 2042 1668 2085 Emenium
1713 2042 1823 2085 talia

358 2106 606 2151 facientem.
667 2108 761 2152 Nos
781 2123 885 2166 ergo
915 2125 1056 2167 neque
1076 2110 1191 2153 bona
1210 2114 1461 2154 nostrorum
1482 2111 1722 2164 imitamur,
1743 2111 1821 2155 sed

357 2177 457 2221 aliis
497 2178 778 2232 remittimus,
818 2180 1089 2237 negligentia
1128 2195 1216 2223 non
1261 2180 1444 2231 confusi,
1480 2180 1622 2238 magis
1669 2182 1821 2223 autem

357 2246 539 2291 deorum
561 2248 853 2292 reuerentiam
881 2254 1147 2307 respuentes.
1207 2249 1255 2293 Si
1281 2250 1420 2307 igitur
1444 2250 1550 2294 haec
1579 2253 1624 2294 te
1655 2249 1820 2293 facien-

317 2335 342 2366 c
358 2321 447 2360 tem
475 2332 556 2375 ego
581 2332 838 2375 cognouero,
857 2318 1001 2362 letitia
1025 2319 1180 2376 plenus
1207 2333 1293 2363 ero.
1352 2319 1577 2363 Praesides
1600 2319 1818 2377 prouinci-
1836 2333 1882 2368 30

357 2401 483 2430 arum
507 2387 649 2430 rarius
670 2387 788 2430 domi
809 2387 990 2445 suscipe,
1012 2388 1267 2445 frequenter
1287 2389 1349 2432 eis
1369 2389 1534 2446 scripta
1553 2389 1818 2433 transmitte.

358 2455 717 2514 Ingredientibus
746 2457 809 2500 eis
847 2458 1074 2501 ciuitatem
1114 2458 1390 2502 sacerdotum
1425 2458 1574 2502 nullus
1608 2462 1820 2503 occurrat.

358 2523 560 2582 Cumque
580 2525 636 2568 ad
659 2526 823 2583 templa
843 2527 1047 2570 uenerint
1066 2527 1260 2580 deorum,
1282 2528 1400 2571 intra
1424 2528 1579 2571 ianuas
1599 2543 1671 2572 eos
1691 2543 1820 2573 nemo

358 2594 592 2652 praecedat
616 2595 808 2639 militum
838 2595 953 2640 forte
979 2600 1059 2639 aut
1089 2597 1443 2654 praecedentium
1467 2597 1720 2651 officiorum,
1741 2598 1819 2642 sed

357 2695 377 2731 7
405 2667 688 2723 contemnente·
704 2686 764 2723 CB
881 2698 921 2724 η
947 2687 1179 2726 honorentur
1195 2688 1256 2726 CB
1378 2690 1421 2727 16
1445 2700 1520 2726 xxx
1536 2688 1657 2727 CBAS
1775 2692 1818 2729 18

355 2732 510 2781 templi·
528 2733 552 2770 8
680 2745 723 2780 33
750 2745 859 2772 nemo
875 2747 936 2772 eon
952 2735 997 2772 A·

404 2821 449 2857 26
474 2821 684 2859 Emenium:
710 2822 913 2859 Eumaeum
930 2821 1095 2860 Cassiod.

465 2900 532 2935 ³90
