1988 3250
131 229 237 288 ὀμ».
251 216 366 277 vm]
652 213 1093 260 PomcssAtmcvs
1172 191 1179 197 ’

137 337 448 385 mandatorum
472 335 569 387 Dei,
589 335 834 392 sapientem
862 334 973 378 facit
1001 334 1125 391 (nam
1155 337 1200 378 et
1226 335 1444 392 propheta
1469 334 1604 378 dicit:

137 408 181 451 A
199 405 421 449 mandatis
443 405 535 448 tuis
563 403 794 462 intellexi),
815 404 877 447 sic
897 403 1096 446 animum
1117 404 1347 460 explendis
1370 407 1526 461 aptare
1553 418 1606 447 ea

138 475 315 519 demum
342 473 622 532 philosophia
647 473 880 516 uerissima
909 475 986 515 est.
1047 472 1135 515 Sed
1165 476 1272 515 sunt
1301 473 1378 528 qui
1408 473 1606 515 nondum

139 544 320 602 explent
351 545 432 586 aut
478 544 693 599 aptantur
733 542 978 598 explendis,
1010 541 1260 599 approbant
1299 545 1448 584 tamen
1488 542 1606 598 quod

101 612 385 672 §suspiciunt
423 611 471 654 in
510 611 621 662 aliis,
661 614 708 654 et
746 611 835 654 illis
870 614 1049 654 auctore
1088 610 1184 654 Deo
1218 611 1473 654 desiderant
1506 625 1608 654 con-

140 681 334 726 formari.
394 680 475 724 Est
510 695 615 738 ergo
649 680 815 738 gradus
850 680 1224 723 eminentissimus
1259 694 1410 722 eorum
1446 680 1522 736 qui
1560 680 1607 722 in

1624 212 1758 264 652d

139 750 525 794 iustificationibus
563 753 858 807 occupantur;
908 749 1080 792 medius
1109 763 1297 806 quorum
1325 749 1501 791 animus
1531 764 1607 791 ex·
1624 747 1708 796 653
1728 756 1758 784 a

139 819 316 878 peditus
336 822 402 862 est
426 834 454 862 a
477 819 602 862 uitiis
626 822 678 862 ut
705 834 762 862 ex
786 833 934 862 amore
954 823 1193 876 occupetur
1219 819 1266 861 in
1287 818 1399 871 illis3
1430 819 1610 861 infimus

140 889 218 947 qui
237 888 489 932 desiderant
509 888 707 945 expediri
729 891 782 931 ut
809 889 891 932 hoc
915 889 1061 946 ipsum
1085 888 1391 945 concupiscere
1415 888 1611 945 possint;

83 977 126 1010 ιο
141 957 230 1016 qui,
245 957 328 1001 etsi
343 972 432 1000 non
448 957 550 1008 sint,
565 957 819 1001 desiderant
839 962 989 1001 tamen
1005 973 1099 1001 esse
1119 958 1384 1015 philosophi.
1436 959 1611 1001 Horum

141 1041 372 1085 personam
391 1026 599 1070 induerat
619 1027 837 1084 propheta
857 1028 1022 1071 dicens:
1054 1026 1324 1084 Concupiuit
1343 1028 1494 1070 anima
1514 1042 1613 1070 mea

141 1096 388 1140 desiderare
407 1096 742 1140 iustificationes
762 1100 864 1140 tuas
885 1098 932 1140 in
953 1098 1073 1140 omni
1094 1100 1303 1154 tempore.
1361 1097 1469 1140 Eius
1488 1112 1611 1140 nam-

142 1181 227 1224 que
246 1167 374 1209 tanta
394 1168 461 1208 est
480 1165 765 1223 pulchritudo
786 1167 916 1224 quod,
931 1167 981 1218 si,
997 1170 1050 1210 ut
1069 1167 1135 1210 ait
1152 1167 1290 1218 Plato,
1306 1166 1447 1209 uideri
1465 1171 1613 1224 posset

141 1234 278 1279 oculis
297 1235 502 1292 corporis,
518 1249 666 1278 amore
686 1236 930 1293 sapientiae
946 1237 1211 1280 mirabiliter
1225 1237 1425 1279 homines
1441 1237 1612 1279 inflam-

83 1321 126 1359 η
142 1307 293 1356 maret,
309 1303 419 1348 adeo
439 1304 616 1361 quidem
638 1309 690 1349 ut
709 1306 854 1363 primo
873 1309 1055 1363 aspectu
1070 1321 1244 1350 necesse
1260 1309 1374 1349 esset
1394 1321 1545 1349 omnes
1566 1306 1613 1349 in

143 1388 334 1418 amorem
355 1373 558 1417 incidere.
618 1375 747 1418 Hanc
774 1379 897 1418 amat
925 1379 970 1419 et
1000 1376 1197 1432 exquirit
1216 1391 1243 1418 a
1270 1376 1505 1418 iuuentute
1532 1390 1614 1418 sua

86 1495 87 1498 Ἴ
141 1443 283 1489 fidelis
302 1443 451 1486 anima
469 1443 595 1487 cuius
615 1447 816 1488 senectus
836 1448 1011 1489 constat
1039 1445 1086 1487 in
1114 1445 1339 1502 grauitate
1367 1460 1540 1488 morum
1568 1450 1614 1489 et

142 1512 324 1571 puerilis
363 1515 457 1556 etas
496 1512 543 1555 in
583 1513 838 1570 ignorantia
877 1518 923 1557 et
962 1514 1132 1557 lubrico
1171 1515 1399 1557 uitiorum.
1470 1515 1615 1572 Super

142 1582 341 1632 salutem,
360 1581 518 1639 inquit,
535 1585 580 1626 et
599 1597 773 1627 omnem
793 1584 1171 1641 pulchritudinem
1192 1584 1328 1627 dilexi
1349 1585 1614 1642 sapientiam

85 1669 129 1695 ao
145 1655 191 1695 et
216 1652 422 1710 proposui
451 1667 532 1709 pro
558 1652 655 1696 luce
686 1653 848 1697 habere
875 1653 1022 1706 illam3
1052 1658 1274 1697 uenerunt
1301 1654 1434 1697 michi
1465 1654 1615 1697 omnia

144 1721 259 1766 bona
297 1721 465 1779 pariter
503 1736 604 1766 cum
645 1722 734 1766 illa.
796 1722 845 1766 Si
886 1738 991 1780 ergo
1031 1723 1147 1766 bona
1186 1724 1335 1766 omnia
1370 1724 1614 1780 sapientiae
1635 1728 1663 1766 b

143 1790 380 1834 accessoria
404 1794 519 1842 sunt,
541 1798 586 1835 et
612 1792 894 1850 philosophia
921 1792 1119 1835 studium
1141 1793 1396 1850 sapientiae,
1416 1792 1617 1850 profecto

143 1859 480 1917 philosophandi
516 1864 797 1918 contemptus
831 1862 1048 1904 bonorum
1078 1862 1277 1904 omnium
1308 1862 1503 1905 exclusio
1533 1866 1613 1906 est.

145 1929 272 1973 Vnde
298 1930 522 1988 colligitur
548 1931 665 1988 quod
693 1934 861 1988 quanto
891 1932 990 1988 quis
1020 1932 1324 1989 philosophiae
1357 1932 1618 1989 diligentius

87 2011 129 2047 25
145 1998 324 2050 insistit,
343 2013 394 2042 eo
414 1999 588 2043 fidelius
609 2003 654 2043 et
673 2000 837 2044 rectius
856 2001 914 2043 ad
935 2001 1257 2044 beatitudinem
1278 2002 1436 2058 pergit.
1497 2002 1617 2044 Nam

145 2067 346 2119 uirtutes,
366 2069 526 2126 quibus
546 2069 639 2112 itur
665 2070 712 2112 in
732 2070 920 2128 singulis
944 2070 1107 2121 officiis,
1129 2071 1206 2114 illa
1226 2072 1465 2128 dispensat.
1528 2072 1617 2115 Sed

146 2137 250 2194 quia
280 2141 462 2189 ueteres,
491 2138 596 2182 licet
625 2154 681 2182 ex
716 2143 843 2196 parte
873 2139 1044 2182 animas
1073 2140 1303 2184 crederent
1334 2140 1618 2192 immortales,

144 2206 265 2250 uitae
304 2209 491 2259 eternae,
533 2222 646 2266 quae
684 2211 786 2266 post
825 2209 958 2252 istam
999 2208 1156 2252 futura
1197 2213 1275 2260 est,
1311 2210 1509 2266 nondum
1550 2211 1616 2252 in-

145 2313 166 2357 5
192 2303 401 2351 suscipiunt
416 2304 449 2341 A
618 2316 660 2352 13
685 2305 905 2353 pulcritudo
920 2305 1012 2342 BAS
1133 2308 1190 2343 est
1206 2306 1426 2354 pulcritudo
1444 2309 1556 2344 tanta
1573 2307 1618 2343 13¹

148 2361 192 2398 19
215 2351 509 2398 pulcritudinem
526 2352 586 2389 AS
730 2364 775 2390 22
801 2353 1013 2390 accessiora
1030 2353 1069 2390 M
1213 2364 1256 2402 25
1285 2354 1428 2401 pergit]
1447 2354 1573 2392 tendit
1586 2356 1621 2390 A

194 2443 216 2469 2
239 2435 274 2469 A
291 2436 476 2470 mandatis
492 2436 565 2471 tuis
579 2436 764 2471 intellexi:
792 2434 849 2471 Ps.
869 2434 994 2471 cxviii.
1016 2446 1093 2479 104.
1254 2438 1277 2472 6
1301 2438 1370 2472 Est
1387 2448 1467 2480 erqo
1481 2439 1622 2482 gradus

147 2480 243 2517 etc.:
278 2480 328 2517 cf.
343 2480 437 2528 Aug.
456 2483 591 2518 Enarr.
619 2484 661 2517 in
678 2483 736 2518 Pe.
754 2484 874 2519 cxviii.
902 2482 959 2528 8§
983 2491 1000 2528 5
1030 2482 1177 2528 (Migne
1202 2485 1243 2519 P.
1258 2485 1301 2520 L.
1328 2483 1470 2521 xxxvii.
1499 2486 1616 2531 1522).

149 2535 190 2564 11
223 2527 440 2575 Concupiuit
464 2530 558 2566 etc.:
587 2529 644 2565 Pe.
663 2529 787 2566 cxviii.
804 2541 870 2573 2o;
895 2542 929 2566 v.
949 2542 1064 2576 supra
1087 2532 1156 2576 652
1171 2539 1211 2567 A.
1374 2542 1414 2577 13
1439 2533 1483 2576 εἰ,
1501 2537 1542 2567 ue
1565 2534 1620 2567 ae't

147 2572 264 2617 Plato,
282 2575 376 2613 etc.:
402 2587 434 2612 v.
452 2575 527 2613 Cic.
544 2579 586 2612 de
606 2578 671 2622 Off.
688 2576 714 2613 i.
733 2586 751 2623 5
772 2575 790 2624 ξ
813 2586 866 2624 15,
886 2579 929 2613 de
945 2579 1028 2613 Fin.
1050 2577 1088 2613 ii.
1105 2579 1147 2615 16
1166 2578 1183 2625 ξ
1205 2587 1249 2625 52
1269 2578 1330 2625 (ex
1347 2578 1445 2615 Plat.
1462 2580 1618 2615 Phaedr.

149 2629 220 2667 250
232 2621 290 2667 D).
419 2623 462 2659 16
487 2625 592 2660 Hanc
616 2631 715 2660 amat
739 2626 834 2661 etc.:
859 2637 892 2661 v.
916 2624 1003 2671 Sap.
1020 2625 1099 2661 viii.
1118 2636 1150 2661 2.
1276 2635 1315 2670 17
1342 2629 1446 2662 cuius
1460 2633 1621 2662 senectus

149 2670 242 2705 etc.:
266 2680 298 2705 v.
318 2667 403 2715 Sap.
421 2669 468 2706 iv.
488 2672 522 2716 8,
540 2681 573 2717 9.
727 2674 781 2714 18.
803 2682 846 2717 19
868 2674 988 2718 Super
1001 2674 1153 2708 salutem
1177 2675 1273 2710 etc.:
1300 2673 1387 2719 Sap.
1404 2673 1467 2710 vii.
1490 2684 1543 2718 10,
1566 2684 1619 2710 11.

153 2723 196 2760 19
215 2716 544 2761 pulchritudinem:
582 2720 731 2764 speciem
755 2719 866 2765 Vulg.
1034 2730 1080 2764 24
1111 2721 1211 2756 Vnde
1240 2722 1424 2766 colliyitur
1447 2724 1547 2758 etc.:
1585 2734 1618 2758 v.

148 2762 243 2808 Aug.
263 2764 307 2798 de
325 2763 361 2798 C.
382 2764 428 2799 D.
445 2763 522 2800 viii.
540 2766 562 2801 8
584 2767 682 2802 Vnde
705 2769 827 2812 utique
847 2768 1030 2812 colliyitur
1044 2772 1129 2802 tunc
1145 2770 1230 2812 sore
1254 2769 1396 2804 beatum
1419 2770 1620 2805 studiosum

147 2811 349 2854 sapientiae
383 2810 437 2855 (id
473 2813 568 2847 enim
608 2818 658 2848 est
693 2814 957 2859 philosophus),
991 2827 1073 2850 cum
1103 2816 1193 2859 fn&
1233 2816 1308 2852 Deo
1346 2817 1511 2862 coeperit,
1545 2818 1618 2853 etc.

150 2857 207 2899 26,
225 2865 268 2900 27
293 2858 363 2893 Sed
378 2859 464 2904 quia
479 2864 613 2896 ueteres
628 2862 722 2897 etc.:
749 2859 796 2898 ef.
820 2861 918 2907 Aug.
931 2863 974 2898 de
994 2862 1032 2898 Ο.
1053 2863 1100 2899 D.
1116 2861 1194 2898 xix.
1210 2872 1245 2908 4.

205 2927 286 2947 wm
300 2927 321 2947 11
872 2921 901 2950 Β
1445 2925 1508 2953 121
