1988 3250
17 1232 20 1243 —
15 1151 17 1155 *
14 1123 17 1135 -
10 1029 25 1090 ,9-3
12 943 25 1014 saco-⁶·
6 750 26 920 &ziza-<5²22
7 702 21 739 ‘³²²

141 235 241 269 car.
255 221 358 284 x1x]
649 222 1087 270 POLICRATICVS
1625 237 1711 279 ⁷90
1729 238 1762 269 a

141 344 256 389 Cum
271 347 422 388 autem
437 344 614 388 audiret
632 358 679 388 se
697 358 726 387 a
744 346 902 387 senatu
921 343 1224 387 adiudicatum
1239 345 1467 402 supplicio,
1479 345 1610 402 quale

141 414 190 456 id
228 416 343 457 esset
381 413 688 471 interrogauit.
763 413 823 456 Et
855 427 956 456 cum
987 413 1272 469 comperisset
1305 414 1464 457 debere
1498 414 1607 457 nudi

140 483 332 526 hominis
381 483 596 526 ceruicem
633 482 804 526 furcem
847 481 995 532 inseri,
1026 496 1186 538 corpus
1225 496 1332 525 uero
1371 483 1512 539 uirgis
1550 483 1607 526 ad
1624 488 1654 526 b

140 566 291 596 necem
325 552 462 605 caedi,
493 552 761 596 conterritus
799 551 911 594 duos
941 551 1168 608 pugiones,
1204 566 1314 608 quos
1345 566 1490 594 secum
1533 566 1607 594 ex-

102 634 124 672 s
141 621 318 672 tulerat,
333 621 536 678 arripuit,
551 623 857 678 temptataque
872 621 1105 677 utriusque
1124 620 1217 664 acie
1238 635 1391 663 rursus
1411 620 1611 664 condidit

139 692 346 734 causatus
376 690 574 734 nondum
604 706 698 734 esse
728 691 911 734 fatalem
941 691 1109 734 horam.
1165 690 1232 734 Ac
1258 690 1389 733 modo
1418 689 1610 747 Sporum

139 759 406 804 hortabatur
424 762 477 803 ut
496 760 731 804 lamentari
750 761 976 818 inciperet,
990 760 1120 804 modo
1134 760 1292 803 orabat
1311 762 1364 802 ut
1383 774 1429 802 se
1450 759 1612 816 aliquis

139 828 197 872 ad
219 831 407 872 mortem
426 829 680 887 coexemplo
700 830 928 874 animaret,
977 829 1209 872 Interdum
1229 828 1464 886 segnitiem
1484 843 1609 872 suam

140 897 212 941 his
231 898 434 942 uersibus
453 898 737 956 increpabat:

83 1009 127 1035 ιο
474 990 591 1034 Viuo
620 990 889 1042 deformiter,
919 987 1096 1048 turpius
1125 1003 1266 1047 pereo.

141 1082 326 1140 Iamque
355 1083 526 1140 equites
556 1082 974 1140 appropinquabant
1003 1082 1165 1140 quibus
1196 1084 1481 1140 praeceptum
1511 1086 1609 1126 erat

139 1155 194 1196 ut
226 1153 383 1196 uiuum
429 1153 726 1196 extraherent.
801 1150 930 1205 Quod
972 1155 1025 1196 ut
1063 1152 1213 1203 sensit,
1249 1151 1417 1195 ferrum
1457 1152 1609 1210 adegit

140 1222 306 1280 iugulo,
337 1222 385 1265 in
419 1237 556 1279 eoque
587 1225 848 1279 consumpta
882 1224 950 1265 est
984 1222 1128 1265 omnis
1168 1221 1340 1265 familia
1380 1221 1606 1266 Cesarum.

142 1291 201 1334 Et
221 1306 277 1335 ne
297 1291 344 1334 in
367 1292 460 1335 sola
479 1292 557 1335 illa
576 1291 748 1335 familia
762 1291 974 1334 aduersus
989 1291 1259 1335 tirannidem
1280 1295 1457 1335 tantum
1479 1292 1609 1335 licere

0 1347 5 1395 3
82 1369 124 1406 15
141 1360 313 1418 legibus
332 1361 551 1419 quispiam
579 1361 837 1419 suspicetur,
857 1361 1065 1404 Vitellius
1089 1376 1232 1404 nonus
1252 1376 1280 1404 a
1310 1361 1426 1404 Iulio
1449 1361 1608 1415 (Galba

139 1434 186 1474 et
206 1431 382 1474 Othone
397 1431 515 1474 inter
529 1430 750 1474 Neronem
763 1433 809 1474 et
824 1431 1055 1474 Vitellium
1071 1430 1337 1490 intersertis)
1352 1431 1607 1488 turpissime
1624 1443 1650 1473 c

137 1502 389 1558 protractus
408 1504 476 1544 est
505 1515 532 1543 a
560 1500 729 1553 cellula,
750 1500 796 1543 in
827 1515 960 1558 quam
990 1516 1036 1544 se
1065 1503 1355 1551 contruserat,
1374 1501 1608 1558 nudusque

138 1569 353 1614 deductus
380 1585 460 1628 per
486 1570 615 1613 Viam
645 1570 837 1621 Sacram,
858 1570 1020 1627 passim
1052 1571 1206 1613 fimum
1234 1571 1281 1613 in
1308 1585 1357 1613 os
1385 1571 1479 1614 eius
1506 1586 1606 1614 con-

138 1638 406 1683 iectantibus
425 1639 535 1690 aliis,
551 1642 597 1682 et
616 1654 643 1682 a
658 1640 821 1697 populo
842 1639 1041 1683 Romano
1055 1639 1174 1697 apud
1188 1639 1449 1683 Gemonicas
1468 1640 1608 1683 scalas

81 1723 123 1750 ιο
139 1708 447 1752 minutissimis
495 1709 657 1752 ictibus
696 1709 1045 1759 excarnificatus,
1085 1723 1198 1752 unco
1240 1712 1411 1752 tractus
1452 1713 1520 1752 est
1559 1710 1606 1752 in

139 1777 343 1822 Tiberim.
421 1777 718 1822 Duodecimus
764 1778 1048 1822 Domitianus
1088 1778 1378 1837 (Vespasiano
1421 1782 1466 1822 et
1506 1779 1607 1822 Tito

138 1848 427 1907 interpositis)
458 1852 559 1907 post
587 1849 775 1892 multam
806 1853 852 1893 et
880 1852 1107 1892 cruentam
1140 1849 1426 1906 tyrannidem
1457 1864 1484 1892 a
1514 1850 1607 1892 suis

137 1918 376 1962 crudeliter
401 1918 663 1963 interfectus
692 1922 770 1963 est.
847 1919 916 1962 Ex
947 1934 1035 1976 qua
1063 1933 1196 1963 causa
1221 1922 1371 1962 tamen
1399 1919 1446 1961 in
1474 1918 1605 1963 Chri-

138 1987 306 2031 stianos
347 1988 501 2032 mitius
546 1989 688 2046 egerit
726 1992 906 2033 auctore
946 1988 1136 2031 Eusebio
1171 1988 1418 2032 Cesariensi
1453 1988 1606 2045 paucis

80 2071 121 2107 ²5
140 2057 359 2114 aperiam3
386 2058 512 2102 cuius
540 2059 678 2102 uerba
701 2062 807 2102 sunt
836 2059 943 2102 haec
971 2058 1086 2101 libro
1113 2058 1247 2101 tertio
1271 2058 1416 2114 capite
1436 2058 1605 2101 decimo

138 2129 318 2170 octauo:
347 2127 481 2184 Apud
500 2127 646 2185 ipsum
661 2143 767 2171 uero
788 2128 1106 2178 Domitianum,
1119 2142 1219 2170 cum
1235 2127 1435 2170 iussisset
1454 2142 1606 2170 omnes

138 2195 296 2252 perimi
327 2195 403 2252 qui
432 2195 487 2239 de
515 2211 675 2254 genere
704 2197 853 2240 Dauid
883 2200 928 2240 et
958 2197 1081 2254 regia
1110 2197 1248 2254 stirpe
1276 2196 1607 2246 descenderant,

137 2264 253 2307 sicut
273 2267 402 2308 uetus
428 2265 563 2308 habet
591 2266 786 2318 traditio,
807 2267 944 2310 delati
975 2269 1081 2310 sunt
1108 2266 1289 2323 quidam
1310 2266 1436 2323 quasi
1458 2270 1604 2309 essent

138 2333 193 2376 de
243 2333 502 2390 posteritate
549 2333 699 2388 Iudae,
747 2350 878 2395 quem
932 2335 1118 2379 fratrem
1167 2335 1306 2378 fuisse
1355 2334 1603 2378 Saluatoris
1619 2337 1650 2379 d

139 2466 161 2502 3
186 2456 324 2494 ceruici
341 2456 381 2493 M
475 2457 620 2494 furcam
637 2457 678 2494 M
773 2459 795 2496 8
820 2458 993 2505 exemplo
1007 2457 1099 2504 S1(9
1115 2460 1197 2495 aad·
1218 2456 1297 2502 8η),
1323 2470 1409 2494 cum
1427 2457 1603 2505 exemplo

139 2503 228 2587 ἐξω
245 2503 599 2597 ἰρέἑέὶἏςΒΑεΜι
623 2505 687 2541 iiio
704 2505 744 2543 M
851 2516 908 2553 25,
925 2507 971 2543 26
996 2505 1088 2542 xviii
1106 2505 1251 2542 CBAS:
1278 2505 1389 2541 xviiio
1408 2506 1447 2541 Μ
1557 2507 1604 2542 26

186 2665 208 2700 8
233 2666 282 2700 ad
297 2669 443 2700 mortem
459 2666 674 2711 coeoeemplo:
699 2667 748 2702 ad
764 2672 908 2703 mortem
920 2669 1170 2713 capessendam
1182 2669 1340 2713 exemplo
1357 2666 1460 2704 Suet.
1560 2669 1604 2704 16

138 2713 345 2758 turpissime
361 2713 431 2748 etc.
449 2723 458 2748 ε
484 2723 516 2747 v.
534 2711 636 2748 Oros.
655 2712 715 2750 vii.
734 2715 755 2749 8
775 2713 792 2767 ξ
813 2716 845 2750 8.
953 2725 996 2761 19
1026 2715 1258 2750 Gemonicas:
1287 2715 1481 2750 Gemonias
1497 2714 1602 2751 Oros.

139 2769 185 2795 22
210 2771 233 2794 a
250 2761 326 2794 suis
342 2760 434 2795 ete.:
459 2770 490 2795 v.
510 2758 611 2795 Oros.
627 2759 690 2796 vii.
712 2770 754 2796 10
771 2762 789 2807 ᾗ
809 2770 842 2805 7.
1007 2763 1053 2798 26
1078 2763 1190 2807 Apud
1207 2763 1327 2807 ipsum
1343 2764 1440 2798 ete.:
1467 2760 1602 2798 Euseb.

138 2807 235 2842 Hist.
252 2807 383 2842 Eccles.
403 2804 457 2843 iii.
477 2815 530 2851 19,
549 2816 596 2842 20
612 2817 683 2843 sec.
701 2818 792 2844 vers.
810 2806 936 2845 Rufini
954 2806 1025 2855 (ed.
1044 2808 1265 2846 Mommsen.
1279 2821 1316 2857 p.
1329 2808 1428 2855 233).
1555 2818 1601 2853 27

136 2855 414 2891 descenderant:
439 2854 685 2890 descenderent
701 2854 786 2893 Ruf.

1427 2926 1491 2972 3⁶⁷
