1988 3250
157 214 255 256 oAP.
270 210 341 272 11]
672 204 1108 258 POIJCRATIGVS
1630 223 1714 267 750
1731 216 1765 258 b

157 330 304 384 fuerit,
319 346 399 376 nec
413 344 597 376 uxorem
617 328 864 389 relinquere
883 346 964 376 nec
983 342 1085 376 cum
1099 333 1272 377 sarcina
1287 334 1352 378 ire
1370 348 1615 392 possumus.

156 403 396 459 Pauperem
409 401 525 444 alere
540 400 715 445 difficile
727 403 811 453 est;
831 401 1018 444 diuitem
1031 401 1148 445 ferre
1166 404 1448 447 tormentum.
1489 405 1617 449 Adde

155 471 274 529 quod
302 470 426 514 nulla
453 473 521 514 est
548 470 702 514 uxoris
734 467 899 521 electio,
919 470 996 513 sed
1024 470 1355 528 qualiscumque
1382 473 1616 517 obuenerit

155 540 358 584 habenda
370 553 380 593 ;
411 540 449 583 si
478 539 703 590 iracunda,
731 539 769 583 si
799 539 938 590 fatua,
968 539 1006 582 si
1036 538 1258 590 deformis
1279 540 1317 583 si
1347 543 1548 598 superba,
1578 543 1616 586 si

118 618 139 654 5
157 607 308 661 fetida,
321 608 626 666 quodcumque
645 608 747 652 uitii
768 611 846 659 est,
863 611 964 666 post
982 609 1165 666 nuptias
1180 609 1400 653 discimus.
1452 611 1616 668 Equus,
1636 631 1663 662 ο

155 678 316 729 asinus,
347 678 435 729 bos,
465 678 586 722 canis
615 681 661 722 et
689 678 907 721 uilissima
934 678 1166 736 mancipia,
1190 682 1337 722 uestes
1367 694 1541 737 quoque
1571 684 1618 724 et

153 746 328 798 lebetes,
356 747 490 791 sedile
517 747 725 805 ligneum,
744 747 861 791 calix
890 749 936 791 et
964 747 1165 791 urceolus
1194 748 1343 791 fictilis
1372 749 1620 806 probantur

155 816 280 874 prius
309 819 355 860 et
383 817 446 861 sic
475 819 694 860 emuntur.
754 816 859 860 Sola
887 831 1002 860 uxor
1032 831 1122 860 non
1152 818 1404 862 ostenditur
1429 833 1484 863 ne
1512 823 1619 863 ante

156 885 387 943 displiceat
426 900 559 943 quam
598 886 798 930 ducatur.
878 886 1164 930 Attendenda
1206 891 1275 931 est
1313 903 1486 946 semper
1523 889 1620 933 eius

98 967 141 998 ιο
157 954 292 999 facies
322 958 368 999 et
395 955 648 1013 pulcritudo
676 955 910 1007 laudanda,
930 970 997 1006 ne,
1024 956 1062 999 si
1092 955 1278 1000 alteram
1309 959 1545 1015 aspexeris,
1571 973 1620 1002 se

156 1025 333 1069 estimet
371 1025 612 1083 displicere.
671 1025 879 1069 Vocanda
918 1025 1108 1077 domina,
1138 1027 1425 1071 celebrandus
1455 1028 1620 1072 natalis

156 1094 262 1146 eius,
274 1095 511 1138 iurandum
531 1109 611 1152 per
625 1095 812 1138 salutem
833 1094 964 1146 illius,
977 1099 1030 1139 ut
1049 1096 1108 1139 sit
1123 1100 1346 1154 superstes
1361 1098 1620 1155 optandum,

157 1163 415 1207 honoranda
433 1164 588 1207 nutrix
609 1164 703 1207 eius
722 1167 768 1208 et
790 1164 960 1222 gerula,
980 1179 1136 1208 seruus
1162 1170 1374 1223 paternus
1402 1170 1448 1210 et
1477 1167 1618 1210 alum-

157 1247 272 1290 pnus
298 1236 344 1277 et
369 1232 588 1277 formosus
617 1234 781 1277 assecla
808 1237 853 1277 et
874 1239 1133 1292 procurator
1152 1236 1480 1280 calamistratus
1505 1241 1550 1281 et
1571 1238 1619 1280 in

99 1314 139 1356 15
157 1303 335 1361 longam
364 1317 647 1360 securamque
676 1303 905 1347 libidinem
936 1308 1138 1348 exsectus
1167 1306 1315 1363 spado,
1344 1306 1428 1350 sub
1457 1308 1619 1364 quibus

157 1372 409 1416 nominibus
424 1372 614 1416 adulteri
635 1372 911 1416 delitescunt.
973 1373 1282 1432 Quoscumque
1302 1375 1379 1418 illa
1399 1376 1619 1427 dilexerit,

155 1441 321 1500 ingrati
341 1441 475 1485 etiam
495 1441 684 1484 amandi.
745 1441 794 1484 Si
821 1444 962 1486 totam
985 1443 1024 1486 ei
1045 1443 1223 1487 domum
1245 1444 1482 1502 regendam
1502 1460 1619 1488 com-

156 1511 339 1562 miseris,
352 1511 631 1554 seruiendum
648 1514 715 1555 est
732 1525 741 1564 ;
771 1512 809 1555 si
825 1512 994 1570 aliquid
1014 1515 1094 1556 tuo
1109 1514 1295 1557 arbitrio
1311 1515 1618 1566 reseruaueris,
1635 1514 1665 1556 d

156 1579 288 1624 fidem
327 1580 411 1624 sibi
451 1580 603 1624 haberi
642 1595 732 1624 non
771 1582 951 1639 putabit
991 1586 1037 1626 et
1071 1583 1116 1625 in
1152 1583 1303 1626 odium
1335 1587 1539 1627 uertetur
1568 1599 1620 1628 ac

100 1654 144 1693 io
159 1649 305 1708 iurgia
337 1652 393 1702 et,
419 1649 505 1693 nisi
534 1650 623 1694 cito
652 1651 934 1703 consulueris,
963 1652 1141 1710 parabit
1172 1668 1355 1696 uenena.
1415 1654 1543 1697 Anus
1573 1657 1620 1698 et

157 1719 357 1763 aurifices
386 1722 431 1763 et
460 1718 619 1763 ariolos
649 1722 694 1763 et
722 1721 950 1764 institores
988 1736 1263 1779 gemmarum
1293 1724 1620 1781 sericarumque

157 1787 348 1831 uestium
377 1788 416 1832 si
444 1788 746 1841 intromiseris,
778 1790 1020 1847 periculum
1051 1792 1291 1849 pudicitiae
1321 1796 1413 1846 est;
1448 1794 1485 1836 si
1516 1808 1618 1851 pro-

158 1856 364 1909 hibueris,
393 1858 653 1916 suspicionis
687 1859 862 1903 iniuria.
935 1859 1101 1904 Verum
1136 1862 1244 1919 quid
1275 1862 1456 1919 prodest
1482 1863 1618 1906 etiam

159 1926 347 1984 diligens
374 1927 586 1981 custodia,
615 1942 715 1972 cum
745 1944 861 1973 uxor
894 1932 1062 1974 seruari
1094 1932 1317 1990 impudica
1346 1948 1436 1976 non
1466 1934 1619 1991 possit,

102 2008 144 2049 ²⁵
159 1995 320 2052 pudica
356 2010 446 2039 non
491 1997 682 2043 debeat?
761 1999 909 2042 Infida
947 2001 1065 2043 enim
1104 2005 1252 2045 custos
1292 2005 1359 2046 est
1397 2003 1618 2047 castitatis

159 2065 406 2118 necessitas,
427 2068 472 2109 et
490 2066 568 2109 illa
586 2081 690 2111 uere
709 2068 870 2125 pudica
889 2069 1075 2113 dicenda
1095 2073 1173 2121 est,
1194 2071 1264 2114 cui
1292 2071 1420 2115 licuit
1438 2086 1618 2129 peccare

160 2133 199 2176 si
219 2133 373 2178 uoluit.
418 2134 574 2179 Pulcra
593 2136 681 2180 cito
704 2137 951 2192 adamatur,
972 2139 1075 2183 feda
1096 2140 1305 2184 facillime
1325 2143 1617 2199 concupiscit;

161 2201 336 2246 difficile
355 2204 601 2248 custoditur
630 2206 747 2263 quod
780 2208 930 2265 plures
960 2213 1124 2260 amant,
1154 2211 1388 2254 molestum
1419 2215 1486 2254 est
1520 2226 1619 2269 pos-

160 2270 302 2314 sidere
325 2273 442 2329 quod
459 2288 588 2318 nemo
607 2275 767 2320 habere
794 2277 1015 2336 dignetur.
1074 2280 1244 2323 Minore
1272 2283 1422 2323 tamen
1443 2281 1621 2324 miseria

102 2353 144 2390 30
161 2339 371 2384 deformis
409 2342 597 2387 habetur
626 2360 758 2402 quam
771 2390 774 2393 ,
789 2346 982 2391 formosa
1011 2353 1228 2394 seruatur.
1287 2350 1438 2393 Nichil
1468 2353 1619 2393 tutum
1637 2357 1704 2401 7⁵1
1723 2360 1753 2390 a

161 2412 228 2452 est
251 2409 299 2451 in
323 2424 409 2466 quo
432 2412 571 2456 totius
598 2414 750 2472 populi
780 2420 887 2460 uota
914 2418 1162 2476 suspirant;
1194 2419 1308 2462 alius
1329 2419 1483 2472 forma,
1503 2420 1618 2463 alius

161 2477 368 2530 fascetiis,
401 2479 514 2524 alius
541 2481 728 2540 ingenio,
749 2485 863 2529 alius
889 2486 1157 2532 liberalitate
1192 2489 1425 2540 sollicitat3
1470 2489 1620 2546 aliquo

160 2547 292 2590 modo
342 2553 623 2606 expugnatur
670 2553 788 2610 quod
836 2555 1032 2613 undique
1080 2557 1327 2602 incessitur.
1402 2558 1530 2611 Quod
1580 2559 1619 2602 si

208 2655 422 2692 atendenda
439 2654 477 2692 θ’
620 2669 663 2696 10
686 2661 929 2707 pulchritudo
947 2664 978 2700 B
1104 2675 1158 2711 13,
1180 2675 1223 2711 14
1248 2665 1410 2714 alupnus
1427 2665 1452 2702 S
1573 2676 1618 2713 27

193 2701 327 2738 ulchra
344 2702 374 2737 B
517 2714 563 2750 32
587 2706 756 2745 sacesciis
773 2709 936 2747 CBASM

208 2813 253 2849 *17
279 2807 562 2860 inyratiftiam:
585 2811 741 2856 inarmis
755 2810 912 2850 Hieron.
1055 2824 1099 2860 19
1121 2819 1174 2851 et:
1198 2818 1261 2852 sod
1276 2815 1429 2854 Hieron.
1571 2827 1614 2864 31

160 2862 249 2899 quo:
274 2855 368 2898 quod
386 2853 540 2891 Hieron.

227 2923 308 2942 ”¹⁸-
322 2923 343 2943 ¹¹
866 2925 891 2960 Q
917 2926 944 2966 q
1043 2900 1045 2902 ’
1446 2931 1510 2967 ²97
