1988 3250
211 202 290 245 774
307 192 338 234 <1
676 188 938 234 IOANNIS
980 186 1495 233 SARESBERIENSIS
1597 184 1709 245 [Lm.
1725 195 1817 228 vm

353 311 578 355 abscidere
617 313 663 354 et
701 325 782 368 per
819 310 974 353 urbem
1013 309 1104 367 pilo
1142 309 1284 351 fixum
1315 307 1432 351 ferre
1466 306 1680 350 sustinuit
1714 304 1820 362 quia

355 380 560 438 Opimius
585 380 737 424 consul
764 394 874 423 auro
897 379 982 437 ipsi
1006 393 1295 436 repensurum
1325 377 1538 420 edixerat.
1598 375 1716 418 Sunt
1743 373 1820 431 qui

218 465 292 506 775
309 465 340 495 a
354 449 538 493 tradant
563 449 735 506 liquato
763 449 945 506 plumbo
974 463 1075 491 eum
1105 450 1308 491 cauatam
1333 449 1507 503 partem
1536 444 1707 502 capitis,
1733 457 1822 500 quo

354 519 644 578 ponderosius
682 521 808 569 esset,
846 518 1054 574 explesse.
1115 517 1270 559 Fuerit
1308 515 1382 558 ille
1421 514 1667 564 seditiosus,
1706 513 1822 555 bono

354 588 539 647 perierit
557 587 771 645 exemplo,
790 586 964 630 clientis
983 589 1134 629 tamen
1153 585 1337 629 scelesta
1355 584 1495 627 fames
1514 583 1563 625 in
1582 583 1664 625 has
1682 595 1822 638 usque
1840 599 1859 633 5

355 657 541 701 iacentis
556 657 742 700 iniurias
757 656 923 699 esurire
938 670 1027 698 non
1040 655 1206 698 debuit.
1251 653 1378 697 Odiis
1392 652 1552 695 merita
1567 649 1823 708 Septimulii

356 727 560 778 auaritia,
581 726 807 770 Tholomei
827 729 978 768 autem
1002 724 1119 781 regis
1139 723 1375 781 Cipi-orum
1395 723 1489 765 risu
1508 718 1822 779 prosequenda.

357 796 488 847 Nam,
503 810 603 839 cum
619 795 766 838 anxiis
781 795 984 838 sordibus
1000 808 1184 851 magnas
1200 807 1304 849 opes
1321 791 1824 848 corripuisset‚propter-

356 880 441 923 que
462 880 536 909 eas
554 865 804 922 periturum
825 878 871 906 se
891 863 1075 914 uideret,
1089 865 1134 905 et
1154 861 1254 904 ideo
1273 861 1394 904 omni
1415 860 1602 917 pecunia
1616 857 1826 916 imposita

355 935 548 978 nauibus
589 934 638 976 in
684 933 826 976 altum
871 932 1165 990 processisset,
1198 934 1251 974 ut
1292 930 1430 973 classe
1474 929 1700 987 perforata
1746 941 1826 971 suo
1846 945 1888 969 ιο

357 1004 544 1048 arbitrio
576 1004 773 1061 perirent
803 1004 849 1045 et
878 1002 1027 1044 hostes
1056 1000 1221 1058 praeda
1250 1002 1463 1052 carerent,
1493 1013 1583 1042 non
1612 996 1828 1041 sustinuit

359 1089 558 1132 mergere
584 1087 744 1115 aurum
773 1074 818 1114 et
844 1073 1092 1128 argentum,
1111 1070 1188 1113 sed
1214 1069 1420 1112 futurum
1439 1069 1559 1112 necis
1578 1082 1684 1111 suae
1703 1080 1828 1124 prae·

360 1143 501 1186 mium
549 1142 730 1185 domum
778 1140 966 1184 reuexit.
1032 1139 1327 1183 Proculdubio
1376 1138 1448 1182 hic
1496 1152 1586 1181 non
1634 1135 1830 1194 possedit

360 1212 544 1256 diuitias
583 1211 661 1254 sed
699 1225 727 1253 a
766 1209 939 1252 diuitiis
977 1223 1202 1266 possessus
1242 1211 1322 1263 est,
1357 1207 1492 1251 titulo
1527 1221 1607 1250 rex
1645 1205 1828 1257 insulae,

359 1282 508 1325 animo
547 1280 759 1339 pecuniae
807 1278 1057 1322 miserabile
1096 1278 1378 1335 mancipium.
1450 1277 1572 1320 Haec
1612 1275 1829 1319 Valerius.
1849 1290 1888 1323 15

360 1351 450 1395 Sed
480 1353 668 1408 possunt
706 1349 841 1392 etiam
881 1348 1094 1405 nequiora
1132 1347 1350 1391 auaritiae
1388 1346 1582 1390 inueniri
1615 1344 1830 1402 exempla.

361 1420 591 1478 Siquidem
618 1419 859 1477 prophetae
886 1417 1035 1461 oculos
1061 1417 1282 1475 cupiditas
1309 1416 1547 1467 excecauit‚
1571 1419 1618 1458 et
1643 1414 1831 1473 pecunia

315 1495 345 1534 b
362 1492 597 1547 corruptus
630 1487 858 1546 apostolus
889 1487 1131 1530 Dominum
1166 1487 1445 1530 innocentem
1485 1484 1831 1542 crucifigendum

362 1559 552 1603 tradidit
593 1558 799 1601 manibus
846 1556 1096 1614 impiorum.
1181 1556 1333 1599 Potest
1376 1555 1555 1613 quidem
1600 1553 1831 1612 deturpari

362 1628 511 1672 uerbis
540 1627 617 1672 sed
646 1642 736 1671 non
771 1626 892 1677 satia
920 1626 1026 1684 quia
1054 1625 1295 1669 deformior
1323 1628 1391 1668 est
1419 1627 1466 1668 et
1494 1623 1669 1681 turpior
1697 1638 1831 1681 quam
1851 1638 1894 1663 20

362 1701 416 1741 ut
441 1712 516 1741 ore
540 1697 735 1740 humano
762 1696 902 1753 possit
929 1695 1101 1753 exponi.
1162 1695 1355 1752 Ideoque
1381 1698 1531 1738 autem
1553 1696 1621 1736 est
1640 1692 1834 1736 auaritia

361 1767 604 1811 studiosius
638 1764 911 1817 declinanda,
946 1764 1051 1822 quia
1090 1764 1289 1808 tenacius
1329 1763 1504 1806 inheret
1543 1763 1600 1806 ab
1639 1762 1834 1820 imagine

361 1836 574 1880 utilitatis
594 1838 639 1878 et
658 1834 946 1892 perniciosius
961 1837 1089 1877 nocet
1104 1834 1161 1877 ab
1181 1833 1445 1877 exterminio
1459 1832 1673 1876 caritatis.
1723 1831 1834 1875 Inde

364 1909 433 1950 est
465 1905 583 1963 quod
613 1904 845 1948 ridiculam
876 1906 922 1947 et
950 1902 1245 1947 miserandam
1275 1917 1375 1946 cum
1405 1902 1584 1945 senibus
1610 1901 1836 1946 contraxit

365 1974 732 2027 familiaritatem,
761 1975 814 2016 ut
840 1987 928 2030 quo
957 1972 1104 2016 minus
1135 1975 1278 2030 egent,
1306 1972 1483 2015 auidius
1512 1971 1836 2029 concupiscant,
1856 1985 1895 2020 25

365 2048 412 2089 et
446 2058 534 2101 quo
565 2043 697 2087 rebus
725 2045 832 2086 sunt
863 2042 996 2086 citius
1030 2041 1227 2092 carituri,
1263 2056 1336 2084 eas
1371 2041 1546 2098 parcius
1579 2040 1836 2085 ministrent

365 2112 570 2157 utilitati.
627 2110 746 2155 Nam
768 2114 814 2154 et
833 2125 991 2153 manus
1010 2110 1058 2153 in
1085 2110 1318 2153 iuuentute
1340 2113 1542 2167 porrecta
1562 2110 1619 2152 ad
1639 2109 1836 2153 dandum

367 2183 416 2226 in
447 2184 673 2226 senectute
703 2180 1005 2232 contrahitur;
1046 2183 1091 2223 et
1123 2194 1235 2237 quae
1267 2179 1314 2221 in
1347 2179 1581 2222 iuuentute
1610 2182 1838 2223 contracta

370 2255 439 2297 est
469 2255 550 2295 aut
583 2264 826 2307 numquam
871 2252 951 2292 aut
989 2263 1089 2292 raro
1129 2249 1176 2291 in
1215 2249 1394 2292 senibus
1425 2248 1652 2293 dilatatur.
1722 2247 1838 2293 Cum

330 2334 354 2363 c
371 2336 478 2365 uero
498 2321 562 2364 eis
580 2319 791 2363 beneficio
818 2322 1004 2361 naturae
1031 2318 1213 2361 libertas
1241 2318 1389 2362 uicina
1411 2317 1653 2369 immineat,
1673 2317 1839 2375 seipsos
1856 2333 1901 2367 30

370 2405 488 2434 uano
527 2389 686 2433 timore
729 2387 1001 2430 miserrimae
1045 2387 1271 2430 subiciunt
1313 2387 1533 2430 seruituti.
1609 2386 1839 2444 Siquidem

372 2460 592 2516 Diogenes
631 2458 720 2500 ait:
772 2457 1028 2515 Indigentia
1067 2460 1253 2500 naturae
1294 2456 1521 2500 fortunam
1561 2470 1651 2500 non
1697 2455 1839 2500 timet.

371 2558 395 2595 6
420 2555 614 2641 ncpthpql‘i
631 2554 720 2593 ch
838 2563 858 2600 7
885 2554 1097 2602 ptholomei
1115 2553 1253 2591 CBAM
1371 2564 1412 2601 17
1437 2553 1634 2593 eccecauit
1650 2553 1675 2591 S
1795 2564 1840 2591 22

371 2616 524 2652 ymssssm

418 2693 442 2730 6
468 2693 589 2729 odida:
619 2692 750 2727 Odium
766 2687 848 2725 VaL
869 2688 968 2725 Max.
1071 2698 1112 2734 17
1135 2690 1351 2735 prophetae:
1376 2688 1399 2726 i.
1414 2699 1444 2726 e.
1472 2687 1652 2731 Balaam;
1677 2700 1708 2725 v.
1728 2687 1838 2726 Num.

372 2738 572 2776 xxii-xxiv.
732 2738 850 2774 oculos
866 2737 1047 2783 cupiditas
1064 2738 1261 2773 euomuit:
1289 2735 1335 2774 cf.
1357 2735 1468 2774 Dent.
1490 2735 1560 2773 xvi.
1586 2746 1638 2782 19,
1658 2734 1761 2772 Eccli
1779 2747 1838 2773 xx.

401 2796 427 2824 ι.
578 2787 619 2822 18
644 2786 848 2831 apostolus:
876 2783 898 2820 i.
916 2795 946 2820 e.
971 2783 1080 2820 ludus
1099 2783 1305 2821 Incariotes.
1463 2793 1508 2830 32
1536 2785 1734 2829 Dioqenesz
1760 2782 1840 2821 Hoc

409 2832 554 2881 ingenis
571 2832 713 2871 dictum
734 2842 919 2879 nunquam
936 2830 1030 2868 alibi
1048 2830 1184 2869 inveni.

484 2913 551 2948 3⁴0
