1988 3250
216 231 435 293 cmm]
721 231 1158 278 PomcRA'riovs

214 353 402 398 Interim
421 351 828 410 philosophantium
849 350 999 394 studia
1017 349 1293 402 deridentur;
1316 349 1354 392 si
1375 348 1482 405 quid
1496 347 1680 391 auditur

213 421 499 480 incognitum,
529 420 655 478 quasi
690 420 969 477 prophanum
1003 419 1064 462 sit
1097 418 1469 474 condempnatur;
1519 419 1611 469 aut,
1641 416 1679 459 si

212 491 396 534 minoris
416 493 494 541 est,
513 489 855 546 contempnitur.
913 487 1031 531 Nam
1051 490 1105 530 ut
1124 487 1295 530 ratione
1314 489 1395 529 aut
1414 486 1679 530 auctoritate

213 559 472 617 reprobetur
509 558 679 602 frustra
718 560 935 615 expectas.
994 556 1044 600 Si
1085 556 1256 599 ratione
1295 557 1376 598 aut
1415 554 1680 598 auctoritate

174 647 194 682 ⁵
212 628 380 679 niteris,
411 627 783 678 consuetudinem,
816 640 904 683 qua
934 625 1184 669 abutuntur
1218 627 1264 667 et
1298 638 1432 680 quam
1468 622 1680 672 fecerunt,

213 697 426 750 obicient3
456 697 650 754 dicitque
669 710 899 754 procerum
920 695 1035 738 alter
1052 694 1110 738 ad
1129 694 1343 738 alterum:

327 772 425 816 Hoc
454 774 522 815 est
550 786 629 815 cur
657 770 824 828 pallet'l
852 785 932 815 cur
961 770 1061 826 quis
1090 784 1179 813 non
1209 767 1427 826 prandeat
1456 768 1538 812 hoc
1568 767 1666 811 est‘l

329 830 615 887 doctoresque
645 832 746 873 tuos
775 832 902 873 curto
931 831 1133 872 centusse
1162 827 1344 878 licetur;

215 909 261 950 et
293 905 491 963 psallunt
518 905 566 947 in
595 904 763 948 sobrios
797 903 844 947 hi
879 903 956 961 qui
988 903 1150 946 bibunt
1178 902 1346 946 uinum.
1408 900 1502 945 Nec
1531 903 1680 944 tamen

157 990 199 1015 ιο
214 975 454 1019 ambitione
473 977 602 1017 tanta
620 973 878 1032 episcopalis
896 972 1093 1030 dignitas
1122 971 1360 1016 dumtaxat
1385 973 1681 1028 oppugnatur,

214 1059 265 1089 eo
303 1044 422 1102 quod
459 1043 548 1086 iam
587 1043 771 1087 summis
810 1044 856 1087 et
895 1041 1091 1085 minimis
1129 1040 1282 1085 eadem
1322 1043 1390 1084 est
1423 1038 1681 1083 dominandi

212 1113 576 1173 praesidendique
615 1112 766 1157 libido.
824 1112 913 1166 Qui
943 1111 1062 1156 enim
1096 1111 1293 1168 aspirare
1332 1124 1421 1154 non
1455 1109 1591 1153 audet
1624 1109 1681 1152 ad

212 1183 479 1236 cathedram,
502 1182 599 1240 pari
626 1182 843 1226 auiditate
870 1184 916 1225 et
946 1181 1110 1224 eisdem
1132 1180 1348 1223 machinis
1368 1179 1681 1237 praefecturas,

213 1252 594 1297 archidiaconatus
617 1254 663 1295 et
689 1251 799 1295 alias
825 1250 1087 1310 aggreditur
1115 1249 1371 1308 dignitates.
1430 1248 1620 1306 Indulge
1641 1248 1680 1292 ei

156 1333 198 1368 1⁵
213 1322 445 1373 modicum,
463 1321 646 1366 audebit
672 1321 900 1379 ampliora,
921 1320 1128 1378 procedet
1154 1319 1371 1377 paulatim
1398 1318 1682 1362 reminiscens

244 1391 333 1436 uod

215 1406 245 1450 q
649 1448 863 1492 audentes
894 1447 1077 1492 fortuna
1106 1447 1246 1498 iuuat,

215 1527 261 1569 et
284 1524 418 1568 timor
444 1524 614 1568 animos
643 1524 867 1568 conuincit
896 1538 990 1567 esse
1019 1523 1267 1580 degeneres.
1328 1521 1471 1565 Nemo
1501 1523 1681 1579 repente

214 1593 498 1652 turpissimus
536 1593 639 1638 fuit.
708 1592 758 1637 Si
788 1592 1019 1651 paululum
1049 1591 1306 1636 successerit
1341 1591 1415 1641 eis,
1445 1590 1582 1634 nichil
1614 1593 1682 1634 est

158 1679 201 1704 ιο
217 1663 334 1722 quod
372 1678 418 1707 se
456 1662 552 1706 fieri
591 1677 718 1720 posse
757 1677 847 1706 non
886 1665 1076 1720 sperent.
1135 1660 1332 1704 Tandem
1372 1660 1523 1718 itaque
1563 1660 1682 1718 quod

214 1732 384 1791 petitur
401 1732 639 1790 optinetur,
659 1732 749 1785 sed,
769 1734 822 1775 ut
842 1731 928 1775 dici
950 1731 1072 1784 solet,
1093 1730 1188 1774 Deo
1208 1731 1334 1774 irato.

356 1807 480 1851 Tunc
508 1821 676 1851 crassos
704 1806 915 1850 transisse
944 1806 1038 1849 dies
1068 1805 1296 1862 lucemque
1326 1804 1569 1862 palustrem

359 1868 405 1910 et
433 1865 518 1909 sibi
547 1865 637 1908 iam
663 1864 812 1908 miseri
842 1864 984 1908 uitam
1014 1878 1220 1922 gemuere
1251 1862 1464 1907 relictam.

214 1939 390 1986 Nouam
425 1955 530 1998 ergo
562 1939 818 1998 concipiunt
849 1939 1191 1983 sollicitudinem
1222 1942 1268 1982 et
1296 1953 1452 1989 seram,
1482 1953 1533 1981 eo
1563 1938 1681 1996 quod

158 2032 199 2066 ²5
214 2009 424 2068 temporis
443 2010 615 2054 iactura
633 2009 830 2067 reparari
846 2023 935 2052 non
955 2010 1112 2066 potest.
1164 2007 1293 2062 Quod
1314 2008 1361 2050 in
1376 2007 1681 2051 claustralium

215 2079 377 2137 pluteis
405 2079 656 2123 continetur
681 2078 927 2129 excutiunt,
946 2077 1246 2120 litteratorum
1275 2077 1478 2134 expilant
1507 2077 1681 2128 scrinia,

214 2151 449 2207 corrogant
473 2148 682 2201 scedulas,
700 2147 936 2191 uerborum
965 2146 1168 2190 flosculos
1194 2146 1360 2204 legunt,
1380 2146 1682 2190 oratiunculas

215 2217 493 2274 conquirunt,
513 2219 558 2261 et
583 2216 725 2261 modis
747 2216 952 2260 omnibus
977 2215 1206 2259 elaborant
1229 2218 1282 2258 ut
1311 2214 1551 2257 uideantur
1570 2215 1681 2258 scire

217 2286 334 2344 quod
371 2286 595 2338 nesciunt3
634 2300 738 2329 nam
777 2288 830 2329 ut
860 2285 1004 2329 sciant
1034 2287 1114 2328 aut
1147 2284 1195 2327 in
1227 2284 1397 2327 uirtute
1435 2284 1681 2341 proficiant,

219 2387 237 2416 1
290 2377 675 2426 hylosophantiumM
757 2388 781 2413 2
805 2377 1078 2415 condemnatur
1091 2376 1119 2414 C
1214 2386 1235 2422 3
1261 2375 1343 2422 aut]
1359 2377 1398 2413 et
1413 2375 1452 2411 M
1549 2387 1572 2420 4
1596 2375 1678 2422 aut]

218 2437 264 2463 ue
296 2424 361 2461 SM
464 2435 507 2470 14
529 2424 724 2474 agreditur
739 2424 794 2462 CS
897 2434 938 2470 17
964 2424 1088 2470 iuuat]
1106 2423 1215 2461 uiuat
1232 2423 1257 2460 S
1356 2433 1398 2460 21
1426 2422 1624 2460 obtinetur
1641 2423 1681 2459 M

219 2482 263 2519 23
288 2483 448 2519 genuere
465 2472 505 2508 M
623 2481 667 2518 27
692 2471 848 2510 cedulae
863 2471 952 2509 GBS

266 2563 286 2598 7
311 2555 553 2591 Heca-vieta:
577 2553 941 2600 v.Pers.Sat.iii.85.
1046 2554 1067 2590 8
1091 2554 1313 2599 doctoresque
1322 2558 1401 2589 tuoe
1416 2554 1509 2589 etc.:
1535 2565 1565 2587 v.
1578 2552 1679 2589 Pers.

218 2602 294 2638 Sat.
309 2613 343 2637 v.
364 2611 426 2646 191
449 2606 482 2636 et
505 2606 646 2638 centum
672 2602 826 2638 Graecos
850 2601 933 2648 (i.e.
958 2599 1213 2648 philosophos)
1239 2605 1339 2636 curto
1363 2606 1520 2636 centusse
1544 2602 1681 2637 licetur.

219 2658 242 2694 9
253 2649 419 2694 psallunt
434 2649 525 2684 etc.:
550 2660 582 2685 v.
600 2648 660 2684 Pa.
678 2647 796 2684 lxviii.
817 2658 870 2693 13.
1026 2658 1067 2692 17
1093 2649 1266 2684 audentes
1282 2649 1355 2683 etc.
1372 2658 1380 2680 ε
1404 2647 1516 2694 Verg.
1535 2649 1624 2683 Aen.
1644 2660 1680 2683 x.

219 2697 302 2739 284.
428 2696 470 2732 18
494 2697 604 2732 timor
616 2697 708 2732 etc.:
734 2707 765 2731 v.
779 2695 995 2742 Verg.Aen.
1010 2694 1058 2732 iv.
1076 2705 1129 2741 13.
1223 2696 1334 2730 Nemo
1351 2696 1445 2731 etc.:
1470 2707 1502 2731 v.
1516 2695 1593 2730 Iuv.
1604 2696 1679 2730 Sat.

218 2741 259 2778 ii.
278 2743 335 2787 83.
432 2787 440 2795 ⁶
475 2751 517 2778 21
545 2743 619 2780 Deo
634 2745 745 2778 irato:
771 2754 804 2778 v.
821 2741 904 2778 Ter.
919 2744 1065 2779 Phor-m.
1082 2741 1107 2777 i.
1126 2751 1159 2777 2.
1177 2752 1246 2786 245
1269 2742 1317 2778 cf.
1337 2742 1427 2778 Hor.
1445 2744 1519 2779 Sat.
1536 2742 1574 2778 ii.
1594 2752 1627 2787 3.
1647 2744 1679 2783 8,

220 2789 318 2825 Pers.
336 2789 413 2825 Sat.
429 2800 476 2824 ιν.
493 2798 550 2833 27.
667 2799 714 2826 22
743 2791 842 2826 Tunc
857 2801 994 2826 cmseos
1010 2792 1102 2826 etc.:
1130 2789 1230 2825 Pers.
1248 2790 1322 2826 Sat.
1338 2802 1371 2825 v.
1388 2790 1445 2831 60,
1461 2790 1520 2825 61.
1633 2799 1676 2834 23

219 2838 361 2872 miseri:
385 2838 457 2871 seru·
472 2835 571 2872 Pers.
722 2846 766 2880 27
790 2838 973 2873 scedulas:
998 2836 1022 2873 i.
1036 2848 1068 2874 e.
1085 2836 1302 2882 schedulas3
1330 2837 1380 2874 cf.
1397 2836 1550 2873 Hieron.
1567 2838 1676 2883 Apol.

219 2885 298 2920 ado.
315 2884 439 2927 Rufin.
456 2882 512 2919 iii.
529 2894 564 2930 4,
583 2891 600 2930 5
620 2882 766 2931 (Migne
778 2885 821 2920 P.
838 2885 881 2921 L.
899 2883 1004 2920 xxiii.
1021 2893 1103 2931 459,
1121 2883 1219 2929 460).

1505 2944 1568 2980 ι79

1695 229 1824 279 6840

1697 844 1726 883 d

1697 1586 1782 1636 685
1802 1598 1831 1626 a
