1988 3250
243 216 327 264 643
347 214 377 253 b
723 213 986 271 IOANNIS
1027 212 1542 258 SARESBERIENSIS
1667 210 1781 273 [Lm.
1796 224 1870 258 vn

395 334 531 378 etiam
557 337 659 392 post
692 338 880 378 mortem
906 335 1099 378 nominis
1125 335 1221 378 eius
1247 335 1489 379 auctoritas
1514 335 1691 379 rexerit.
1752 334 1868 380 Cum

394 419 501 447 uero
528 407 661 447 antea
686 405 908 462 sapientes
937 405 1191 448 dicerentur
1214 405 1291 462 qui
1317 405 1587 448 uidebantur
1614 405 1714 448 aliis
1742 420 1867 462 prae-

393 473 632 516 stantiores
644 488 749 524 esse,
754 473 1056 531 interrogatus
1068 473 1176 530 quid
1191 488 1237 516 se
1252 474 1547 530 profiteretur,
1554 473 1867 531 philosophum

394 556 442 585 se
462 556 555 585 esse
575 543 815 600 respondit,
831 543 878 586 id
899 546 967 586 est
986 543 1234 586 studiosum
1254 543 1327 586 uel
1347 543 1591 600 sapientiae
1610 546 1867 594 amatorem,

353 624 378 653 c
395 612 604 668 quoniam
642 612 888 669 sapientem
926 613 1126 670 profiteri
1164 613 1578 670 arrogantissimum
1618 613 1865 656 uidebatur.
1885 627 1905 660 5

393 681 598 738 Denique
617 696 717 724 cum
738 682 795 724 ad
815 682 1161 739 propulsandam
1182 682 1327 725 labem
1347 697 1521 725 morum
1541 682 1706 740 uiginti
1727 697 1866 726 annos
1910 715 1913 719 .

393 751 555 808 egisset
602 750 833 802 Crotonae,
873 752 1180 809 Metapontum
1221 752 1435 808 migrauit
1478 751 1628 808 ibique
1667 751 1865 795 decessit.

393 815 533 860 Cuius
572 820 701 860 tanta
740 818 976 861 admiratio
1019 818 1110 861 fuit
1148 820 1202 860 ut
1241 833 1298 860 ex
1338 818 1468 861 domo
1515 818 1610 861 eius
1648 818 1866 875 templum

392 884 591 929 facerent
616 887 849 944 ipsumque
873 902 954 944 pro
974 887 1056 930 deo
1075 887 1281 938 colerent,
1301 887 1421 930 nacti
1448 886 1565 930 forte
1594 887 1866 930 occasionem

391 971 448 999 ex
461 957 609 1000 uerbis
629 957 724 1000 eius
743 957 931 999 dicentis
947 957 1127 999 domum
1143 956 1497 1013 philosophantis
1513 971 1607 1000 esse
1621 957 1863 1000 sacrarium
1884 971 1925 995 10

390 1026 635 1083 sapientiae
667 1029 713 1069 et
747 1027 1029 1069 uerissimum
1068 1026 1153 1069 Dei
1189 1026 1416 1083 templum.
1477 1026 1689 1069 Traditur
1728 1027 1865 1070 etiam

390 1096 659 1153 persuasisse
681 1096 935 1139 hominibus
963 1111 1056 1139 esse
1084 1096 1255 1139 animas
1282 1096 1555 1139 immortales
1579 1099 1626 1139 et
1648 1099 1750 1153 post
1776 1096 1864 1140 dis-

390 1165 655 1208 solutionem
675 1166 869 1222 corporis
888 1165 1010 1208 uitae
1037 1165 1340 1222 praecedentis
1366 1165 1563 1222 praemia
1589 1167 1843 1222 recepturas
1855 1178 1866 1217 ;

391 1235 526 1292 impie
559 1238 710 1278 tamen
741 1234 941 1277 fabulam
974 1235 1095 1277 mille
1129 1249 1348 1278 annorum
1387 1235 1558 1292 primus
1597 1235 1762 1279 dicitur
1795 1235 1863 1278 in·

389 1303 582 1348 duxisse.
1883 1316 1924 1351 15

286 1474 291 1478 .
391 1430 500 1489 Cap.
525 1443 564 1488 5.
604 1431 668 1476 De
707 1432 864 1476 Ionio-o
901 1446 1057 1488 ρεπεν-ε
1089 1431 1477 1488 philosophorum,
1515 1436 1555 1476 et
1594 1431 1862 1476 auctoritate

343 1503 372 1543 d
448 1502 653 1553 Socratis,
691 1506 730 1546 et
768 1502 973 1558 doymate
1021 1502 1242 1553 Platonis,
1281 1506 1321 1546 et
1364 1501 1581 1559 opinione
1621 1501 1719 1546 eius
1761 1505 1862 1559 post

444 1575 643 1615 mrtem.

445 1666 650 1710 Alterum
686 1681 794 1710 uero
831 1667 1195 1724 philosophorum
1227 1681 1367 1724 genus
1400 1670 1468 1710 est
1503 1666 1620 1724 quod
1655 1666 1859 1710 Ionicum

386 1736 551 1780 dicitur
580 1739 626 1779 et
654 1751 682 1779 a
712 1736 863 1779 Grecis
893 1736 1179 1779 ulterioribus
1209 1737 1351 1780 traxit
1381 1737 1610 1794 originem.
1683 1736 1858 1780 Horum
1878 1752 1921 1776 20

386 1807 590 1864 princeps
615 1805 705 1849 fuit
725 1805 852 1849 Tales
877 1806 1087 1857 Milesius,
1114 1821 1231 1849 unus
1258 1806 1434 1849 illorum
1456 1809 1624 1863 septem
1646 1806 1722 1863 qui
1750 1805 1858 1849 dicti

385 1879 492 1919 sunt
521 1876 754 1933 sapientes.
815 1876 919 1926 Iste,
939 1891 1039 1919 cum
1071 1890 1219 1918 rerum
1249 1879 1457 1918 naturam
1487 1878 1711 1918 scrutatus
1741 1875 1860 1918 inter

384 1949 552 1989 eeteros
579 1945 840 1996 emicuisset,
860 1945 1051 1988 maxime
1082 1945 1356 1987 admirabilis
1387 1945 1541 1988 extitit
1571 1945 1688 2001 quod
1718 1947 1857 1988 astro-

385 2015 527 2072 logiae
554 2015 750 2058 numeris
779 2014 1103 2072 comprehensis
1133 2014 1237 2057 solis
1267 2018 1312 2057 et
1342 2014 1473 2057 lunae
1502 2013 1702 2058 defectus
1731 2029 1856 2071 prae-

384 2136 408 2172 6
433 2147 492 2171 xx.
511 2134 653 2171 CBAS:
680 2134 756 2171 xxu
775 2134 814 2170 M
962 2144 1004 2180 19
1030 2134 1352 2181 phylosophorum
1372 2134 1410 2170 M
1554 2144 1596 2171 21
1625 2134 1748 2171 thales
1763 2134 1797 2170 A

436 2255 464 2286 ι,
484 2255 504 2280 2
535 2245 625 2279 Cum
641 2255 727 2280 uero
744 2249 851 2279 antea
869 2244 941 2280 etc.
958 2254 966 2279 ε
993 2255 1026 2279 v.
1044 2243 1139 2290 Aug.
1157 2245 1200 2279 de
1220 2244 1258 2279 C.
1278 2244 1323 2280 D.
1342 2243 1419 2279 viii.
1439 2254 1472 2280 2.
1645 2245 1668 2281 6
1694 2245 1856 2292 Denique

384 2294 456 2328 etc.
473 2304 481 2328 ε
511 2291 566 2327 Ad
586 2291 721 2327 Iustin.
740 2302 799 2326 xx.
819 2301 840 2334 4
858 2290 966 2328 redit.
1167 2302 1208 2326 10
1232 2293 1377 2326 domum
1394 2303 1465 2326 esse
1483 2304 1490 2327 :
1518 2291 1598 2328 Hoc
1617 2291 1855 2339 Pythagorae

383 2339 527 2375 dictum
547 2351 624 2375 non
642 2338 735 2375 alibi
752 2350 818 2385 rep
849 2337 914 2375 eri.
1108 2349 1143 2375 11
1179 2340 1356 2374 Traditur
1370 2341 1478 2374 etiam
1496 2341 1591 2375 ete:
1619 2339 1856 2377 Immortales

383 2398 461 2423 esse
478 2386 623 2423 animas
640 2386 810 2423 docuisse
856 2386 1083 2440 ythagoram
1102 2386 1271 2422 referunt
1290 2386 1444 2423 Hieron.
1462 2388 1569 2432 Apol.
1587 2389 1664 2423 adv.
1685 2389 1771 2428 Rus.
1797 2387 1852 2425 iii.

383 2444 441 2480 39,
458 2445 515 2479 40,
537 2435 630 2481 Aug.
657 2439 782 2471 contra
805 2435 918 2470 Acad.
944 2433 996 2469 iii.
1020 2432 1097 2479 17§
1125 2443 1169 2479 37
1190 2433 1338 2481 (Migne
1364 2436 1404 2471 P.
1433 2436 1475 2470 L.
1504 2433 1607 2470 xxiii.
1634 2436 1714 2479 486,
1733 2435 1850 2472 xxxii.

383 2485 481 2528 954).
630 2492 670 2526 ¹4
688 2482 860 2527 fabulam
878 2482 975 2516 mille
991 2493 1197 2518 armorum:
1226 2494 1256 2517 v.
1278 2481 1435 2518 Hieron.
1459 2483 1531 2527 Ep.
1557 2493 1639 2519 cxx.
1665 2493 1686 2519 2
1706 2482 1853 2530 (Migne

383 2530 423 2565 Ρ.
444 2531 485 2565 L.
502 2527 592 2565 xxii.
609 2530 694 2573 986)
713 2528 759 2564 de
783 2528 1053 2565 Chiliastarum
1078 2528 1223 2566 haeresi
1241 2540 1249 2564 ε
1276 2530 1338 2564 Ex
1361 2530 1424 2565 hoc.
1449 2531 1521 2566 loco
1539 2530 1605 2566 (sc.
1624 2530 1735 2566 Matt.
1754 2530 1854 2568 xxvi.

383 2578 444 2622 29)
475 2577 574 2611 mille
602 2588 783 2612 annorum
808 2577 978 2621 fabulam
1007 2581 1167 2613 semum.
1233 2577 1311 2621 Quo
1343 2580 1494 2614 auctore
1531 2576 1689 2614 Ioannes
1724 2580 1856 2616 noster

383 2623 638 2670 Pythagoram
665 2622 833 2659 fabulam
859 2622 971 2659 iatam
997 2623 1161 2670 primum
1182 2622 1372 2661 induxisse
1394 2624 1508 2667 dicut,
1528 2624 1670 2667 nescio;
1698 2637 1854 2671 maynus

382 2671 485 2708 enim
523 2670 602 2707 siue
642 2673 850 2707 mundanus
881 2684 1012 2713 annus,
1048 2671 1094 2708 de
1128 2682 1202 2717 quo
1238 2671 1478 2708 somniabant
1504 2672 1745 2727 Pythagorei,
1776 2684 1852 2710 non

384 2718 488 2754 mille
513 2730 631 2755 annos
654 2719 717 2755 sed
744 2721 802 2763 (ut
826 2717 881 2755 ait
908 2718 1122 2755 Macrobius
1143 2720 1275 2755 Comm.
1296 2721 1334 2755 in
1361 2723 1479 2756 Somn.
1499 2721 1594 2766 scip.
1611 2719 1651 2756 ii.
1674 2730 1710 2756 11
1742 2718 1759 2767 ξ
1791 2723 1850 2764 11)

379 2768 582 2850 quigfltecim
605 2768 730 2850 ζηίἱὶἰα
759 2778 939 2850 armam?
967 2767 1092 2813 quala
1119 2779 1217 2850 nugw
1249 2767 1850 2852 οοηῳαεὲηἴῆειοο-ῐηρτοὶΐηᾶθέθ

380 2825 440 2850 cre
471 2825 482 2849 ι
505 2826 545 2849 un
562 2827 601 2850 ea
622 2841 630 2850 .
793 2824 834 2860 ¹9
922 2826 1023 2851 erum
1041 2826 1126 2850 uero
1143 2826 1162 2851 e
1185 2826 1216 2851 c.
1236 2826 1351 2861 usque
1369 2826 1391 2851 a
1477 2828 1499 2851 a
1517 2827 1619 2852 oms:
1643 2827 1674 2852 v.
1726 2827 1789 2862 ug.
1833 2826 1852 2851 e

384 2863 421 2899 C.
442 2862 486 2897 I).
506 2861 581 2897 viii.
601 2871 634 2899 2.

494 2942 555 2975 ¹0⁴
