1988 3250
187 229 271 279 598
290 239 322 269 a
666 224 930 270 10ANN1s
959 221 1486 293 sARESBERIENsls
1635 222 1746 286 [m.
1762 235 1814 270 v1

482 347 615 390 Nunc
644 347 843 404 patimur
870 346 1030 404 longae
1058 346 1180 403 pacis
1209 346 1350 399 mala3
1385 346 1532 390 seuior
1560 346 1697 390 armis

483 405 665 449 luxuria
693 405 897 449 incubuit
926 405 1186 462 uictumque
1215 405 1445 448 ulciscitur
1474 405 1640 450 orbem.

396 497 620 555 Antiquas
659 501 705 541 et
743 497 978 540 modernas
1015 496 1196 540 reuolue
1235 496 1456 549 historias,
1491 500 1538 540 et
1575 497 1707 554 plane
1746 496 1813 539 in-

337 567 490 611 uenies
521 567 626 624 quia
655 567 881 611 concussio
910 566 1186 624 populorum,
1207 581 1431 609 armorum
1461 566 1641 619 collisio,
1664 566 1812 610 clades

337 636 581 688 hominum,
615 640 661 680 et
692 637 825 694 plaga
858 636 1072 680 terribilis
1106 636 1331 679 luxuriam
1364 650 1537 693 semper
1565 639 1646 679 aut
1676 635 1809 679 comi-
1827 648 1848 683 5

335 710 463 750 tatur
501 711 581 750 aut
619 707 832 764 sequitur.
897 707 967 750 Ne
1006 707 1137 764 longe
1173 709 1387 763 petantur
1424 706 1639 763 exempla,
1679 706 1810 749 Niui-

337 777 487 821 collini
523 777 729 820 Britones
758 777 938 819 irruunt
967 779 1013 819 et
1042 776 1132 819 iam
1161 776 1437 833 protendunt
1465 776 1678 819 terminos
1707 790 1810 819 suos

338 848 385 890 et
423 847 587 904 egressi
627 846 682 889 de
720 846 923 890 cauernis
963 846 1055 889 suis
1093 845 1364 902 latebrisque
1410 845 1625 888 siluarum
1675 845 1811 903 plana

339 919 568 973 occupant,
598 916 815 959 nobilium
849 930 1081 973 procerum
1115 912 1374 958 uidentibus
1407 915 1516 973 ipsis
1546 915 1815 972 impugnant

293 991 323 1030 b
342 988 603 1043 expugnant
623 988 668 1028 et
688 985 875 1028 diruunt
896 987 976 1028 aut
995 984 1081 1027 sibi
1101 981 1298 1028 retinent
1321 984 1603 1035 munitiones,
1623 999 1674 1027 eo
1696 984 1815 1042 quod
1835 996 1878 1020 10

339 1054 551 1098 iuuentus
571 1057 736 1106 nostra,

707 1161 820 1204 quae
850 1148 968 1190 tecto
997 1146 1164 1204 gaudet
1194 1147 1240 1189 et
1269 1145 1451 1198 umbris,

338 1241 447 1281 nata
493 1238 646 1296 fruges
692 1253 960 1291 consumere,
1000 1238 1049 1281 in
1092 1237 1236 1281 lucem
1282 1238 1517 1290 dormiens,
1556 1238 1815 1282 scortationi

338 1309 526 1352 honesta
555 1311 824 1365 postponens
854 1308 1008 1359 officia,
1040 1311 1138 1351 tota
1167 1307 1239 1350 die
1270 1306 1493 1352 insectans
1522 1309 1814 1366 uoluptatem,

338 1377 557 1421 citharam
580 1377 711 1421 liram
736 1380 782 1421 et
806 1377 1058 1434 timpanum
1082 1379 1128 1420 et
1154 1391 1307 1420 uocem
1332 1378 1488 1434 organi
1518 1377 1566 1420 in
1595 1378 1815 1422 conuiuiis
1835 1395 1875 1430 15

339 1447 483 1505 magis
506 1447 707 1504 agnoscit
726 1461 861 1504 quam
881 1447 1045 1489 lituum
1064 1449 1145 1490 aut
1164 1446 1320 1490 tubam
1346 1447 1395 1490 in
1414 1446 1582 1490 castris.
1641 1447 1696 1490 In
1727 1462 1816 1504 qua

338 1519 420 1559 aut
439 1531 529 1559 non
551 1516 641 1561 fuit
660 1518 741 1559 aut
761 1516 930 1559 errauit
957 1516 1082 1559 ducis
1109 1515 1276 1567 electio,
1297 1516 1487 1560 cessauit
1513 1519 1593 1560 aut
1612 1516 1815 1574 elanguit

338 1585 586 1643 disciplina,
644 1585 775 1636 Nam,
805 1586 843 1628 si
873 1600 1056 1629 manum
1091 1600 1317 1629 conserere
1348 1588 1562 1643 oporteat,
1591 1586 1639 1629 in
1671 1601 1815 1630 arma-

338 1659 443 1700 tura
463 1655 551 1698 leui
571 1670 731 1713 pamm
751 1655 919 1698 habent
946 1655 1146 1706 fiduciae,
1166 1655 1214 1698 in
1241 1655 1370 1712 graui
1397 1655 1632 1699 minimum
1658 1655 1814 1699 alacri-

338 1725 459 1769 tatis.
520 1725 619 1768 Hac
642 1725 795 1782 itaque
821 1728 1066 1768 onerantur
1089 1728 1141 1767 ut
1167 1725 1339 1768 hostem
1366 1725 1491 1782 sequi
1515 1739 1605 1768 non
1631 1725 1814 1783 possint,
1833 1741 1878 1765 πο

339 1795 418 1838 illa
457 1795 774 1838 exanimantur
811 1797 865 1838 ut
903 1808 1006 1837 eum
1045 1796 1275 1851 tamquam
1314 1794 1372 1837 ad
1411 1793 1576 1838 uulnus
1622 1794 1814 1852 expositi

341 1867 566 1921 nequeant
594 1864 825 1908 sustinere.

300 1946 326 1977 c
400 1933 742 1991 Depopulantur
780 1933 847 1976 illi
886 1933 996 1976 fines
1035 1934 1222 1985 nostros,
1262 1932 1370 1976 dum
1409 1932 1620 1976 iuuentus
1662 1937 1817 1978 nostra

341 2003 583 2046 instruitur
595 2017 605 2055 ;
640 2005 697 2054 et,
726 2003 834 2045 dum
863 2002 991 2045 nobis
1021 2002 1147 2044 miles
1177 2005 1388 2053 armatur,
1418 2002 1558 2046 hostis
1587 2003 1740 2047 euadit
1769 2007 1816 2048 et

341 2072 413 2128 (ut
433 2072 519 2115 dici
540 2072 668 2128 solet)
690 2072 797 2114 dum
818 2071 940 2115 canis
960 2071 1180 2122 mussitat,
1201 2074 1324 2114 tutas
1350 2071 1543 2115 latebras
1564 2072 1816 2130 ingreditur
1835 2092 1877 2126 ²5

342 2141 485 2198 lupus.
546 2140 650 2184 Non
677 2144 745 2184 est
770 2141 846 2198 qui
873 2140 1218 2198 comprehendat
1244 2140 1481 2184 abeuntem
1506 2145 1586 2184 aut
1611 2141 1816 2199 insequa-

343 2214 421 2255 tur
459 2211 643 2262 hostem,
675 2225 727 2254 eo
766 2211 884 2268 quod
924 2210 1165 2267 impeditus
1203 2225 1284 2254 nec
1322 2209 1484 2254 sufficit
1522 2225 1602 2255 nec
1642 2212 1818 2269 proficit

343 2347 365 2384 3
390 2336 580 2383 hystorias
598 2336 672 2371 ΒΜ
842 2346 887 2373 10
910 2335 1087 2374 dix-ruunt
1105 2336 1164 2372 M:
1189 2335 1342 2372 dirrunt
1359 2335 1384 2373 S
1557 2346 1598 2385 15
1625 2334 1772 2375 conniis
1790 2337 1816 2375 S

343 2394 390 2429 24
415 2383 526 2420 miles
544 2383 652 2420 nobis
668 2382 715 2420 A'
860 2393 904 2430 25
932 2384 1091 2420 munitat.
1108 2383 1330 2420 C²BA¹S¹M¹

395 2503 409 2530 1
440 2495 547 2529 Nunc
560 2494 729 2547 patimur
744 2494 816 2528 etc.
834 2503 842 2527 :
870 2491 949 2527 Iuv.
968 2493 1040 2527 Sat.
1060 2491 1106 2527 vi.
1125 2501 1206 2536 292,
1229 2502 1309 2537 293.
1499 2493 1533 2537 6,
1552 2501 1572 2537 7
1600 2494 1818 2532 Niuccollini

343 2542 530 2579 Britonea:
557 2552 581 2576 1.
596 2552 628 2577 e.
648 2540 823 2575 Britoneu
840 2539 904 2585 qui
922 2538 1100 2575 Walliam
1122 2538 1310 2576 borealem
1335 2538 1538 2582 habitant:
1564 2541 1611 2577 cf.
1637 2553 1752 2596 supra
1776 2542 1817 2580 ii.

345 2599 388 2634 27
410 2590 490 2633 (461
511 2589 566 2630 D),
586 2600 616 2623 v.
636 2587 779 2623 Gimld.
800 2586 949 2623 Cambr.
970 2588 1147 2633 Desa-ipe.
1168 2588 1356 2623 Gambriae
1373 2599 1403 2623 c.
1426 2597 1442 2634 5
1464 2588 1815 2634 (Opp.ed.D1mock

343 2636 392 2672 vi.
412 2636 493 2680 170)
509 2637 700 2671 Scinditur
722 2641 842 2671 autem
859 2640 891 2669 ee
908 2636 1151 2678 do’stinmn'tur
1171 2637 1277 2680 aquis
1300 2636 1434 2670 Wallia
1453 2637 1644 2679 nobilibus,
1661 2649 1753 2683 quae
1770 2650 1818 2675 ex

344 2685 530 2719 montania
554 2684 692 2718 duobus
715 2684 889 2727 oriqe'nem
914 2683 1069 2725 habent‚·
1096 2682 1280 2727 Elennyth
1304 2684 1435 2719 scilicet
1465 2684 1505 2718 in
1530 2685 1731 2721 Sudwallt'a
1749 2713 1758 2723 .
1777 2713 1786 2722 .
1806 2712 1816 2724 .

344 2732 454 2768 Erem·
475 2729 614 2775 (Eryri)
633 2741 767 2777 quoque
793 2731 833 2765 in
852 2730 1085 2772 Νοηίιυαῖὶία,
1103 2741 1196 2775 quae
1212 2731 1362 2774 Anytice
1378 2732 1577 2766 Snaudune
1595 2730 1815 2779 (Snowdon)

343 2780 489 2820 dicitur,
507 2780 546 2813 id
564 2783 612 2813 eet
629 2779 776 2813 Nivium
794 2782 937 2813 montes.
1072 2786 1112 2813 12
1136 2789 1226 2831 quae
1243 2782 1327 2812 tecto
1344 2780 1415 2815 etc.
1430 2790 1438 2814 :
1466 2777 1544 2815 Iuv.
1564 2780 1639 2814 Sat.
1656 2779 1718 2815 vii.
1738 2790 1816 2828 105.

344 2827 643 2910 {031zmga'gwu
659 2837 884 2862 consumam:
910 2836 942 2861 v.
961 2824 1051 2861 Hor.
1068 2825 1140 2871 Ep.
1160 2836 1183 2861 ι.
1202 2834 1234 2861 2.
1253 2834 1311 2869 27.
1459 2834 1500 2873 15
1526 2827 1704 2863 citharam
1721 2829 1818 2867 stoa

458 2946 498 2980 18
