1988 3250
157 229 254 263 cAP.
271 219 372 277 xx1]
658 217 1091 263 POLICRA'I'ICVS
1627 216 1713 260 800
1732 230 1757 260 c

157 342 270 383 esset
311 338 521 396 religione
558 337 846 381 monstrabat.
923 337 1159 394 Episcopos
1198 353 1303 396 ergo
1341 340 1386 382 in
1427 339 1610 383 exilium

155 409 407 466 deportatos
438 406 569 450 iussit
598 405 771 449 euocari
805 407 851 448 et
882 407 1138 449 confiscatas
1171 422 1322 450 eorum
1361 409 1446 451 sibi
1484 409 1609 451 reddi

154 475 434 520 substantias.
512 474 693 532 Templa
734 489 907 532 quoque
955 489 1228 532 paganorum
1270 476 1480 520 uelociter
1518 478 1608 520 suis
1625 474 1654 515 d

155 544 409 589 necessariis
442 544 665 601 praecepit
698 543 880 601 aperire,
911 546 956 587 et
995 558 1107 600 quae
1146 544 1210 587 eis
1242 545 1393 587 ablata
1431 545 1612 588 fuerant

118 629 136 663 5
157 615 462 658 incunctanter
481 613 713 656 restituere
740 613 940 656 sanciuit.
1000 612 1171 655 Palatio
1197 614 1371 670 expulit
1391 614 1613 656 eunuchos

155 685 352 726 tonsores
385 686 431 726 et
467 696 614 735 cocos;
654 681 876 725 eunuchos
908 681 1085 738 quidem
1120 696 1171 724 eo
1211 682 1327 738 quod
1367 697 1481 725 uxor
1519 682 1614 725 eius

154 752 335 803 obierat,
369 755 470 809 post
507 766 639 809 quam
678 765 768 794 non
801 750 933 793 duxit
966 750 1124 803 aliam;
1163 765 1286 794 cocos
1319 754 1469 794 autem
1509 751 1615 807 quia

155 835 275 864 more
333 820 581 878 philosophi
629 820 738 864 cibis
786 819 1056 876 simplicibus
1104 820 1346 872 utebatur;
1416 823 1614 863 tonsores

156 891 374 948 quoniam,
394 893 446 933 ut
465 890 558 947 ipse
578 890 654 940 ait,
674 903 788 932 unus
807 889 968 932 sufficit
986 888 1150 932 multis.
1210 889 1456 948 Scriptores
1475 889 1613 946 pluri·

99 978 140 1003 10
156 975 278 1003 mum
307 960 603 1003 uenerabatur
631 959 905 1015 cultoresque
933 958 1276 1015 disciplinarum,
1306 958 1382 1001 sed
1422 959 1614 1001 maxime

156 1029 526 1087 philosophantes.
586 1028 713 1071 Vnde
747 1030 792 1071 et
827 1027 948 1070 fama
981 1027 1101 1070 uiros
1132 1027 1383 1070 huiusmodi
1419 1028 1614 1084 undique

156 1098 451 1156 congregabat
479 1098 594 1141 circa
622 1097 799 1154 palatia,
829 1096 905 1153 qui
935 1096 1249 1140 circumamicti
1288 1097 1435 1154 palliis
1474 1097 1615 1154 magis

158 1168 315 1211 habitu
347 1182 478 1224 quam
521 1166 774 1224 magisterio
812 1166 1131 1223 pandebantur.
1192 1166 1418 1223 Erantque
1456 1181 1615 1224 graues

159 1237 378 1280 uniuersis
399 1236 666 1281 Christianis
685 1236 933 1279 seductores
953 1236 1040 1278 uiri
1068 1240 1113 1279 et
1140 1236 1418 1294 imperatoris
1444 1250 1615 1293 semper
1633 1237 1708 1276 801
1728 1250 1757 1278 a

101 1323 140 1357 15
161 1306 362 1364 religioni
392 1305 603 1349 fauentes.
663 1305 879 1348 Noctibus
908 1305 1100 1362 uigilans
1138 1305 1440 1348 conscribebat
1469 1305 1616 1356 libros,

159 1390 268 1433 quos
287 1376 334 1418 in
354 1378 510 1419 senatu
535 1374 707 1432 publice
728 1375 955 1419 recitabat.
1013 1374 1142 1418 Solus
1162 1375 1279 1418 enim
1301 1375 1616 1432 imperatorum

159 1460 187 1489 a
213 1445 331 1488 Iulio
361 1443 518 1489 Cesare
538 1444 585 1486 in
611 1444 734 1488 curia
754 1444 959 1487 recitauit
978 1444 1209 1487 orationes.
1269 1444 1497 1487 Publicum
1518 1459 1615 1487 cur-

158 1528 256 1558 sum
276 1514 495 1557 mularum
511 1516 556 1557 et
575 1513 841 1557 caballorum
862 1514 1069 1568 inhibuit,
1082 1514 1237 1557 iubens
1252 1529 1325 1557 eos
1344 1514 1617 1557 utilitatibus

159 1583 345 1642 publicis
375 1582 629 1626 ministrari.
688 1583 809 1626 Haec
844 1583 938 1626 eius
970 1598 1104 1640 opera
1137 1583 1323 1627 laudant
1360 1584 1488 1641 pauci
1520 1584 1616 1641 plu-

101 1673 144 1698 πο
160 1652 347 1710 rimique
366 1652 634 1710 uituperant,
654 1653 758 1710 quia
778 1656 945 1696 remoto
966 1652 1087 1696 fastu
1114 1653 1269 1710 palatii
1289 1653 1618 1710 contemptibile

160 1721 366 1765 uideatur
383 1721 629 1778 imperium.
688 1721 820 1779 Apud
842 1721 1130 1764 Sozomenum
1152 1722 1296 1766 fertur
1316 1723 1421 1779 quia
1441 1737 1544 1765 mox
1570 1721 1618 1764 in

158 1790 254 1847 ipso
272 1789 486 1847 principio
505 1790 566 1834 sic
586 1793 736 1847 aperte
752 1794 797 1834 et
815 1791 1096 1848 impudenter
1114 1792 1297 1848 negauit
1317 1791 1617 1835 Christianam

161 1859 291 1902 fidem
321 1863 373 1903 ut
403 1860 664 1917 quibusdam
693 1860 917 1903 sacrificiis
946 1864 991 1904 et
1020 1860 1383 1911 inuocationibus‚
1404 1875 1514 1917 quas
1543 1875 1617 1903 ex-

159 1929 403 1986 peditiones
433 1929 595 1986 pagani
628 1932 800 1980 uocant,
834 1932 880 1972 et
910 1930 1124 1987 sanguine
1155 1929 1382 1972 immolato
1417 1932 1618 1972 nostrum

102 2017 142 2052 ²⁵
162 1997 382 2055 baptisma
407 1997 604 2041 studeret
630 1998 750 2041 ablui
778 2002 824 2042 et
850 1999 1161 2042 abrenuntiare
1181 1998 1497 2042 ecclesiasticae
1517 2013 1617 2042 con-

163 2066 353 2110 fessioni.
412 2067 480 2109 Ex
499 2067 575 2110 illo
595 2067 712 2110 enim
732 2070 928 2125 tempore
953 2070 1046 2111 tam
1070 2068 1271 2111 secretim
1292 2083 1424 2124 quam
1444 2068 1618 2125 publice

162 2138 207 2179 et
226 2135 274 2178 in
294 2135 469 2193 templis
487 2137 647 2194 pagani
668 2137 850 2181 licenter
875 2138 1086 2180 sacrificia
1106 2137 1398 2182 celebrabant.
1457 2137 1616 2180 Fertur
1632 2135 1662 2175 b

163 2207 311 2247 autem
338 2205 453 2261 quia,
472 2205 577 2248 dum
604 2206 840 2263 aliquando
866 2207 1142 2259 sacrificaret,
1162 2209 1386 2250 ostensum
1413 2206 1473 2249 sit
1499 2207 1538 2248 ei
1568 2207 1616 2249 in

164 2273 403 2316 uisceribus
424 2274 591 2317 hostiae
610 2275 785 2332 signum
805 2276 945 2318 crucis
964 2290 1124 2319 corona
1142 2275 1475 2319 circumdatum.
1519 2275 1618 2328 Quo

106 2361 147 2394 30
163 2342 260 2384 uiso
293 2341 368 2384 alii
407 2342 583 2399 quidem
620 2344 844 2400 perterriti
886 2358 1016 2387 uerae
1056 2344 1280 2401 religionis
1319 2344 1532 2386 uirtutem
1572 2347 1618 2388 et

165 2409 408 2455 Christiani
447 2411 663 2469 dogmatis
709 2413 988 2456 eternitatem
1030 2413 1357 2465 intellexerunt,
1400 2427 1450 2456 eo
1499 2413 1615 2470 quod

163 2494 323 2523 corona
354 2479 561 2524 uictoriae
591 2481 801 2525 indicium
833 2485 901 2526 est
934 2485 979 2526 et
1011 2483 1206 2526 ambitus
1238 2482 1463 2526 circularis
1493 2483 1539 2524 in
1569 2498 1619 2526 se

165 2548 338 2591 rediens
368 2551 434 2591 est
458 2549 558 2592 finis
587 2550 794 2607 ignarus3
822 2552 1024 2610 princeps
1054 2556 1215 2606 autem,
1245 2551 1500 2595 confortans
1529 2567 1614 2604 eos,

167 2617 251 2660 sibi
281 2632 488 2674 prospera
516 2620 750 2662 monstrari
779 2621 966 2664 asseruit
995 2624 1040 2664 et
1066 2621 1171 2677 quia
1196 2621 1371 2678 signum
1398 2621 1619 2679 dogmatis

166 2727 187 2752 2
213 2714 285 2752 sibi
301 2727 366 2751 om.
385 2714 446 2751 CA
587 2725 604 2763 5
633 2716 815 2753 sancciuit
830 2717 863 2754 A
1002 2728 1048 2763 24
1072 2717 1272 2754 inmolatio
1290 2717 1348 2754 S¹:
1380 2717 1617 2756 inmolaticio

167 2763 199 2798 A
214 2775 328 2808 mary.
347 2761 426 2798 S²M
567 2773 614 2809 34
637 2764 836 2801 monstrari
851 2775 1030 2812 prospera
1044 2765 1092 2800 A²
1184 2765 1384 2802 asseruerit
1399 2765 1464 2802 SM

214 2860 256 2887 21
283 2851 395 2896 Apud
410 2851 639 2888 Sozomenum
656 2852 726 2888 etc.
744 2863 753 2888 ε
779 2863 812 2888 v.
831 2850 994 2888 Cassiod.
1010 2852 1106 2887 Hm.
1128 2852 1227 2898 Trip.
1246 2851 1292 2888 vi.
1310 2862 1343 2888 2.

230 2921 311 2941 '¹³¹
334 2921 354 2940 ¹¹
839 2923 862 2961 3
890 2923 920 2950 Β
1444 2917 1513 2959 385
