1988 3250
153 237 251 278 nir.
265 224 388 288 xvn]
662 205 1100 271 PomosA'movs
1637 210 1719 272 '67⁵
1736 220 1767 260 u

153 348 303 406 magni
342 345 584 405 Augustini
635 345 690 389 de
729 345 888 388 Libero
927 343 1129 386 Arbitrio
1180 341 1340 400 pingit.
1413 340 1463 385 Si
1502 339 1622 384 enim

154 417 375 463 nesciatur
393 415 511 474 quod
530 415 632 459 sciri
656 429 746 458 non
770 416 928 471 potest,
948 413 996 455 in
1015 427 1176 455 nomen
1197 411 1416 454 stultitiae
1440 411 1623 454 minime

154 487 296 539 cadit3
334 488 394 537 at,
427 499 529 529 cum
577 485 647 528 sui
696 482 952 541 ignorantia
991 482 1091 539 quis
1130 484 1321 533 tenetur,
1356 481 1521 524 transit
1565 480 1624 523 ad

154 555 325 600 stultos.
385 554 435 598 Si
458 554 506 596 in
525 553 653 596 bonis
674 567 786 609 quae
813 551 988 594 minora
1013 553 1221 608 patenter
1247 553 1354 592 sunt
1382 550 1626 592 maioribus

114 643 139 684 ⁸
155 624 362 683 praefert,
401 622 538 667 stulte
576 622 772 674 iudicat3
823 621 862 664 si
900 620 1016 663 uitia
1055 634 1242 677 sequens
1285 621 1458 676 partem
1498 632 1625 662 suam

155 693 415 738 deteriorem
454 691 604 744 faciat,
645 690 865 734 stultitiae
906 689 1214 733 maledictione
1254 688 1546 745 dampnatur;
1587 687 1626 730 si

157 777 260 822 ergo
279 776 401 806 error
420 761 559 805 fuerit
579 759 827 818 cupiditate
851 772 1096 810 succensus,
1116 758 1364 816 praecipitii
1389 756 1627 813 multiplex

156 832 232 876 uia
256 834 392 890 patet,
414 845 514 875 cum
542 830 599 873 ab
626 843 772 873 errore
797 828 857 872 sit
885 831 938 871 ut
968 828 1100 871 homo
1130 828 1238 886 quid
1268 828 1328 870 sit
1354 826 1628 884 sequendum

157 901 331 960 ignoret
368 903 414 944 et
451 900 598 958 ipsum
637 899 685 942 in
724 898 849 941 inuio
889 897 1126 941 abeuntem
1167 897 1329 940 fornax
1368 895 1629 954 cupiditatis

100 986 144 1018 ιο
158 970 412 1014 inflammet.
472 969 531 1012 Et
550 968 728 1026 quidem
749 967 894 1011 adhuc
913 967 1176 1024 praeualent
1200 967 1338 1010 uerba
1362 967 1629 1023 iniquorum,

159 1039 265 1084 dum
295 1040 436 1090 homo,
460 1038 664 1096 propriae
696 1036 964 1095 cognitionis
993 1036 1177 1094 ignarus
1207 1039 1252 1079 et
1279 1036 1454 1080 debitae
1484 1035 1629 1079 subie-

158 1108 317 1154 ctionis
339 1107 588 1151 detrectans
618 1107 785 1164 iugum,
808 1106 1013 1149 fictitiam
1038 1105 1262 1162 quandam
1290 1105 1470 1148 affectat
1497 1104 1628 1147 liber-
1646 1109 1670 1138 0

158 1180 298 1222 tatem
321 1179 374 1220 ut
392 1176 532 1234 poaeit
551 1176 704 1220 uiuere
731 1175 826 1219 sine
854 1178 977 1218 metu
1002 1178 1047 1218 et
1077 1174 1259 1232 impune
1289 1174 1407 1232 quod
1436 1173 1631 1217 uoluerit

160 1246 304 1291 facere
319 1249 364 1290 et
379 1245 699 1304 quodammodo
719 1245 809 1287 iam
832 1259 925 1287 esse
946 1244 1061 1288 sicut
1076 1243 1215 1296 Deus;
1236 1258 1325 1287 non
1341 1247 1491 1286 tamen
1513 1241 1631 1299 quod

105 1334 144 1370 15
161 1316 359 1360 diuinam
378 1315 489 1359 uelit
517 1314 684 1358 imitari
713 1314 971 1364 bonitatem,
992 1313 1068 1356 sed
1096 1313 1241 1356 Deum
1267 1313 1414 1356 dando
1439 1312 1632 1370 impuni-

85 1402 92 1408 ·
161 1387 299 1429 tatem
328 1385 457 1428 malis
485 1383 542 1427 ad
572 1398 699 1427 suam
729 1382 831 1426 uult
860 1382 1079 1425 malitiam
1111 1381 1326 1425 inclinari.
1386 1381 1454 1425 De
1484 1380 1632 1424 radice

162 1468 267 1512 ergo
285 1454 516 1512 superbiae
537 1453 731 1510 surrepit
750 1452 948 1505 ambitio,
963 1452 1189 1510 potentiae
1217 1451 1384 1495 scilicet
1410 1451 1633 1508 cupiditas

164 1526 210 1568 et
223 1523 412 1575 honoris,
426 1526 480 1567 ut
499 1522 602 1566 hinc
622 1522 741 1566 uires
760 1522 924 1565 habeat
943 1536 999 1565 ne
1019 1525 1259 1578 prematur,
1274 1522 1378 1565 hinc
1397 1521 1634 1578 proueniat

165 1593 414 1637 reuerentia
441 1607 498 1636 ne
526 1592 722 1636 uilescat.
782 1591 927 1635 Nemo
956 1590 1074 1634 enim
1105 1594 1173 1634 est
1208 1590 1283 1647 qui
1317 1605 1406 1633 non
1440 1589 1635 1647 gaudeat

103 1679 152 1711 20
167 1661 372 1706 libertate
392 1665 438 1706 et
457 1661 534 1719 qui
553 1662 684 1712 uires,
699 1661 861 1719 quibus
881 1675 977 1704 eam
999 1663 1192 1711 tueatur,
1206 1675 1296 1703 non
1316 1663 1441 1717 optet
1458 1674 1467 1712 ;
1497 1659 1635 1702 nichil

167 1735 235 1776 est
263 1731 381 1789 quod
406 1746 496 1775 non
522 1731 570 1774 in
598 1730 971 1788 permutationem
999 1730 1094 1773 eius
1118 1729 1282 1779 ueniat,
1303 1730 1339 1772 si
1364 1729 1485 1772 locus
1514 1728 1635 1771 assit.

167 1801 370 1847 Seruitus
384 1801 501 1844 enim
517 1800 732 1857 quaedam
748 1799 895 1857 imago
911 1799 1067 1842 mortis
1083 1802 1150 1842 est
1165 1802 1210 1842 et
1226 1799 1407 1842 libertas
1423 1798 1637 1841 securitas

166 1871 298 1915 uitae.
356 1869 468 1913 Inde
488 1872 556 1913 est
575 1868 692 1926 quod
713 1867 770 1911 ad
790 1868 1109 1912 conciliandam
1134 1868 1380 1926 potentiam
1401 1866 1634 1910 effundun-
1653 1861 1685 1902 <l

167 1942 246 1984 tur
271 1953 400 1998 opes3
429 1942 475 1983 et
504 1940 671 1996 quanto
701 1938 800 1996 quis
826 1938 1052 1996 potentiae
1078 1938 1281 1995 cupidior
1304 1940 1385 1992 est,
1405 1940 1533 1980 tanto
1563 1950 1637 1980 eas

111 2025 155 2063 ⁸⁵
169 2008 343 2054 facilius
362 2008 583 2066 expendit.
644 2007 758 2052 Cum
779 2022 886 2051 uero
909 2007 1155 2065 potentiam
1179 2011 1336 2050 nactus
1357 2009 1435 2056 est,
1455 2006 1638 2063 erigitur

169 2078 217 2122 in
236 2077 502 2121 tirannidem
523 2080 569 2120 et
587 2077 812 2134 aequitate
831 2080 1085 2134 contempta
1106 2079 1294 2119 naturae
1310 2079 1355 2119 et
1370 2075 1639 2120 conditionis

169 2149 390 2191 consortes
413 2146 672 2203 inspiciente
692 2146 786 2189 Deo
810 2146 1056 2203 deprimere
1077 2161 1166 2188 non
1187 2149 1379 2190 ueretur.
1441 2145 1510 2195 Et,
1535 2145 1639 2188 licet

171 2230 321 2260 omnes
335 2229 544 2272 occupare
559 2230 648 2258 non
662 2215 834 2272 possint
848 2216 1125 2272 principatus
1141 2218 1186 2258 et
1202 2229 1350 2272 regna,
1367 2229 1394 2256 a
1414 2213 1639 2257 tirannide

171 2287 321 2328 tamen
341 2284 518 2327 omnino
537 2284 746 2328 immunis
773 2288 840 2327 est
868 2287 948 2327 aut
974 2284 1123 2327 nullus
1154 2287 1234 2326 aut
1262 2298 1400 2326 rarus.
1461 2283 1642 2326 Dicitur

115 2372 159 2408 ⁸0
174 2356 322 2396 autem
343 2353 446 2410 quia
465 2353 669 2397 tirannus
689 2356 755 2396 est
775 2354 852 2411 qui
872 2353 1070 2396 uiolenta
1097 2353 1398 2396 dominatione
1425 2352 1639 2409 populum

174 2422 361 2480 premit3
396 2422 471 2465 sed
499 2424 649 2465 tamen
675 2428 775 2466 non
789 2423 919 2466 modo
945 2423 992 2465 in
1022 2422 1185 2480 populo
1216 2422 1292 2465 sed
1323 2422 1369 2464 in
1400 2421 1641 2478 quantauis

174 2490 397 2549 paucitate
420 2493 566 2548 potest
593 2492 777 2549 quisque
796 2507 922 2535 suam
946 2492 1215 2535 tirannidem
1243 2506 1458 2534 exercere.
1521 2491 1641 2534 Nam

181 2619 236 2658 15,
256 2612 299 2647 16
322 2610 593 2656 impunitatem
611 2611 731 2648 dando
749 2610 793 2646 Al
897 2622 944 2648 20
963 2616 1046 2657 post
1061 2610 1181 2647 nichil
1198 2613 1282 2648 add.
1301 2610 1403 2648 enim
1421 2611 1487 2647 BA
1593 2620 1637 2647 21

178 2657 270 2694 assit
285 2657 390 2694 locus
406 2657 452 2692 Α1
593 2660 638 2695 26
662 2657 906 2704 tyrannidem
922 2657 984 2694 CB
1106 2670 1152 2705 30
1175 2661 1359 2705 tyrannus
1376 2658 1472 2694 CBA
1594 2668 1638 2704 31

179 2705 291 2742 modo
306 2716 372 2741 om.
390 2704 430 2740 M
517 2710 600 2751 post
614 2706 755 2753 populo
773 2708 857 2743 add.
874 2708 1028 2742 tantum
1046 2705 1086 2741 M

183 2824 277 2898 Dlo
295 2815 643 2909 ρνῗοιέιῑεηξμεέὂα
665 2815 897 2862 iniquorum:
922 2827 957 2852 v.
980 2813 1040 2852 Ps.
1065 2813 1154 2850 lxiv.
1171 2824 1207 2859 4.
1398 2823 1442 2858 14
1465 2824 1537 2849 esse
1551 2814 1644 2849 sicut

221 2873 303 2898 eus:
329 2873 349 2897 c
367 2888 376 2898 .
426 2873 484 2900 en.
500 2872 556 2898 ui.
597 2887 608 2899 .

239 2932 319 2952 wass
333 2932 354 2953 ιι
893 2928 924 2957 1
1469 2929 1484 2955 1
1491 2918 1532 2954 61
