<?xml version="1.0" encoding="UTF-8"?>
<!DOCTYPE html PUBLIC "-//W3C//DTD XHTML 1.0 Transitional//EN"
    "http://www.w3.org/TR/xhtml1/DTD/xhtml1-transitional.dtd">
<html xmlns="http://www.w3.org/1999/xhtml" xml:lang="en" lang="en">
 <head>
  <title>
</title>
<meta http-equiv="Content-Type" content="text/html;charset=utf-8" />
  <meta name='ocr-system' content='tesseract 3.04.00' />
  <meta name='ocr-capabilities' content='ocr_page ocr_carea ocr_par ocr_line ocrx_word'/>
</head>
<body>
  <div class='ocr_page' id='page_1' title='image "./policraticisived02john_0053.png"; bbox 0 0 1988 3250; ppageno 0'>
   <div class='ocr_carea' id='block_1_1' title="bbox 137 236 1746 300">
    <p class='ocr_par' dir='ltr' id='par_1_1' title="bbox 137 236 1746 300">
     <span class='ocr_line' id='line_1_1' title="bbox 137 236 1746 300; baseline -0.004 -14"><span class='ocrx_word' id='word_1_1' title='bbox 137 251 239 286; x_wconf 62' lang='lat' dir='ltr'>oar.</span> <span class='ocrx_word' id='word_1_2' title='bbox 254 238 361 300; x_wconf 80' lang='lat' dir='ltr'><strong>xvl&#39;}</strong></span> <span class='ocrx_word' id='word_1_3' title='bbox 669 236 1108 284; x_wconf 82' lang='lat' dir='ltr'>POLIGRATICVS</span> <span class='ocrx_word' id='word_1_4' title='bbox 1625 238 1694 279; x_wconf 83' lang='lat'>611</span> <span class='ocrx_word' id='word_1_5' title='bbox 1711 246 1746 279; x_wconf 74' lang='lat' dir='ltr'>a</span> 
     </span>
    </p>
   </div>
   <div class='ocr_carea' id='block_1_2' title="bbox 0 334 38 406">
    <p class='ocr_par' dir='ltr' id='par_1_2' title="bbox 0 334 38 406">
     <span class='ocr_line' id='line_1_2' title="bbox 0 334 35 371; baseline -0.086 0"><span class='ocrx_word' id='word_1_6' title='bbox 0 334 8 371; x_wconf 73' lang='grc' dir='ltr'>ἱ</span> <span class='ocrx_word' id='word_1_7' title='bbox 19 339 35 370; x_wconf 60' lang='grc' dir='ltr'><strong>ι</strong></span> 
     </span>
     <span class='ocr_line' id='line_1_3' title="bbox 19 371 38 406; baseline -0.421 0"><span class='ocrx_word' id='word_1_8' title='bbox 19 371 38 406; x_wconf 62' lang='grc' dir='ltr'>ςι,</span> 
     </span>
    </p>
   </div>
   <div class='ocr_carea' id='block_1_3' title="bbox 0 358 1664 1740">
    <p class='ocr_par' dir='ltr' id='par_1_3' title="bbox 0 358 1658 1114">
     <span class='ocr_line' id='line_1_4' title="bbox 136 358 1658 418; baseline -0.003 -12"><span class='ocrx_word' id='word_1_9' title='bbox 136 363 244 406; x_wconf 84' lang='lat' dir='ltr'>ante</span> <span class='ocrx_word' id='word_1_10' title='bbox 292 361 431 406; x_wconf 80' lang='lat' dir='ltr'><strong>aciem</strong></span> <span class='ocrx_word' id='word_1_11' title='bbox 474 359 701 418; x_wconf 86' lang='lat' dir='ltr'>postulato</span> <span class='ocrx_word' id='word_1_12' title='bbox 748 358 949 403; x_wconf 87' lang='lat' dir='ltr'>silentio:</span> <span class='ocrx_word' id='word_1_13' title='bbox 998 358 1100 410; x_wconf 90' lang='lat' dir='ltr'>Vos,</span> <span class='ocrx_word' id='word_1_14' title='bbox 1143 358 1303 416; x_wconf 89' lang='lat' dir='ltr'>inquit,</span> <span class='ocrx_word' id='word_1_15' title='bbox 1350 359 1427 416; x_wconf 90' lang='lat' dir='ltr'>qui</span> <span class='ocrx_word' id='word_1_16' title='bbox 1473 358 1610 402; x_wconf 63' lang='lat' dir='ltr'>estis?</span> <span class='ocrx_word' id='word_1_17' title='bbox 1627 370 1658 400; x_wconf 83' lang='lat' dir='ltr'>a</span> 
     </span>
     <span class='ocr_line' id='line_1_5' title="bbox 139 427 1611 489; baseline -0.003 -14"><span class='ocrx_word' id='word_1_18' title='bbox 139 430 414 489; x_wconf 80' lang='lat' dir='ltr'>Responsum</span> <span class='ocrx_word' id='word_1_19' title='bbox 435 432 525 473; x_wconf 89' lang='lat' dir='ltr'>est:</span> <span class='ocrx_word' id='word_1_20' title='bbox 555 428 744 472; x_wconf 87' lang='lat' dir='ltr'>Romani</span> <span class='ocrx_word' id='word_1_21' title='bbox 763 428 966 486; x_wconf 89' lang='lat' dir='ltr'>gentium</span> <span class='ocrx_word' id='word_1_22' title='bbox 986 427 1167 472; x_wconf 88' lang='lat' dir='ltr'>domini.</span> <span class='ocrx_word' id='word_1_23' title='bbox 1227 428 1286 471; x_wconf 88' lang='lat' dir='ltr'>Et</span> <span class='ocrx_word' id='word_1_24' title='bbox 1300 428 1399 472; x_wconf 90' lang='lat' dir='ltr'>ille:</span> <span class='ocrx_word' id='word_1_25' title='bbox 1428 428 1502 471; x_wconf 89' lang='lat' dir='ltr'>Ita</span> <span class='ocrx_word' id='word_1_26' title='bbox 1520 429 1611 480; x_wconf 89' lang='lat' dir='ltr'>fiet,</span> 
     </span>
     <span class='ocr_line' id='line_1_6' title="bbox 139 497 1613 558; baseline -0.003 -14"><span class='ocrx_word' id='word_1_27' title='bbox 139 499 298 558; x_wconf 86' lang='lat' dir='ltr'>inquit,</span> <span class='ocrx_word' id='word_1_28' title='bbox 318 499 356 543; x_wconf 92' lang='lat' dir='ltr'>si</span> <span class='ocrx_word' id='word_1_29' title='bbox 380 513 461 542; x_wconf 89' lang='lat' dir='ltr'>nos</span> <span class='ocrx_word' id='word_1_30' title='bbox 484 498 694 542; x_wconf 88' lang='lat' dir='ltr'>uiceritie.</span> <span class='ocrx_word' id='word_1_31' title='bbox 752 497 892 541; x_wconf 88' lang='lat' dir='ltr'>Graui</span> <span class='ocrx_word' id='word_1_32' title='bbox 918 497 1100 540; x_wconf 89' lang='lat' dir='ltr'>tandem</span> <span class='ocrx_word' id='word_1_33' title='bbox 1127 497 1336 541; x_wconf 88' lang='lat' dir='ltr'>conflictu</span> <span class='ocrx_word' id='word_1_34' title='bbox 1362 500 1613 554; x_wconf 91' lang='lat' dir='ltr'>pugnatum</span> 
     </span>
     <span class='ocr_line' id='line_1_7' title="bbox 30 566 1614 624; baseline -0.004 -10"><span class='ocrx_word' id='word_1_35' title='bbox 30 620 33 622; x_wconf 15' lang='lat' dir='ltr'>q</span> <span class='ocrx_word' id='word_1_36' title='bbox 139 572 220 622; x_wconf 88' lang='lat' dir='ltr'>est,</span> <span class='ocrx_word' id='word_1_37' title='bbox 253 568 331 612; x_wconf 90' lang='lat' dir='ltr'>sed</span> <span class='ocrx_word' id='word_1_38' title='bbox 370 568 559 612; x_wconf 83' lang='lat' dir='ltr'>Romani</span> <span class='ocrx_word' id='word_1_39' title='bbox 598 567 815 620; x_wconf 88' lang='lat' dir='ltr'>uicerunt,</span> <span class='ocrx_word' id='word_1_40' title='bbox 845 570 891 611; x_wconf 94' lang='lat' dir='ltr'>et</span> <span class='ocrx_word' id='word_1_41' title='bbox 929 581 1114 610; x_wconf 90' lang='lat' dir='ltr'>numero</span> <span class='ocrx_word' id='word_1_42' title='bbox 1143 566 1294 624; x_wconf 89' lang='lat' dir='ltr'>plures</span> <span class='ocrx_word' id='word_1_43' title='bbox 1329 569 1375 609; x_wconf 93' lang='lat' dir='ltr'>et</span> <span class='ocrx_word' id='word_1_44' title='bbox 1407 566 1614 610; x_wconf 83' lang='lat' dir='ltr'>fortiores</span> 
     </span>
     <span class='ocr_line' id='line_1_8' title="bbox 28 636 1612 697; baseline -0.004 -13"><span class='ocrx_word' id='word_1_45' title='bbox 28 651 34 692; x_wconf 54' lang='grc' dir='ltr'><em>ρ</em></span> <span class='ocrx_word' id='word_1_46' title='bbox 99 653 124 697; x_wconf 64' lang='lat'><em>3</em></span> <span class='ocrx_word' id='word_1_47' title='bbox 139 638 312 684; x_wconf 88' lang='lat' dir='ltr'>uiribus</span> <span class='ocrx_word' id='word_1_48' title='bbox 338 641 384 682; x_wconf 89' lang='lat' dir='ltr'>et</span> <span class='ocrx_word' id='word_1_49' title='bbox 411 637 743 681; x_wconf 76' lang='lat' dir='ltr'>exercitatiores</span> <span class='ocrx_word' id='word_1_50' title='bbox 762 651 860 689; x_wconf 86' lang='lat' dir='ltr'>usu,</span> <span class='ocrx_word' id='word_1_51' title='bbox 879 636 1035 680; x_wconf 89' lang='lat' dir='ltr'>multis</span> <span class='ocrx_word' id='word_1_52' title='bbox 1055 639 1206 679; x_wconf 87' lang='lat' dir='ltr'>tamen</span> <span class='ocrx_word' id='word_1_53' title='bbox 1230 636 1404 678; x_wconf 84' lang='lat' dir='ltr'>amissis</span> <span class='ocrx_word' id='word_1_54' title='bbox 1431 650 1612 680; x_wconf 89' lang='lat' dir='ltr'>suorum</span> 
     </span>
     <span class='ocr_line' id='line_1_9' title="bbox 44 704 1612 765; baseline -0.004 -12"><span class='ocrx_word' id='word_1_55' title='bbox 44 704 46 706; x_wconf 54' lang='grc'>’</span> <span class='ocrx_word' id='word_1_56' title='bbox 139 722 192 753; x_wconf 92' lang='lat' dir='ltr'>eo</span> <span class='ocrx_word' id='word_1_57' title='bbox 211 707 329 765; x_wconf 91' lang='lat' dir='ltr'>quod</span> <span class='ocrx_word' id='word_1_58' title='bbox 349 707 413 750; x_wconf 89' lang='lat' dir='ltr'>eis</span> <span class='ocrx_word' id='word_1_59' title='bbox 433 706 686 750; x_wconf 74' lang='lat' dir='ltr'><strong>colluctatio</strong></span> <span class='ocrx_word' id='word_1_60' title='bbox 713 705 863 749; x_wconf 78' lang='lat' dir='ltr'>fuerat</span> <span class='ocrx_word' id='word_1_61' title='bbox 889 706 1103 749; x_wconf 87' lang='lat' dir='ltr'>aduersus</span> <span class='ocrx_word' id='word_1_62' title='bbox 1126 705 1339 763; x_wconf 87' lang='lat' dir='ltr'>populum</span> <span class='ocrx_word' id='word_1_63' title='bbox 1360 704 1612 762; x_wconf 86' lang='lat' dir='ltr'>disciplina-</span> 
     </span>
     <span class='ocr_line' id='line_1_10' title="bbox 138 774 1614 824; baseline -0.004 -2"><span class='ocrx_word' id='word_1_64' title='bbox 138 777 244 822; x_wconf 87' lang='lat' dir='ltr'>liter</span> <span class='ocrx_word' id='word_1_65' title='bbox 272 776 509 822; x_wconf 89' lang='lat' dir='ltr'>eruditum.</span> <span class='ocrx_word' id='word_1_66' title='bbox 567 776 735 819; x_wconf 89' lang='lat' dir='ltr'>Verum</span> <span class='ocrx_word' id='word_1_67' title='bbox 770 776 818 818; x_wconf 94' lang='lat' dir='ltr'>in</span> <span class='ocrx_word' id='word_1_68' title='bbox 857 778 955 819; x_wconf 90' lang='lat' dir='ltr'>tota</span> <span class='ocrx_word' id='word_1_69' title='bbox 983 790 1031 819; x_wconf 92' lang='lat' dir='ltr'>re</span> <span class='ocrx_word' id='word_1_70' title='bbox 1061 775 1246 818; x_wconf 88' lang='lat' dir='ltr'>militari</span> <span class='ocrx_word' id='word_1_71' title='bbox 1277 775 1415 818; x_wconf 85' lang='lat' dir='ltr'>nichil</span> <span class='ocrx_word' id='word_1_72' title='bbox 1445 774 1614 824; x_wconf 88' lang='lat' dir='ltr'>utilius,</span> 
     </span>
     <span class='ocr_line' id='line_1_11' title="bbox 138 843 1614 891; baseline -0.003 0"><span class='ocrx_word' id='word_1_73' title='bbox 138 846 277 891; x_wconf 80' lang='lat' dir='ltr'>nichil</span> <span class='ocrx_word' id='word_1_74' title='bbox 302 845 466 890; x_wconf 89' lang='lat' dir='ltr'>clarius</span> <span class='ocrx_word' id='word_1_75' title='bbox 491 845 602 889; x_wconf 91' lang='lat' dir='ltr'>duce</span> <span class='ocrx_word' id='word_1_76' title='bbox 628 845 816 890; x_wconf 87' lang='lat' dir='ltr'>erudito.</span> <span class='ocrx_word' id='word_1_77' title='bbox 875 845 995 888; x_wconf 91' lang='lat' dir='ltr'>Nam</span> <span class='ocrx_word' id='word_1_78' title='bbox 1015 845 1162 888; x_wconf 90' lang='lat' dir='ltr'>uirtus</span> <span class='ocrx_word' id='word_1_79' title='bbox 1183 848 1228 888; x_wconf 91' lang='lat' dir='ltr'>et</span> <span class='ocrx_word' id='word_1_80' title='bbox 1247 843 1470 890; x_wconf 89' lang='lat' dir='ltr'>industria</span> <span class='ocrx_word' id='word_1_81' title='bbox 1489 843 1614 886; x_wconf 90' lang='lat' dir='ltr'>ducis</span> 
     </span>
     <span class='ocr_line' id='line_1_12' title="bbox 34 912 1614 972; baseline -0.004 -10"><span class='ocrx_word' id='word_1_82' title='bbox 34 959 35 962; x_wconf 75' lang='grc'>,</span> <span class='ocrx_word' id='word_1_83' title='bbox 140 915 375 961; x_wconf 88' lang='lat' dir='ltr'>efficaciam</span> <span class='ocrx_word' id='word_1_84' title='bbox 407 915 638 966; x_wconf 87' lang='lat' dir='ltr'>exercitus,</span> <span class='ocrx_word' id='word_1_85' title='bbox 672 915 789 959; x_wconf 88' lang='lat' dir='ltr'>sicut</span> <span class='ocrx_word' id='word_1_86' title='bbox 827 915 1167 972; x_wconf 86' lang='lat' dir='ltr'>prouerbialiter</span> <span class='ocrx_word' id='word_1_87' title='bbox 1205 914 1293 958; x_wconf 89' lang='lat' dir='ltr'>dici</span> <span class='ocrx_word' id='word_1_88' title='bbox 1331 913 1455 963; x_wconf 88' lang='lat' dir='ltr'>solet,</span> <span class='ocrx_word' id='word_1_89' title='bbox 1487 912 1614 970; x_wconf 87' lang='lat' dir='ltr'>quasi</span> 
     </span>
     <span class='ocr_line' id='line_1_13' title="bbox 0 982 1616 1042; baseline -0.004 -11"><span class='ocrx_word' id='word_1_90' title='bbox 0 1001 3 1019; x_wconf 85' lang='lat'><strong>¹</strong></span> <span class='ocrx_word' id='word_1_91' title='bbox 38 1001 125 1039; x_wconf 61' lang='lat' dir='ltr'>sao</span> <span class='ocrx_word' id='word_1_92' title='bbox 140 985 281 1030; x_wconf 78' lang='lat' dir='ltr'>altera</span> <span class='ocrx_word' id='word_1_93' title='bbox 312 985 436 1029; x_wconf 91' lang='lat' dir='ltr'>lance</span> <span class='ocrx_word' id='word_1_94' title='bbox 467 987 734 1042; x_wconf 74' lang='lat' dir='ltr'>compensat.</span> <span class='ocrx_word' id='word_1_95' title='bbox 794 983 1004 1029; x_wconf 88' lang='lat' dir='ltr'>Cesareos</span> <span class='ocrx_word' id='word_1_96' title='bbox 1038 984 1290 1042; x_wconf 89' lang='lat' dir='ltr'>triumphos</span> <span class='ocrx_word' id='word_1_97' title='bbox 1324 983 1426 1026; x_wconf 92' lang='lat' dir='ltr'>duci</span> <span class='ocrx_word' id='word_1_98' title='bbox 1466 982 1616 1040; x_wconf 90' lang='lat' dir='ltr'>potius</span> 
     </span>
     <span class='ocr_line' id='line_1_14' title="bbox 35 1047 998 1114; baseline -0.002 -15"><span class='ocrx_word' id='word_1_99' title='bbox 35 1047 38 1065; x_wconf 69' lang='lat'><strong>²</strong></span> <span class='ocrx_word' id='word_1_100' title='bbox 108 1047 110 1050; x_wconf 36' lang='lat'>⁵</span> <span class='ocrx_word' id='word_1_101' title='bbox 140 1069 275 1114; x_wconf 88' lang='lat' dir='ltr'>quam</span> <span class='ocrx_word' id='word_1_102' title='bbox 304 1054 519 1099; x_wconf 86' lang='lat' dir='ltr'>exercitui</span> <span class='ocrx_word' id='word_1_103' title='bbox 549 1057 751 1098; x_wconf 85' lang='lat' dir='ltr'>uetustas</span> <span class='ocrx_word' id='word_1_104' title='bbox 780 1054 998 1112; x_wconf 79' lang='lat' dir='ltr'>ascripsit.</span> 
     </span>
    </p>

    <p class='ocr_par' dir='ltr' id='par_1_4' title="bbox 28 1122 1664 1740">
     <span class='ocr_line' id='line_1_15' title="bbox 198 1122 1618 1180; baseline -0.003 -12"><span class='ocrx_word' id='word_1_105' title='bbox 198 1124 262 1168; x_wconf 88' lang='lat' dir='ltr'>Vt</span> <span class='ocrx_word' id='word_1_106' title='bbox 281 1124 399 1168; x_wconf 91' lang='lat' dir='ltr'>enim</span> <span class='ocrx_word' id='word_1_107' title='bbox 415 1123 595 1167; x_wconf 89' lang='lat' dir='ltr'>Solinus</span> <span class='ocrx_word' id='word_1_108' title='bbox 609 1124 698 1168; x_wconf 85' lang='lat' dir='ltr'>ait:</span> <span class='ocrx_word' id='word_1_109' title='bbox 727 1123 957 1177; x_wconf 87' lang='lat' dir='ltr'>Quantum</span> <span class='ocrx_word' id='word_1_110' title='bbox 974 1123 1176 1167; x_wconf 89' lang='lat' dir='ltr'>Senicius</span> <span class='ocrx_word' id='word_1_111' title='bbox 1195 1126 1276 1166; x_wconf 90' lang='lat' dir='ltr'>aut</span> <span class='ocrx_word' id='word_1_112' title='bbox 1296 1122 1479 1180; x_wconf 86' lang='lat' dir='ltr'>Sergius</span> <span class='ocrx_word' id='word_1_113' title='bbox 1499 1122 1618 1164; x_wconf 88' lang='lat' dir='ltr'>inter</span> 
     </span>
     <span class='ocr_line' id='line_1_16' title="bbox 140 1190 1619 1245; baseline -0.002 -8"><span class='ocrx_word' id='word_1_114' title='bbox 140 1193 317 1245; x_wconf 86' lang='lat' dir='ltr'>milites,</span> <span class='ocrx_word' id='word_1_115' title='bbox 351 1195 529 1236; x_wconf 90' lang='lat' dir='ltr'>tantum</span> <span class='ocrx_word' id='word_1_116' title='bbox 564 1193 682 1236; x_wconf 86' lang='lat' dir='ltr'>inter</span> <span class='ocrx_word' id='word_1_117' title='bbox 713 1192 847 1236; x_wconf 90' lang='lat' dir='ltr'>duces</span> <span class='ocrx_word' id='word_1_118' title='bbox 886 1192 1022 1235; x_wconf 88' lang='lat' dir='ltr'>immo</span> <span class='ocrx_word' id='word_1_119' title='bbox 1056 1206 1208 1235; x_wconf 90' lang='lat' dir='ltr'>omnes</span> <span class='ocrx_word' id='word_1_120' title='bbox 1248 1192 1449 1234; x_wconf 90' lang='lat' dir='ltr'>homines</span> <span class='ocrx_word' id='word_1_121' title='bbox 1481 1190 1619 1235; x_wconf 84' lang='lat' dir='ltr'>Cesar</span> 
     </span>
     <span class='ocr_line' id='line_1_17' title="bbox 141 1259 1617 1317; baseline -0.003 -11"><span class='ocrx_word' id='word_1_122' title='bbox 141 1263 336 1308; x_wconf 85' lang='lat' dir='ltr'>dictator</span> <span class='ocrx_word' id='word_1_123' title='bbox 364 1262 540 1308; x_wconf 82' lang='lat' dir='ltr'>enituit.</span> <span class='ocrx_word' id='word_1_124' title='bbox 599 1262 748 1305; x_wconf 91' lang='lat' dir='ltr'>Huius</span> <span class='ocrx_word' id='word_1_125' title='bbox 778 1262 986 1305; x_wconf 90' lang='lat' dir='ltr'>ductibus</span> <span class='ocrx_word' id='word_1_126' title='bbox 1015 1261 1222 1305; x_wconf 90' lang='lat' dir='ltr'>undecies</span> <span class='ocrx_word' id='word_1_127' title='bbox 1249 1265 1428 1305; x_wconf 90' lang='lat' dir='ltr'>centum</span> <span class='ocrx_word' id='word_1_128' title='bbox 1452 1259 1617 1317; x_wconf 89' lang='lat' dir='ltr'>uiginti</span> 
     </span>
     <span class='ocr_line' id='line_1_18' title="bbox 28 1327 1664 1390; baseline -0.003 -15"><span class='ocrx_word' id='word_1_129' title='bbox 28 1350 36 1384; x_wconf 37' lang='lat'>,⁸</span> <span class='ocrx_word' id='word_1_130' title='bbox 81 1353 129 1390; x_wconf 69' lang='lat' dir='ltr'><em>n</em></span> <span class='ocrx_word' id='word_1_131' title='bbox 143 1334 189 1377; x_wconf 91' lang='lat' dir='ltr'>et</span> <span class='ocrx_word' id='word_1_132' title='bbox 207 1331 297 1375; x_wconf 91' lang='lat' dir='ltr'>duo</span> <span class='ocrx_word' id='word_1_133' title='bbox 315 1331 440 1374; x_wconf 91' lang='lat' dir='ltr'>milia</span> <span class='ocrx_word' id='word_1_134' title='bbox 454 1331 650 1374; x_wconf 86' lang='lat' dir='ltr'>hostium</span> <span class='ocrx_word' id='word_1_135' title='bbox 666 1345 793 1374; x_wconf 87' lang='lat' dir='ltr'>caesa</span> <span class='ocrx_word' id='word_1_136' title='bbox 808 1331 852 1374; x_wconf 91' lang='lat' dir='ltr'>N</span> <span class='ocrx_word' id='word_1_137' title='bbox 855 1331 970 1374; x_wconf 90' lang='lat' dir='ltr'>inias</span> <span class='ocrx_word' id='word_1_138' title='bbox 986 1331 1233 1374; x_wconf 83' lang='lat' dir='ltr'>adnotauit.</span> <span class='ocrx_word' id='word_1_139' title='bbox 1275 1330 1426 1388; x_wconf 86' lang='lat' dir='ltr'>Signis</span> <span class='ocrx_word' id='word_1_140' title='bbox 1445 1329 1618 1373; x_wconf 87' lang='lat' dir='ltr'>collatis</span> <span class='ocrx_word' id='word_1_141' title='bbox 1635 1327 1664 1367; x_wconf 87' lang='lat' dir='ltr'>b</span> 
     </span>
     <span class='ocr_line' id='line_1_19' title="bbox 28 1400 1616 1461; baseline -0.004 -15"><span class='ocrx_word' id='word_1_142' title='bbox 28 1412 35 1426; x_wconf 73' lang='lat'>¹</span> <span class='ocrx_word' id='word_1_143' title='bbox 143 1401 436 1461; x_wconf 80' lang='lat' dir='ltr'>quinquagies</span> <span class='ocrx_word' id='word_1_144' title='bbox 450 1403 496 1444; x_wconf 93' lang='lat' dir='ltr'>et</span> <span class='ocrx_word' id='word_1_145' title='bbox 507 1400 577 1444; x_wconf 89' lang='lat' dir='ltr'>bis</span> <span class='ocrx_word' id='word_1_146' title='bbox 589 1400 832 1452; x_wconf 89' lang='lat' dir='ltr'>dimicauit‚</span> <span class='ocrx_word' id='word_1_147' title='bbox 846 1401 1046 1444; x_wconf 88' lang='lat' dir='ltr'>Marcum</span> <span class='ocrx_word' id='word_1_148' title='bbox 1060 1400 1317 1444; x_wconf 87' lang='lat' dir='ltr'>Marcellum</span> <span class='ocrx_word' id='word_1_149' title='bbox 1331 1400 1450 1443; x_wconf 86' lang='lat' dir='ltr'>solus</span> <span class='ocrx_word' id='word_1_150' title='bbox 1465 1414 1616 1456; x_wconf 86' lang='lat' dir='ltr'>super-</span> 
     </span>
     <span class='ocr_line' id='line_1_20' title="bbox 141 1468 1620 1530; baseline -0.003 -15"><span class='ocrx_word' id='word_1_151' title='bbox 141 1485 331 1530; x_wconf 84' lang='lat' dir='ltr'>gressus,</span> <span class='ocrx_word' id='word_1_152' title='bbox 339 1470 416 1528; x_wconf 90' lang='lat' dir='ltr'>qui</span> <span class='ocrx_word' id='word_1_153' title='bbox 432 1470 587 1514; x_wconf 88' lang='lat' dir='ltr'>nouiee</span> <span class='ocrx_word' id='word_1_154' title='bbox 603 1473 648 1513; x_wconf 91' lang='lat' dir='ltr'>et</span> <span class='ocrx_word' id='word_1_155' title='bbox 665 1470 814 1514; x_wconf 85' lang='lat' dir='ltr'>tricies</span> <span class='ocrx_word' id='word_1_156' title='bbox 831 1470 927 1528; x_wconf 87' lang='lat' dir='ltr'>pari</span> <span class='ocrx_word' id='word_1_157' title='bbox 945 1470 1075 1513; x_wconf 92' lang='lat' dir='ltr'>modo</span> <span class='ocrx_word' id='word_1_158' title='bbox 1091 1469 1240 1513; x_wconf 84' lang='lat' dir='ltr'>fuerat</span> <span class='ocrx_word' id='word_1_159' title='bbox 1251 1470 1506 1527; x_wconf 77' lang='lat' dir='ltr'>praeliatus,</span> <span class='ocrx_word' id='word_1_160' title='bbox 1547 1468 1620 1512; x_wconf 82' lang='lat' dir='ltr'>Ad</span> 
     </span>
     <span class='ocr_line' id='line_1_21' title="bbox 143 1539 1621 1597; baseline -0.002 -12"><span class='ocrx_word' id='word_1_161' title='bbox 143 1541 252 1586; x_wconf 86' lang='lat' dir='ltr'>haec</span> <span class='ocrx_word' id='word_1_162' title='bbox 278 1540 429 1584; x_wconf 89' lang='lat' dir='ltr'>nullus</span> <span class='ocrx_word' id='word_1_163' title='bbox 457 1539 643 1584; x_wconf 86' lang='lat' dir='ltr'>celerius</span> <span class='ocrx_word' id='word_1_164' title='bbox 663 1540 853 1597; x_wconf 84' lang='lat' dir='ltr'>scripsit,</span> <span class='ocrx_word' id='word_1_165' title='bbox 873 1554 1003 1583; x_wconf 92' lang='lat' dir='ltr'>nemo</span> <span class='ocrx_word' id='word_1_166' title='bbox 1023 1539 1218 1583; x_wconf 89' lang='lat' dir='ltr'>uelocius</span> <span class='ocrx_word' id='word_1_167' title='bbox 1238 1539 1359 1596; x_wconf 87' lang='lat' dir='ltr'>legit,</span> <span class='ocrx_word' id='word_1_168' title='bbox 1380 1542 1621 1597; x_wconf 81' lang='lat' dir='ltr'>quaternas</span> 
     </span>
     <span class='ocr_line' id='line_1_22' title="bbox 145 1608 1620 1668; baseline -0.002 -13"><span class='ocrx_word' id='word_1_169' title='bbox 145 1611 280 1656; x_wconf 84' lang='lat' dir='ltr'>etiam</span> <span class='ocrx_word' id='word_1_170' title='bbox 311 1609 520 1668; x_wconf 82' lang='lat' dir='ltr'>epistolas</span> <span class='ocrx_word' id='word_1_171' title='bbox 549 1609 810 1667; x_wconf 90' lang='lat' dir='ltr'>perhibetur</span> <span class='ocrx_word' id='word_1_172' title='bbox 829 1609 961 1652; x_wconf 91' lang='lat' dir='ltr'>simul</span> <span class='ocrx_word' id='word_1_173' title='bbox 983 1609 1183 1659; x_wconf 83' lang='lat' dir='ltr'>dictasse,</span> <span class='ocrx_word' id='word_1_174' title='bbox 1203 1609 1480 1666; x_wconf 83' lang='lat' dir='ltr'>benignitate</span> <span class='ocrx_word' id='word_1_175' title='bbox 1510 1608 1620 1652; x_wconf 87' lang='lat' dir='ltr'>adeo</span> 
     </span>
     <span class='ocr_line' id='line_1_23' title="bbox 36 1678 1607 1740; baseline -0.001 -16"><span class='ocrx_word' id='word_1_176' title='bbox 36 1730 38 1735; x_wconf 69' lang='lat'>,</span> <span class='ocrx_word' id='word_1_177' title='bbox 82 1701 132 1731; x_wconf 64' lang='grc' dir='ltr'>ιο</span> <span class='ocrx_word' id='word_1_178' title='bbox 146 1680 375 1740; x_wconf 87' lang='lat' dir='ltr'>praeditus</span> <span class='ocrx_word' id='word_1_179' title='bbox 392 1682 446 1723; x_wconf 91' lang='lat' dir='ltr'>ut</span> <span class='ocrx_word' id='word_1_180' title='bbox 465 1693 576 1737; x_wconf 91' lang='lat' dir='ltr'>quos</span> <span class='ocrx_word' id='word_1_181' title='bbox 594 1679 731 1722; x_wconf 88' lang='lat' dir='ltr'>armis</span> <span class='ocrx_word' id='word_1_182' title='bbox 751 1678 999 1737; x_wconf 87' lang='lat' dir='ltr'>subegerat,</span> <span class='ocrx_word' id='word_1_183' title='bbox 1019 1679 1254 1723; x_wconf 88' lang='lat' dir='ltr'>clementia</span> <span class='ocrx_word' id='word_1_184' title='bbox 1273 1679 1416 1736; x_wconf 87' lang='lat' dir='ltr'>magis</span> <span class='ocrx_word' id='word_1_185' title='bbox 1435 1679 1607 1722; x_wconf 86' lang='lat' dir='ltr'>uicerit.</span> 
     </span>
    </p>
   </div>
   <div class='ocr_carea' id='block_1_4' title="bbox 0 1781 1665 2269">
    <p class='ocr_par' dir='ltr' id='par_1_5' title="bbox 0 1781 1665 2269">
     <span class='ocr_line' id='line_1_24' title="bbox 242 1781 1485 1840; baseline 0 -14"><span class='ocrx_word' id='word_1_186' title='bbox 242 1782 246 1787; x_wconf 80' lang='grc'><strong>’</strong></span> <span class='ocrx_word' id='word_1_187' title='bbox 283 1782 389 1840; x_wconf 85' lang='lat' dir='ltr'>Cap.</span> <span class='ocrx_word' id='word_1_188' title='bbox 415 1783 479 1826; x_wconf 88' lang='lat'>16.</span> <span class='ocrx_word' id='word_1_189' title='bbox 538 1781 664 1837; x_wconf 78' lang='lat' dir='ltr'>Quae</span> <span class='ocrx_word' id='word_1_190' title='bbox 683 1782 964 1826; x_wconf 73' lang='lat' dir='ltr'>‘nostratibus</span> <span class='ocrx_word' id='word_1_191' title='bbox 978 1782 1105 1826; x_wconf 82' lang='lat' dir='ltr'>mala</span> <span class='ocrx_word' id='word_1_192' title='bbox 1119 1782 1407 1838; x_wconf 66' lang='lat' dir='ltr'>proueniant</span> <span class='ocrx_word' id='word_1_193' title='bbox 1429 1781 1485 1826; x_wconf 84' lang='lat' dir='ltr'>ab</span> 
     </span>
     <span class='ocr_line' id='line_1_25' title="bbox 661 1848 1106 1905; baseline 0 -13"><span class='ocrx_word' id='word_1_194' title='bbox 661 1848 1106 1905; x_wconf 70' lang='lat' dir='ltr'>indisciplinatione.</span> 
     </span>
     <span class='ocr_line' id='line_1_26' title="bbox 203 1931 1622 1991; baseline -0.002 -13"><span class='ocrx_word' id='word_1_195' title='bbox 203 1933 291 1978; x_wconf 89' lang='lat' dir='ltr'>Sed</span> <span class='ocrx_word' id='word_1_196' title='bbox 312 1931 420 1991; x_wconf 88' lang='lat' dir='ltr'>quid</span> <span class='ocrx_word' id='word_1_197' title='bbox 438 1932 657 1976; x_wconf 87' lang='lat' dir='ltr'>maiorum</span> <span class='ocrx_word' id='word_1_198' title='bbox 678 1933 893 1976; x_wconf 89' lang='lat' dir='ltr'>uirtutem</span> <span class='ocrx_word' id='word_1_199' title='bbox 915 1934 1078 1991; x_wconf 87' lang='lat' dir='ltr'>replico</span> <span class='ocrx_word' id='word_1_200' title='bbox 1104 1936 1150 1976; x_wconf 91' lang='lat' dir='ltr'>et</span> <span class='ocrx_word' id='word_1_201' title='bbox 1170 1932 1351 1976; x_wconf 90' lang='lat' dir='ltr'>reuoluo</span> <span class='ocrx_word' id='word_1_202' title='bbox 1368 1934 1386 1976; x_wconf 64' lang='grc' dir='ltr'>’δ</span> <span class='ocrx_word' id='word_1_203' title='bbox 1444 1931 1622 1975; x_wconf 82' lang='lat' dir='ltr'>Defecit</span> 
     </span>
     <span class='ocr_line' id='line_1_27' title="bbox 0 2001 1622 2066; baseline -0.002 -18"><span class='ocrx_word' id='word_1_204' title='bbox 0 2063 4 2066; x_wconf 92' lang='lat'>.</span> <span class='ocrx_word' id='word_1_205' title='bbox 146 2005 243 2048; x_wconf 80' lang='lat' dir='ltr'>etas</span> <span class='ocrx_word' id='word_1_206' title='bbox 281 2005 434 2046; x_wconf 89' lang='lat' dir='ltr'>nostra</span> <span class='ocrx_word' id='word_1_207' title='bbox 473 2005 519 2045; x_wconf 93' lang='lat' dir='ltr'>et</span> <span class='ocrx_word' id='word_1_208' title='bbox 558 2001 652 2044; x_wconf 83' lang='lat' dir='ltr'>fere</span> <span class='ocrx_word' id='word_1_209' title='bbox 692 2003 750 2045; x_wconf 85' lang='lat' dir='ltr'>ad</span> <span class='ocrx_word' id='word_1_210' title='bbox 789 2003 1003 2046; x_wconf 91' lang='lat' dir='ltr'>nichilum</span> <span class='ocrx_word' id='word_1_211' title='bbox 1044 2003 1223 2046; x_wconf 88' lang='lat' dir='ltr'>redacta</span> <span class='ocrx_word' id='word_1_212' title='bbox 1262 2005 1341 2053; x_wconf 89' lang='lat' dir='ltr'>est,</span> <span class='ocrx_word' id='word_1_213' title='bbox 1381 2002 1622 2045; x_wconf 87' lang='lat' dir='ltr'>honoribus</span> 
     </span>
     <span class='ocr_line' id='line_1_28' title="bbox 89 2072 1621 2130; baseline -0.002 -12.184"><span class='ocrx_word' id='word_1_214' title='bbox 89 2081 132 2118; x_wconf 66' lang='grc' dir='ltr'>*Β</span> <span class='ocrx_word' id='word_1_215' title='bbox 149 2072 404 2117; x_wconf 87' lang='lat' dir='ltr'>intumescit</span> <span class='ocrx_word' id='word_1_216' title='bbox 444 2072 662 2115; x_wconf 91' lang='lat' dir='ltr'>honorum</span> <span class='ocrx_word' id='word_1_217' title='bbox 701 2072 900 2116; x_wconf 88' lang='lat' dir='ltr'>nesciens</span> <span class='ocrx_word' id='word_1_218' title='bbox 941 2072 1118 2130; x_wconf 88' lang='lat' dir='ltr'>gradus,</span> <span class='ocrx_word' id='word_1_219' title='bbox 1149 2073 1351 2115; x_wconf 90' lang='lat' dir='ltr'>uanitate</span> <span class='ocrx_word' id='word_1_220' title='bbox 1391 2072 1621 2115; x_wconf 89' lang='lat' dir='ltr'>nominum</span> 
     </span>
     <span class='ocr_line' id='line_1_29' title="bbox 149 2141 1348 2199; baseline -0.003 -11.437"><span class='ocrx_word' id='word_1_221' title='bbox 149 2142 394 2187; x_wconf 84' lang='lat' dir='ltr'>delectatur</span> <span class='ocrx_word' id='word_1_222' title='bbox 421 2144 680 2199; x_wconf 86' lang='lat' dir='ltr'>contempta</span> <span class='ocrx_word' id='word_1_223' title='bbox 710 2157 858 2185; x_wconf 90' lang='lat' dir='ltr'>rerum</span> <span class='ocrx_word' id='word_1_224' title='bbox 888 2142 1079 2184; x_wconf 89' lang='lat' dir='ltr'>ueritate</span> <span class='ocrx_word' id='word_1_225' title='bbox 1109 2144 1155 2184; x_wconf 91' lang='lat' dir='ltr'>et</span> <span class='ocrx_word' id='word_1_226' title='bbox 1186 2141 1348 2184; x_wconf 80' lang='lat' dir='ltr'>fructu.</span> 
     </span>
     <span class='ocr_line' id='line_1_30' title="bbox 205 2211 1665 2269; baseline -0.001 -13"><span class='ocrx_word' id='word_1_227' title='bbox 205 2212 399 2262; x_wconf 89' lang='lat' dir='ltr'>Aleator,</span> <span class='ocrx_word' id='word_1_228' title='bbox 418 2225 590 2268; x_wconf 85' lang='lat' dir='ltr'>auceps,</span> <span class='ocrx_word' id='word_1_229' title='bbox 612 2211 818 2268; x_wconf 88' lang='lat' dir='ltr'>quodque</span> <span class='ocrx_word' id='word_1_230' title='bbox 838 2212 981 2269; x_wconf 88' lang='lat' dir='ltr'>magis</span> <span class='ocrx_word' id='word_1_231' title='bbox 1006 2211 1176 2262; x_wconf 83' lang='lat' dir='ltr'>mirere,</span> <span class='ocrx_word' id='word_1_232' title='bbox 1197 2211 1447 2254; x_wconf 85' lang='lat' dir='ltr'>stulticines</span> <span class='ocrx_word' id='word_1_233' title='bbox 1475 2214 1520 2255; x_wconf 94' lang='lat' dir='ltr'>et</span> <span class='ocrx_word' id='word_1_234' title='bbox 1541 2212 1617 2268; x_wconf 89' lang='lat' dir='ltr'>qui</span> <span class='ocrx_word' id='word_1_235' title='bbox 1638 2226 1665 2256; x_wconf 89' lang='lat' dir='ltr'>c</span> 
     </span>
    </p>
   </div>
   <div class='ocr_carea' id='block_1_5' title="bbox 0 423 43 1812">
    <p class='ocr_par' dir='ltr' id='par_1_6' title="bbox 0 423 43 1812">
     <span class='ocr_line' id='line_1_31' title="bbox 0 423 43 1812; baseline 0 0"><span class='ocrx_word' id='word_1_236' title='bbox 0 423 43 1812; x_wconf 95' lang='lat' dir='ltr'>   </span> 
     </span>
    </p>
   </div>
   <div class='ocr_carea' id='block_1_6' title="bbox 0 1962 31 1990">
    <p class='ocr_par' dir='ltr' id='par_1_7' title="bbox 0 1962 31 1998">
     <span class='ocr_line' id='line_1_32' title="bbox 0 1962 31 1990; baseline 0 -11"><span class='ocrx_word' id='word_1_237' title='bbox 0 1962 6 1990; x_wconf 58' lang='lat'>&#39;7</span> <span class='ocrx_word' id='word_1_238' title='bbox 26 1973 31 1979; x_wconf 86' lang='lat'><strong>.</strong></span> 
     </span>
    </p>
   </div>
   <div class='ocr_carea' id='block_1_7' title="bbox 150 2301 468 2349">
    <p class='ocr_par' dir='ltr' id='par_1_8' title="bbox 150 2301 468 2349">
     <span class='ocr_line' id='line_1_33' title="bbox 150 2301 468 2349; baseline -0.013 -8"><span class='ocrx_word' id='word_1_239' title='bbox 150 2312 192 2341; x_wconf 84' lang='lat'>11</span> <span class='ocrx_word' id='word_1_240' title='bbox 219 2301 412 2349; x_wconf 78' lang='lat' dir='ltr'>asscripsit</span> <span class='ocrx_word' id='word_1_241' title='bbox 429 2301 468 2337; x_wconf 80' lang='lat' dir='ltr'><strong>M</strong></span> 
     </span>
    </p>
   </div>
   <div class='ocr_carea' id='block_1_8' title="bbox 104 2376 1626 2948">
    <p class='ocr_par' dir='ltr' id='par_1_9' title="bbox 104 2376 1626 2948">
     <span class='ocr_line' id='line_1_34' title="bbox 104 2376 1625 2428; baseline -0.003 -9"><span class='ocrx_word' id='word_1_242' title='bbox 104 2418 114 2428; x_wconf 83' lang='grc'><em>,</em></span> <span class='ocrx_word' id='word_1_243' title='bbox 197 2392 218 2428; x_wconf 88' lang='lat'>3</span> <span class='ocrx_word' id='word_1_244' title='bbox 238 2383 358 2418; x_wconf 66' lang='grc' dir='ltr'>θῆκαι·</span> <span class='ocrx_word' id='word_1_245' title='bbox 373 2382 519 2418; x_wconf 72' lang='lat' dir='ltr'>tandem</span> <span class='ocrx_word' id='word_1_246' title='bbox 537 2382 628 2417; x_wconf 88' lang='lat' dir='ltr'>etc.:</span> <span class='ocrx_word' id='word_1_247' title='bbox 656 2378 760 2423; x_wconf 86' lang='lat' dir='ltr'>Quae</span> <span class='ocrx_word' id='word_1_248' title='bbox 783 2380 995 2424; x_wconf 80' lang='lat' dir='ltr'>sequuntur</span> <span class='ocrx_word' id='word_1_249' title='bbox 1019 2389 1096 2414; x_wconf 91' lang='lat' dir='ltr'>non</span> <span class='ocrx_word' id='word_1_250' title='bbox 1122 2376 1224 2414; x_wconf 73' lang='lat' dir='ltr'>mori</span> <span class='ocrx_word' id='word_1_251' title='bbox 1248 2380 1354 2422; x_wconf 86' lang='lat' dir='ltr'>sunt;</span> <span class='ocrx_word' id='word_1_252' title='bbox 1380 2378 1484 2415; x_wconf 90' lang='lat' dir='ltr'>unde</span> <span class='ocrx_word' id='word_1_253' title='bbox 1507 2377 1625 2425; x_wconf 87' lang='lat' dir='ltr'>suspi-</span> 
     </span>
     <span class='ocr_line' id='line_1_35' title="bbox 151 2425 1624 2474; baseline -0.003 -7"><span class='ocrx_word' id='word_1_254' title='bbox 151 2440 217 2467; x_wconf 89' lang='lat' dir='ltr'>cor</span> <span class='ocrx_word' id='word_1_255' title='bbox 235 2428 311 2466; x_wconf 89' lang='lat' dir='ltr'>alio</span> <span class='ocrx_word' id='word_1_256' title='bbox 331 2427 534 2474; x_wconf 84' lang='lat' dir='ltr'>nescioquo</span> <span class='ocrx_word' id='word_1_257' title='bbox 555 2426 738 2464; x_wconf 86' lang='lat' dir='ltr'>historiae</span> <span class='ocrx_word' id='word_1_258' title='bbox 764 2426 943 2463; x_wconf 83' lang='lat' dir='ltr'>Livianae</span> <span class='ocrx_word' id='word_1_259' title='bbox 969 2425 1182 2463; x_wconf 86' lang='lat' dir='ltr'>breviatore</span> <span class='ocrx_word' id='word_1_260' title='bbox 1209 2438 1318 2462; x_wconf 88' lang='lat' dir='ltr'>usum</span> <span class='ocrx_word' id='word_1_261' title='bbox 1343 2438 1420 2462; x_wconf 86' lang='lat' dir='ltr'>esse</span> <span class='ocrx_word' id='word_1_262' title='bbox 1441 2426 1624 2463; x_wconf 88' lang='lat' dir='ltr'>loannem</span> 
     </span>
     <span class='ocr_line' id='line_1_36' title="bbox 151 2473 1623 2520; baseline -0.002 -7"><span class='ocrx_word' id='word_1_263' title='bbox 151 2478 332 2514; x_wconf 88' lang='lat' dir='ltr'>nostrum.</span> <span class='ocrx_word' id='word_1_264' title='bbox 445 2485 486 2512; x_wconf 84' lang='lat'>12</span> <span class='ocrx_word' id='word_1_265' title='bbox 521 2477 706 2520; x_wconf 78' lang='lat' dir='ltr'>Quantum</span> <span class='ocrx_word' id='word_1_266' title='bbox 722 2476 794 2510; x_wconf 88' lang='lat' dir='ltr'>etc.</span> <span class='ocrx_word' id='word_1_267' title='bbox 815 2485 932 2519; x_wconf 84' lang='lat' dir='ltr'>usque</span> <span class='ocrx_word' id='word_1_268' title='bbox 950 2474 997 2510; x_wconf 84' lang='lat' dir='ltr'>ad</span> <span class='ocrx_word' id='word_1_269' title='bbox 1019 2476 1166 2508; x_wconf 73' lang='lat' dir='ltr'>uicerit:</span> <span class='ocrx_word' id='word_1_270' title='bbox 1193 2473 1308 2510; x_wconf 88' lang='lat' dir='ltr'>Solin.</span> <span class='ocrx_word' id='word_1_271' title='bbox 1319 2473 1343 2509; x_wconf 88' lang='lat' dir='ltr'>i.</span> <span class='ocrx_word' id='word_1_272' title='bbox 1364 2475 1522 2518; x_wconf 87' lang='lat'>106,107</span> <span class='ocrx_word' id='word_1_273' title='bbox 1552 2474 1623 2514; x_wconf 85' lang='lat' dir='ltr'>(ed.</span> 
     </span>
     <span class='ocr_line' id='line_1_37' title="bbox 151 2520 1624 2578; baseline -0.002 -18"><span class='ocrx_word' id='word_1_274' title='bbox 151 2523 323 2561; x_wconf 76' lang='lat' dir='ltr'>Momms.</span> <span class='ocrx_word' id='word_1_275' title='bbox 339 2535 377 2578; x_wconf 80' lang='lat' dir='ltr'>p.</span> <span class='ocrx_word' id='word_1_276' title='bbox 395 2522 470 2568; x_wconf 78' lang='lat'>27).</span> <span class='ocrx_word' id='word_1_277' title='bbox 567 2524 752 2559; x_wconf 73' lang='lat' dir='ltr'>Senicius:</span> <span class='ocrx_word' id='word_1_278' title='bbox 778 2523 940 2557; x_wconf 75' lang='lat' dir='ltr'>Sicinius</span> <span class='ocrx_word' id='word_1_279' title='bbox 958 2520 1075 2556; x_wconf 88' lang='lat' dir='ltr'>Solin.</span> <span class='ocrx_word' id='word_1_280' title='bbox 1192 2531 1205 2557; x_wconf 81' lang='grc' dir='ltr'>ι</span> <span class='ocrx_word' id='word_1_281' title='bbox 1215 2530 1232 2567; x_wconf 83' lang='lat'>5</span> <span class='ocrx_word' id='word_1_282' title='bbox 1259 2523 1395 2556; x_wconf 64' lang='lat' dir='ltr'>Ninias</span> <span class='ocrx_word' id='word_1_283' title='bbox 1411 2523 1624 2557; x_wconf 76' lang='lat' dir='ltr'>adnotauit:</span> 
     </span>
     <span class='ocr_line' id='line_1_38' title="bbox 153 2568 1626 2616; baseline -0.002 -9"><span class='ocrx_word' id='word_1_284' title='bbox 153 2570 206 2608; x_wconf 89' lang='lat' dir='ltr'>sic</span> <span class='ocrx_word' id='word_1_285' title='bbox 223 2571 377 2608; x_wconf 74' lang='lat' dir='ltr'>Ioannis</span> <span class='ocrx_word' id='word_1_286' title='bbox 393 2570 541 2607; x_wconf 81' lang='lat' dir='ltr'>codices</span> <span class='ocrx_word' id='word_1_287' title='bbox 557 2583 566 2612; x_wconf 89' lang='lat'>;</span> <span class='ocrx_word' id='word_1_288' title='bbox 591 2581 652 2616; x_wconf 88' lang='lat' dir='ltr'>ap.</span> <span class='ocrx_word' id='word_1_289' title='bbox 672 2568 844 2605; x_wconf 88' lang='lat' dir='ltr'>Solinum</span> <span class='ocrx_word' id='word_1_290' title='bbox 862 2568 1024 2616; x_wconf 83' lang='lat' dir='ltr'>legimus</span> <span class='ocrx_word' id='word_1_291' title='bbox 1040 2581 1127 2604; x_wconf 76' lang='lat' dir='ltr'>nam</span> <span class='ocrx_word' id='word_1_292' title='bbox 1142 2574 1319 2615; x_wconf 75' lang='lat' dir='ltr'>quantum</span> <span class='ocrx_word' id='word_1_293' title='bbox 1338 2570 1440 2604; x_wconf 76' lang='lat' dir='ltr'>bellis</span> <span class='ocrx_word' id='word_1_294' title='bbox 1457 2570 1626 2604; x_wconf 72' lang='lat' dir='ltr'>ciuilibus</span> 
     </span>
     <span class='ocr_line' id='line_1_39' title="bbox 143 2616 1625 2664; baseline -0.003 -9"><span class='ocrx_word' id='word_1_295' title='bbox 143 2620 298 2664; x_wconf 65' lang='lat' dir='ltr'>fiderit,</span> <span class='ocrx_word' id='word_1_296' title='bbox 316 2619 432 2654; x_wconf 73' lang='lat' dir='ltr'>noluit</span> <span class='ocrx_word' id='word_1_297' title='bbox 446 2619 629 2654; x_wconf 74' lang='lat' dir='ltr'>adnotari.</span> <span class='ocrx_word' id='word_1_298' title='bbox 679 2616 849 2653; x_wconf 85' lang='lat' dir='ltr'>Fortasse</span> <span class='ocrx_word' id='word_1_299' title='bbox 868 2628 914 2653; x_wconf 90' lang='lat' dir='ltr'>ex</span> <span class='ocrx_word' id='word_1_300' title='bbox 932 2616 1054 2652; x_wconf 88' lang='lat' dir='ltr'>Solini</span> <span class='ocrx_word' id='word_1_301' title='bbox 1074 2616 1282 2662; x_wconf 85' lang='lat' dir='ltr'>exemplari</span> <span class='ocrx_word' id='word_1_302' title='bbox 1300 2617 1399 2662; x_wconf 87' lang='lat' dir='ltr'>quod</span> <span class='ocrx_word' id='word_1_303' title='bbox 1417 2616 1483 2651; x_wconf 91' lang='lat' dir='ltr'>sub</span> <span class='ocrx_word' id='word_1_304' title='bbox 1505 2616 1625 2652; x_wconf 87' lang='lat' dir='ltr'>oculis</span> 
     </span>
     <span class='ocr_line' id='line_1_40' title="bbox 153 2663 1625 2709; baseline -0.002 -8"><span class='ocrx_word' id='word_1_305' title='bbox 153 2664 289 2702; x_wconf 87' lang='lat' dir='ltr'>habuit</span> <span class='ocrx_word' id='word_1_306' title='bbox 310 2665 469 2702; x_wconf 83' lang='lat' dir='ltr'>Ioannes</span> <span class='ocrx_word' id='word_1_307' title='bbox 493 2664 712 2702; x_wconf 85' lang='lat' dir='ltr'>exciderant</span> <span class='ocrx_word' id='word_1_308' title='bbox 728 2666 866 2707; x_wconf 84' lang='lat' dir='ltr'>cetera,</span> <span class='ocrx_word' id='word_1_309' title='bbox 886 2666 1110 2700; x_wconf 82' lang='lat' dir='ltr'>manserunt</span> <span class='ocrx_word' id='word_1_310' title='bbox 1126 2676 1162 2699; x_wconf 82' lang='lat' dir='ltr'>n.</span> <span class='ocrx_word' id='word_1_311' title='bbox 1182 2666 1367 2708; x_wconf 78' lang='lat' dir='ltr'>adnotari,</span> <span class='ocrx_word' id='word_1_312' title='bbox 1385 2674 1480 2709; x_wconf 85' lang='lat' dir='ltr'>quae</span> <span class='ocrx_word' id='word_1_313' title='bbox 1506 2668 1549 2698; x_wconf 84' lang='lat' dir='ltr'>ut</span> <span class='ocrx_word' id='word_1_314' title='bbox 1573 2663 1625 2698; x_wconf 90' lang='lat' dir='ltr'>in·</span> 
     </span>
     <span class='ocr_line' id='line_1_41' title="bbox 154 2710 1625 2759; baseline -0.001 -11"><span class='ocrx_word' id='word_1_315' title='bbox 154 2711 355 2759; x_wconf 76' lang='lat' dir='ltr'>telligeret,</span> <span class='ocrx_word' id='word_1_316' title='bbox 373 2711 431 2748; x_wconf 87' lang='lat' dir='ltr'>ita</span> <span class='ocrx_word' id='word_1_317' title='bbox 454 2711 643 2749; x_wconf 84' lang='lat' dir='ltr'>correxit:</span> <span class='ocrx_word' id='word_1_318' title='bbox 675 2724 713 2748; x_wconf 80' lang='lat' dir='ltr'>n.</span> <span class='ocrx_word' id='word_1_319' title='bbox 741 2713 952 2753; x_wconf 56' lang='lat' dir='ltr'>adnotatam</span> <span class='ocrx_word' id='word_1_320' title='bbox 977 2724 1014 2747; x_wconf 80' lang='grc' dir='ltr'>π.</span> <span class='ocrx_word' id='word_1_321' title='bbox 1042 2722 1111 2757; x_wconf 91' lang='lat' dir='ltr'>pro</span> <span class='ocrx_word' id='word_1_322' title='bbox 1135 2710 1266 2747; x_wconf 83' lang='lat' dir='ltr'>littera</span> <span class='ocrx_word' id='word_1_323' title='bbox 1290 2711 1454 2746; x_wconf 88' lang='lat' dir='ltr'>nominis</span> <span class='ocrx_word' id='word_1_324' title='bbox 1479 2710 1625 2756; x_wconf 89' lang='lat' dir='ltr'>proprii</span> 
     </span>
     <span class='ocr_line' id='line_1_42' title="bbox 154 2758 1626 2812; baseline -0.002 -16"><span class='ocrx_word' id='word_1_325' title='bbox 154 2758 346 2796; x_wconf 83' lang='lat' dir='ltr'>cuiusdam</span> <span class='ocrx_word' id='word_1_326' title='bbox 362 2761 498 2796; x_wconf 72' lang='lat' dir='ltr'>Niniue</span> <span class='ocrx_word' id='word_1_327' title='bbox 516 2758 662 2796; x_wconf 89' lang='lat' dir='ltr'>initiali</span> <span class='ocrx_word' id='word_1_328' title='bbox 675 2761 843 2805; x_wconf 85' lang='lat' dir='ltr'>accepto.</span> <span class='ocrx_word' id='word_1_329' title='bbox 885 2758 1084 2795; x_wconf 83' lang='lat' dir='ltr'>Editiones</span> <span class='ocrx_word' id='word_1_330' title='bbox 1096 2758 1381 2812; x_wconf 79' lang='lat' dir='ltr'>antiquissimae</span> <span class='ocrx_word' id='word_1_331' title='bbox 1395 2758 1491 2794; x_wconf 80' lang='lat' dir='ltr'>dnae</span> <span class='ocrx_word' id='word_1_332' title='bbox 1505 2761 1626 2793; x_wconf 76' lang='lat' dir='ltr'>minas</span> 
     </span>
     <span class='ocr_line' id='line_1_43' title="bbox 155 2805 1625 2852; baseline -0.002 -9"><span class='ocrx_word' id='word_1_333' title='bbox 155 2807 348 2843; x_wconf 66' lang='lat' dir='ltr'>annotavit</span> <span class='ocrx_word' id='word_1_334' title='bbox 371 2805 572 2849; x_wconf 53' lang='lat' dir='ltr'>exhibeam</span> <span class='ocrx_word' id='word_1_335' title='bbox 604 2806 720 2843; x_wconf 83' lang='lat' dir='ltr'>verba</span> <span class='ocrx_word' id='word_1_336' title='bbox 742 2805 862 2852; x_wconf 88' lang='lat' dir='ltr'>ipsius</span> <span class='ocrx_word' id='word_1_337' title='bbox 887 2805 1008 2842; x_wconf 89' lang='lat' dir='ltr'>Solini</span> <span class='ocrx_word' id='word_1_338' title='bbox 1031 2805 1228 2842; x_wconf 78' lang='lat' dir='ltr'>substituit</span> <span class='ocrx_word' id='word_1_339' title='bbox 1253 2806 1310 2842; x_wconf 86' lang='lat' dir='ltr'>ed.</span> <span class='ocrx_word' id='word_1_340' title='bbox 1331 2806 1448 2852; x_wconf 85' lang='lat' dir='ltr'>Lugd.</span> <span class='ocrx_word' id='word_1_341' title='bbox 1477 2817 1510 2840; x_wconf 84' lang='lat' dir='ltr'>a.</span> <span class='ocrx_word' id='word_1_342' title='bbox 1535 2815 1625 2851; x_wconf 85' lang='lat'>15¹3</span> 
     </span>
     <span class='ocr_line' id='line_1_44' title="bbox 155 2852 1626 2908; baseline -0.001 -19"><span class='ocrx_word' id='word_1_343' title='bbox 155 2852 346 2899; x_wconf 83' lang='lat' dir='ltr'>impressa.</span> <span class='ocrx_word' id='word_1_344' title='bbox 394 2853 440 2889; x_wconf 88' lang='lat' dir='ltr'>In</span> <span class='ocrx_word' id='word_1_345' title='bbox 457 2853 514 2889; x_wconf 89' lang='lat' dir='ltr'>ed.</span> <span class='ocrx_word' id='word_1_346' title='bbox 532 2853 651 2908; x_wconf 71' lang='lat' dir='ltr'>Lugd.</span> <span class='ocrx_word' id='word_1_347' title='bbox 669 2853 753 2889; x_wconf 90' lang='lat' dir='ltr'>Bat.</span> <span class='ocrx_word' id='word_1_348' title='bbox 776 2855 866 2898; x_wconf 86' lang='lat'>1639</span> <span class='ocrx_word' id='word_1_349' title='bbox 882 2854 995 2889; x_wconf 85' lang='lat' dir='ltr'>verba</span> <span class='ocrx_word' id='word_1_350' title='bbox 1020 2852 1141 2888; x_wconf 89' lang='lat' dir='ltr'>Solini</span> <span class='ocrx_word' id='word_1_351' title='bbox 1159 2852 1268 2889; x_wconf 88' lang='lat' dir='ltr'>uncis</span> <span class='ocrx_word' id='word_1_352' title='bbox 1293 2852 1443 2889; x_wconf 87' lang='lat' dir='ltr'>inclusa</span> <span class='ocrx_word' id='word_1_353' title='bbox 1466 2855 1566 2895; x_wconf 89' lang='lat' dir='ltr'>sunt,</span> <span class='ocrx_word' id='word_1_354' title='bbox 1581 2852 1626 2888; x_wconf 90' lang='lat' dir='ltr'>in</span> 
     </span>
     <span class='ocr_line' id='line_1_45' title="bbox 157 2900 1123 2948; baseline -0.001 -11"><span class='ocrx_word' id='word_1_355' title='bbox 157 2900 330 2948; x_wconf 80' lang='lat' dir='ltr'>margine</span> <span class='ocrx_word' id='word_1_356' title='bbox 347 2902 506 2938; x_wconf 80' lang='lat' dir='ltr'>notatur</span> <span class='ocrx_word' id='word_1_357' title='bbox 519 2912 626 2937; x_wconf 83' lang='lat' dir='ltr'>vana</span> <span class='ocrx_word' id='word_1_358' title='bbox 641 2900 756 2937; x_wconf 88' lang='lat' dir='ltr'>lectio</span> <span class='ocrx_word' id='word_1_359' title='bbox 771 2902 898 2936; x_wconf 77' lang='lat' dir='ltr'>Minas</span> <span class='ocrx_word' id='word_1_360' title='bbox 914 2902 1123 2937; x_wconf 75' lang='lat' dir='ltr'>annotauit.</span> 
     </span>
    </p>
   </div>
   <div class='ocr_carea' id='block_1_9' title="bbox 213 2962 1513 2996">
    <p class='ocr_par' dir='ltr' id='par_1_10' title="bbox 213 2962 1513 2996">
     <span class='ocr_line' id='line_1_46' title="bbox 213 2962 1513 2996; baseline -0.004 -4"><span class='ocrx_word' id='word_1_361' title='bbox 213 2971 295 2992; x_wconf 69' lang='lat' dir='ltr'>ms</span> <span class='ocrx_word' id='word_1_362' title='bbox 309 2972 330 2991; x_wconf 88' lang='grc' dir='ltr'>ιι</span> <span class='ocrx_word' id='word_1_363' title='bbox 885 2962 913 2989; x_wconf 78' lang='lat' dir='ltr'>G</span> <span class='ocrx_word' id='word_1_364' title='bbox 1471 2964 1513 2996; x_wconf 81' lang='lat'>41</span> 
     </span>
    </p>
   </div>
  </div>
 </body>
</html>
