1988 3250
113 230 216 264 oar.
229 217 280 278 v]
631 214 1068 263 POLICRATICVS
1595 222 1674 264 722
1692 223 1718 253 0

115 339 420 397 phantasticas
450 338 687 382 dumtaxat
720 351 862 380 uanae
891 335 1112 393 opinionis
1144 337 1354 378 secuntur
1388 334 1580 378 umbras.

117 408 348 466 Siquidem
368 409 479 452 alios
498 409 713 466 spernunt
727 421 833 464 prae
847 420 894 448 se
914 408 960 448 et
979 404 1180 462 aspirant
1200 404 1256 446 ad
1278 404 1581 461 impossibilia,

116 478 171 522 de
203 478 354 522 fallaci
384 493 532 522 rerum
560 477 891 534 praesumentes
920 473 1126 531 imagine.
1185 473 1259 516 Sic
1289 473 1333 515 Ν
1336 474 1503 516 arcisus
1533 473 1581 515 in

117 546 293 599 fabulis,
323 547 430 590 dum
459 560 577 590 uana
605 544 676 589 sui
705 543 900 601 imagine
928 542 1115 599 capitur,
1145 542 1241 585 abit
1268 542 1315 584 in
1344 542 1496 584 florem
1524 546 1583 593 et,

79 632 98 667 ⁶
117 616 223 659 dum
245 616 436 673 seipsum
457 614 761 673 imprudenter
778 612 949 670 aspicit,
965 612 1047 654 flos
1067 611 1162 654 sine
1182 610 1332 654 fructu
1352 610 1584 668 pueriliter

117 684 353 728 euanescit.
424 684 667 728 Multorum
691 696 865 740 quoque
886 681 976 724 fuit
1001 680 1165 738 opinio,
1185 684 1230 724 et
1250 694 1401 723 eorum
1430 680 1508 736 qui
1536 680 1584 723 in

118 754 260 796 ueteri
279 753 559 811 philosophia
578 766 683 810 prae
703 749 860 795 ceteris
876 750 1135 799 floruerunt,
1148 749 1453 792 Alexandrum
1478 750 1581 805 (et)

118 823 396 867 Aristotilem
412 838 440 866 a
453 821 710 866 numinibus
725 835 818 864 esse
832 819 1099 877 progenitos,
1117 833 1168 862 eo
1183 819 1301 876 quod
1315 818 1361 861 in
1377 819 1585 862 omnibus

118 893 342 951 propriam
373 893 643 950 quaerebant
675 890 874 949 gloriam.
934 889 1162 932 Platonem
1198 904 1371 946 quoque
1403 893 1586 947 propter

0 942 7 1010 l
62 981 104 1007 ιο
120 962 320 1006 diuinam
341 960 662 1019 quodammodo
677 975 765 1017 qua
779 959 968 1003 eminuit
982 959 1246 1016 sapientiam
1268 963 1313 1002 et
1329 959 1584 1016 Augustum

0 1015 10 1117 ἰ
120 1034 302 1089 propter
321 1031 566 1088 potentiam
588 1029 901 1085 fortunamque
921 1028 1209 1085 tranquillam
1240 1043 1267 1071 a
1286 1028 1374 1071 diis
1394 1029 1585 1072 traxisse
1604 1030 1635 1070 d

121 1100 339 1158 originem
378 1100 671 1144 tradiderunt.
732 1098 791 1141 Et
821 1098 1000 1155 quidem
1035 1098 1083 1141 in
1117 1098 1390 1142 contrarium
1422 1099 1588 1142 rectius

120 1170 400 1228 collegissent
434 1184 508 1213 eos
538 1171 618 1212 aut
651 1168 796 1212 diuini
827 1182 917 1210 non
956 1182 1050 1211 esse
1081 1168 1256 1224 generis
1291 1172 1371 1211 aut
1403 1168 1587 1211 deorum

121 1240 237 1284 filios
261 1254 354 1283 esse
384 1239 630 1296 degeneres,
657 1237 744 1280 nisi
773 1237 879 1294 quia
908 1237 973 1280 dii
1002 1238 1205 1294 gentium
1235 1238 1442 1281 demonia
1471 1241 1590 1289 sunt,

7 1360 9 1362 v
64 1325 105 1362 ¹5
125 1312 172 1353 et
199 1309 350 1352 incubi
370 1309 576 1352 demones
605 1307 820 1351 uanitatis
846 1309 892 1350 et
912 1307 1110 1350 malitiae
1138 1322 1243 1351 suae
1265 1310 1387 1352 certa
1411 1308 1590 1358 indicia,

8 1375 9 1378 ¹
124 1379 164 1422 si
204 1393 334 1435 quem
373 1381 524 1421 tamen
556 1377 762 1434 gignunt,
795 1376 1056 1433 relinquunt
1091 1377 1138 1419 in
1172 1377 1331 1420 sobole.
1391 1377 1509 1420 Nam
1544 1380 1591 1421 et

124 1462 257 1491 uerus
277 1447 361 1490 Dei
383 1447 535 1500 Filius,
555 1446 675 1490 Deus
694 1446 837 1496 homo,
852 1446 1076 1504 propriam
1097 1461 1187 1490 non
1207 1447 1382 1504 quaerit
1401 1447 1591 1504 gloriam

125 1517 173 1561 in
212 1517 416 1560 omnibus
451 1531 562 1574 quae
591 1515 779 1573 gloriose
809 1516 924 1558 fiunt
958 1516 1016 1558 ab
1050 1530 1113 1567 eo,
1139 1516 1216 1559 sed
1247 1517 1418 1569 Patris;
1453 1531 1591 1574 eoque

125 1587 380 1630 illustratur
397 1585 540 1644 gloria
559 1585 762 1643 ampliori
778 1585 895 1642 quod
911 1585 968 1628 ad
989 1600 1102 1637 eum,
1121 1601 1178 1629 ex
1199 1601 1287 1644 quo
1306 1590 1413 1630 sunt
1431 1588 1594 1639 omnia,

3 1704 5 1708 ,
68 1677 112 1701 20
128 1656 343 1700 bonorum
364 1670 544 1713 operum
563 1654 749 1712 gloriam
771 1654 920 1698 refert.
966 1655 1040 1699 Sic
1057 1659 1102 1700 et
1118 1671 1221 1699 uere
1242 1657 1417 1714 sapiens
1437 1658 1594 1711 omnis,

2 1715 7 1725 ’
127 1740 232 1769 uere
264 1728 432 1782 potens,
452 1727 498 1767 et
529 1739 632 1767 uere
663 1724 817 1776 bonus,
838 1724 895 1767 ad
932 1724 1112 1769 unicum
1143 1726 1341 1769 omnium
1375 1727 1591 1770 bonorum

127 1793 299 1837 fontem
326 1807 407 1836 sua
433 1793 580 1836 omnia
603 1792 845 1836 laudabilia
869 1793 1019 1844 refert,
1039 1809 1257 1837 summam
1282 1796 1449 1839 scilicet
1472 1811 1593 1840 crea·

126 1863 282 1907 tricem
303 1865 349 1906 et
367 1862 644 1905 indiuiduam
664 1862 943 1909 Trinitatem.
1005 1864 1252 1907 Alexandri
1274 1868 1428 1922 pectus
1449 1866 1595 1910 laudis

129 1932 383 1976 insatiabile
398 1932 475 1988 qui
490 1931 714 1975 Anacarso
729 1933 878 1976 comiti
899 1947 979 1976 suo
995 1948 1051 1976 ex
1071 1934 1336 1978 auctoritate
1354 1935 1595 1979 Democriti
1613 1942 1693 1984 723
1712 1943 1743 1972 a

8 2013 21 2058 J
71 2017 113 2052 ²5
131 2000 428 2060 praeceptoris
447 2001 788 2044 innumerabiles
808 2002 996 2045 mundos
1011 2017 1103 2046 esse
1123 2003 1358 2047 referenti:
1390 2004 1493 2048 Heu
1513 2020 1596 2056 me,

131 2070 291 2128 inquit,
310 2070 531 2120 miserum,
552 2070 668 2127 quod
688 2086 767 2115 nec
794 2086 883 2115 uno
907 2072 1085 2128 quidem
1109 2072 1254 2116 adhuc
1278 2074 1448 2130 potitus
1474 2079 1596 2118 sum!

132 2140 268 2183 Plane
316 2139 449 2182 miser
495 2139 742 2197 dignusque
791 2141 980 2193 miseria,
1029 2142 1154 2185 cuius
1205 2143 1397 2187 uirtutes
1446 2159 1598 2188 omnes

131 2209 420 2253 absorbuerat
464 2208 608 2252 laudis
656 2209 867 2254 insatiata
907 2215 953 2254 et
995 2211 1263 2255 insatiabilis
1309 2212 1450 2256 fames
1494 2229 1597 2258 una.

130 2317 155 2352 4
180 2306 331 2353 capitur
346 2305 513 2353 imagine
531 2305 575 2340 Α1
700 2306 882 2354 ymagine
900 2308 940 2344 M
1084 2318 1105 2353 7
1131 2309 1383 2357 phylosophia
1400 2311 1439 2347 M
1560 2313 1602 2349 et

132 2356 316 2401 supplevi:
342 2356 434 2389 deest
452 2356 492 2388 in
508 2354 608 2390 codd.
718 2365 761 2401 19
778 2355 924 2402 gloria]
942 2355 1070 2403 gratia
1087 2356 1127 2392 M

182 2458 214 2504 3.
229 2448 426 2483 Narcieus:
451 2444 635 2482 Fabulam
666 2443 828 2503 Narcissi
860 2450 991 2484 narrat
1023 2447 1178 2484 Ovidius
1205 2451 1289 2485 Met.
1322 2449 1379 2487 iii.
1414 2461 1484 2497 339
1496 2463 1599 2506 seqq.

135 2503 154 2541 5
179 2497 420 2540 smefructu:
447 2505 478 2529 v.
496 2494 634 2529 Auson.
650 2494 780 2539 Eptyr.
798 2504 856 2539 99.
1032 2505 1052 2541 7
1078 2499 1353 2534 Alexandrum:
1378 2511 1411 2533 v.
1432 2498 1524 2535 lust.
1549 2511 1600 2535 ιι.

137 2552 176 2579 11
196 2555 205 2585 ;
231 2541 349 2578 Solin.
366 2540 416 2575 ix.
442 2542 493 2577 18.
620 2543 641 2576 8
666 2543 909 2578 Aristotilem:
936 2554 968 2578 v.
987 2555 1100 2590 supra
1115 2544 1164 2580 ad
1180 2544 1242 2581 vii.
1260 2547 1284 2581 6
1302 2546 1386 2591 (648
1399 2547 1458 2591 Α).
1579 2557 1603 2593 9

128 2588 813 2673 {⁰2:⁰53ssffssszzeffiffizss'zstsfi
827 2589 967 2673 &inid
985 2591 1049 2626 'fi'
1071 2593 1126 2646 ³3³·
1176 2592 1435 2639 ⁶¹¹p³d³‘⁸‘⁸¹¹²
1456 2594 1603 2640 ⁸¹⁰¹&ae

135 2695 240 2720 nem:
266 2696 298 2718 v.
316 2682 428 2729 Apul.
447 2684 489 2718 de
506 2684 631 2728 Doym.
650 2684 742 2719 Plat.
762 2684 787 2720 i.
812 2695 840 2720 1.
901 2666 910 2674 '
950 2643 1337 2732 ιὲχὲοινέιιιιὲἰιιῗενῗιὶξὶεἰέ
1349 2652 1413 2724 3cf.
1430 2643 1606 2734 suga}

135 2730 199 2766 vii.
213 2732 236 2768 6
253 2731 336 2776 (648
351 2731 408 2776 A).
510 2731 560 2772 16,
579 2739 619 2775 17
632 2732 728 2766 Nam
741 2737 773 2766 et
782 2743 892 2769 uerus
904 2735 998 2771 etc.:
1025 2747 1058 2772 v.
1072 2735 1204 2771 Ioann.
1223 2735 1303 2772 viii.
1322 2746 1378 2782 50.
1421 2736 1515 2772 Cum
1533 2738 1604 2773 hoc

135 2777 219 2815 loco
236 2778 283 2814 cf.
305 2778 442 2814 Bacon.
461 2779 504 2813 de
520 2779 650 2823 Auym.
668 2779 738 2814 Sci.
756 2778 810 2815 iii.
827 2790 852 2824 4
867 2780 954 2817 init.
1148 2793 1190 2828 19
1215 2795 1260 2818 ex
1274 2796 1342 2830 quo
1358 2789 1445 2818 sant
1461 2786 1606 2820 omnia:

137 2837 171 2862 v·
193 2835 207 2862 1
224 2825 307 2862 Cor.
325 2824 400 2860 viii.
419 2826 452 2861 6.
574 2835 618 2870 23
648 2826 884 2864 Trinitatem:
912 2828 958 2864 cf.
975 2828 1107 2866 Abael.
1127 2832 1264 2867 Introd.
1284 2833 1332 2867 ad
1352 2833 1471 2867 Theol.
1489 2832 1513 2867 i.
1531 2833 1605 2870 (ed.

138 2872 288 2916 Cousin,
307 2872 331 2908 i.
355 2883 408 2913 12.
431 2870 502 2917 13),
528 2873 646 2909 Theol.
669 2874 799 2910 Christ.
817 2874 865 2910 iv.
884 2875 920 2916 (i.
941 2884 958 2921 5
966 2885 1020 2922 50,
1040 2886 1057 2922 5
1065 2877 1135 2923 51).
1178 2880 1386 2914 Alexandri
1402 2882 1497 2916 ete:
1522 2880 1607 2916 Val.

139 2919 241 2957 Max.
254 2919 332 2957 viii.
349 2931 391 2965 14
411 2921 488 2957 ext.
506 2930 540 2957 2.
636 2930 682 2966 24
706 2922 893 2958 Anacarso
910 2935 918 2959 :
948 2926 1168 2961 Anaxarcho
1184 2925 1268 2963 val.
1285 2926 1387 2963 Max.

1437 2989 1501 3036 >247
