1988 3250
275 244 355 286 723
373 244 405 274 a

749 234 1010 280 IOANNIS
1049 233 1564 278 SARESBERIENSIS
1667 231 1777 294 [mn.
1793 241 1884 276 v111

420 353 649 398 Insultant
675 355 716 398 ei
739 355 966 413 tragediae
989 355 1275 412 antiquorum
1296 368 1347 398 eo
1367 354 1484 411 quod
1505 357 1695 411 angusta
1715 353 1884 398 homini

419 425 634 481 possessio
654 423 744 468 fuit
764 439 876 482 quae
895 425 1077 468 deorum
1101 425 1299 467 omnium
1323 423 1545 466 domicilio
1564 423 1737 467 sufficit.
1795 422 1885 466 Sed

419 495 581 544 tamen,
612 493 716 537 licet
754 493 981 551 appetitus
1015 493 1182 551 gloriae
1216 507 1388 549 semper
1421 492 1628 534 uideatur
1662 492 1709 534 in
1743 492 1885 549 culpa,

419 577 543 606 error
571 578 722 606 eorum
746 563 1032 620 perniciosior
1058 566 1126 606 est
1150 563 1227 620 qui
1253 562 1326 604 uel
1353 561 1588 604 sceleribus
1614 561 1886 605 innotescere

419 633 571 690 magni
598 633 834 676 duxerunt.
896 633 1148 683 Pausanias,
1168 647 1268 675 cum
1289 631 1551 674 Hermoclea
1573 634 1886 688 percunctatus

419 706 535 745 esset
564 717 755 759 quonam
785 702 915 745 modo
945 702 1094 745 subito
1123 702 1268 744 clarus
1291 703 1440 757 posset
1467 700 1666 751 euadere,
1686 703 1820 757 atque
1846 700 1886 743 is

419 771 728 828 respondisset,
747 771 785 814 si
805 771 1035 814 occidisset
1054 770 1245 826 aliquem
1265 770 1414 811 uirum
1434 769 1664 819 illustrem,
1681 768 1885 812 futurum

371 838 402 879 b
419 843 472 883 ut
498 840 546 883 in
572 840 759 898 gloriam
787 841 882 883 eius
908 841 1054 897 ipsum
1082 839 1362 889 redundaret,
1389 839 1599 881 continuo
1630 838 1886 896 Philippum

418 910 657 960 interemit,
677 913 723 952 et
747 909 925 966 quidem
953 909 1071 966 quod
1099 909 1290 965 petierat
1313 911 1540 951 assecutus
1560 911 1637 951 est.
1697 908 1815 951 Nam
1839 910 1887 951 et

418 994 465 1022 se
496 979 732 1036 parricidio
763 982 919 1022 notum
954 978 1142 1036 posteris
1177 978 1371 1020 reddidit
1401 980 1447 1020 et
1480 977 1640 1020 celebri
1670 977 1885 1034 supplicio

418 1048 622 1106 patibuli,
645 1048 717 1091 cui
743 1048 903 1090 affixus
930 1051 1009 1098 est,
1033 1062 1192 1090 corona
1216 1062 1361 1098 aurea,
1382 1062 1516 1103 quam
1544 1046 1747 1097 Mirtalis,
1772 1061 1885 1104 quae

419 1122 465 1161 et
486 1118 703 1175 Olimpias
722 1118 842 1161 dicta
862 1121 940 1168 est,
955 1117 1090 1175 capiti
1107 1118 1202 1160 eius
1216 1117 1450 1174 pendentis
1470 1116 1692 1173 imposuit,
1711 1116 1885 1159 nullum

418 1188 554 1231 dante
594 1187 813 1231 solatium.
873 1187 929 1230 In
965 1187 1210 1230 uindictam
1245 1190 1396 1229 tamen
1430 1186 1670 1244 pudicitiae
1705 1200 1784 1243 per
1817 1186 1884 1228 in-

418 1257 579 1300 iuriam
614 1257 892 1315 prostitutae,
924 1256 1128 1313 Philippo
1163 1271 1252 1299 non
1288 1257 1501 1313 puniente
1540 1255 1617 1299 sed
1657 1255 1885 1299 deridente

418 1326 640 1377 iniuriam,
653 1329 800 1383 potest
820 1328 997 1369 auctore
1013 1325 1157 1382 'Rogo
1177 1325 1459 1382 aliquatenus
1478 1325 1645 1369 crimen
1665 1325 1884 1383 sacrilegii

419 1396 632 1439 excusari.
692 1395 910 1438 Inuentus
949 1398 1017 1438 est
1057 1395 1133 1452 qui
1174 1395 1345 1438 Dianae
1386 1394 1634 1452 Ephesinae
1667 1395 1884 1452 templum

418 1465 555 1508 uellet
588 1464 820 1508 incendere
851 1467 904 1507 ut
938 1465 1234 1521 pulcherrimo
1268 1479 1398 1520 opere
1430 1467 1690 1521 consumpto
1723 1479 1885 1508 nomen

417 1535 513 1578 eius
538 1549 618 1592 per
643 1537 789 1578 totum
819 1537 1037 1577 terrarum
1066 1535 1216 1577 orbem
1247 1534 1581 1585 diffunderetur,
1603 1533 1885 1591 furoremque

418 1619 548 1647 suum
573 1603 744 1647 detexit
770 1604 1004 1660 impositus
1032 1604 1201 1656 eculeo;
1232 1606 1288 1655 et,
1309 1604 1395 1647 nisi
1422 1603 1669 1661 Theoponti
1693 1618 1882 1661 magnae

417 1673 651 1717 facundiae
691 1673 919 1730 ingenium
959 1688 1059 1715 eum
1097 1673 1190 1716 suis
1229 1673 1631 1730 comprehendisset
1668 1673 1879 1724 historiis,

376 1755 403 1787 c
419 1743 530 1786 bene
559 1742 870 1786 consuluerant
898 1742 1076 1799 Ephesii
1104 1742 1278 1785 decreto
1303 1742 1524 1786 communi
1555 1745 1802 1785 statuentes
1831 1745 1885 1786 ut

418 1812 636 1855 teterrimi
686 1811 877 1854 hominis
926 1812 1137 1854 memoria
1186 1812 1437 1855 aboleretur
1489 1811 1676 1854 silentio.
1737 1811 1883 1854 Simili

418 1881 597 1939 quidem
637 1880 849 1923 uidentur
887 1880 1075 1938 gloriam
1109 1881 1314 1924 affectare
1349 1881 1484 1924 immo
1519 1880 1677 1924 maiori
1712 1880 1886 1924 insania

418 1951 495 2008 qui
535 1965 624 1994 non
666 1950 913 2008 Ephesinae
960 1950 1129 1994 Dianae
1168 1951 1384 2008 templum
1424 1950 1642 2008 religiosis
1688 1950 1885 1995 moribus

419 2020 710 2064 excidendum
742 2019 818 2063 sed
849 2020 1063 2077 templum
1098 2019 1293 2077 Spiritus
1332 2020 1487 2070 sancti,
1523 2020 1722 2063 homines
1753 2022 1885 2072 totos,

417 2089 589 2133 animas
603 2089 770 2133 scilicet
784 2092 830 2132 et
844 2103 1036 2146 corpora,
1052 2092 1105 2133 ut
1124 2104 1204 2147 per
1223 2090 1304 2133 hoc
1320 2089 1574 2133 hominibus
1594 2089 1885 2141 innotescant,

416 2259 440 2295 6
466 2257 498 2294 is
535 2257 594 2294 hi·
612 2257 641 2293 A
808 2258 829 2294 8
850 2262 931 2304 poet
948 2256 1027 2294 eius
1044 2259 1126 2293 add.
1146 2256 1183 2293 id
1202 2256 1270 2294 C¹S
1389 2256 1616 2304 phylippum
1634 2256 1674 2293 M
1843 2265 1887 2303 14

418 2305 495 2352 phy
514 2305 604 2352 ippo
622 2305 662 2341 M
808 2315 851 2351 19
876 2304 1097 2351 theopompi
1117 2304 1181 2340 SM
1326 2314 1367 2341 21
1397 2304 1639 2342 consulerent
1657 2303 1697 2340 M
1841 2314 1886 2342 22

418 2352 613 2391 deterrimi
630 2353 662 2389 A
846 2362 890 2399 23
915 2352 1094 2390 affectare
1112 2351 1275 2399 gloriam
1292 2352 1337 2387 A*

469 2508 482 2535 1
512 2499 698 2534 Imultant
724 2499 823 2534 etc.:
860 2509 891 2534 v.
921 2496 1005 2534 val.
1034 2497 1132 2534 Max.
1162 2496 1231 2534 loc.
1263 2496 1339 2540 cit..
1369 2497 1432 2543 qui
1460 2500 1588 2534 tamen
1623 2497 1668 2535 de
1695 2502 1709 2534 t
1775 2499 1889 2535 oedm

417 2547 649 2591 antiquorum
668 2544 764 2581 nihil
782 2543 907 2582 habet.
1092 2555 1112 2581 2
1132 2548 1329 2591 possessio:
1359 2545 1573 2581 Notandum
1592 2547 1650 2581 est
1667 2556 1756 2581 voca
1783 2545 1887 2582 ulum

415 2595 565 2639 alm-iae,
583 2593 682 2638 quod
729 2595 785 2629 ost
805 2595 978 2639 poneew'o
1003 2592 1186 2629 exhibent
1203 2592 1285 2628 Val.
1306 2592 1404 2628 Max.
1424 2592 1580 2635 codices,
1600 2592 1731 2629 delent
1756 2594 1885 2630 autem

419 2639 592 2682 editores,
609 2604 726 2686 apud,
732 2639 913 2677 Ioannem
930 2639 1068 2676 deesse.
1192 2649 1209 2686 5
1237 2641 1445 2676 Pausanias
1460 2643 1532 2676 etc.
1550 2651 1558 2676 ε
1586 2639 1670 2676 val.
1687 2640 1776 2676 Max
1807 2638 1884 2678 viii.

423 2698 463 2732 ¹⁴
481 2690 556 2723 ext.
575 2698 607 2732 4.
778 2698 811 2732 9,
836 2698 877 2724 ιο
902 2689 996 2723 Nam
1013 2692 1044 2723 et
1061 2699 1096 2722 ee
1113 2689 1206 2723 ete:
1233 2699 1263 2723 v.
1280 2687 1363 2724 Val.
1382 2687 1481 2724 Max.
1502 2687 1573 2724 loc.
1591 2687 1666 2732 cit„
1686 2686 1816 2724 lustin.
1835 2686 1885 2725 ix.

418 2744 438 2779 7
459 2734 476 2781 ξ
502 2745 553 2771 10.
718 2744 752 2771 ιι
784 2735 967 2771 Μόνεαιῐεε
995 2746 1028 2770 ν.
1045 2733 1178 2770 lustin.
1197 2734 1244 2770 ix.
1266 2744 1285 2780 7
1305 2734 1322 2782 ξ
1348 2746 1399 2781 ¹3·
1554 2744 1594 2780 ¹3
1621 2736 1667 2770 In
1687 2736 1887 2771 uindictam

417 2785 510 2819 etc.:
538 2794 569 2820 v.
588 2781 721 2818 lustin.
740 2781 786 2818 ix.
805 2784 837 2818 6.
1026 2783 1068 2818 16
1094 2783 1272 2817 quenum
1289 2787 1338 2819 eet
1354 2785 1425 2819 cte.
1442 2793 1451 2818 ι
1479 2793 1509 2819 v.
1528 2782 1609 2818 Val.
1628 2781 1727 2818 Max.
1744 2781 1820 2818 viii.
1845 2792 1887 2827 14

415 2833 490 2866 ext.
512 2838 542 2875 5.
664 2830 894 2874 Ephesinae:
921 2830 1101 2876 Ephmaa
1120 2829 1199 2865 val.
1220 2829 1317 2867 Max.
1466 2839 1507 2875 19
1536 2830 1752 2875 Theoponti:
1783 2830 1888 2866 Theo-

412 2879 541 2924 pompi
558 2875 640 2913 val.
659 2876 757 2913 Max.
901 2886 943 2925 25
970 2878 1142 2924 templum
1159 2878 1322 2924 Spiritus
1337 2878 1474 2914 saneti:
1506 2887 1518 2913 1
1541 2875 1622 2913 Cor.
1640 2876 1686 2912 vi.
1710 2886 1762 2924 19.

530 2950 591 2990 248

1905 643 1924 677 5

1905 994 1947 1019 10

1905 1344 1944 1380 15

1905 1693 1950 1719 20

1905 2039 1947 2075 ²5
