1988 3250
295 218 368 259 ⁷13
386 218 412 248 c
756 207 1016 252 IOANNIS
1056 207 1569 252 SARESBERIENSIS
1663 204 1778 266 [mn.
1793 216 1886 250 vl11

424 329 698 386 uituperium
721 329 939 386 proniora.
1000 329 1118 372 Nam
1148 329 1335 372 diuitiae
1361 331 1407 372 et
1432 328 1634 386 potentia
1658 330 1703 371 et
1729 326 1888 385 gratia,

424 413 524 442 cum
553 398 795 456 plurimum
824 398 989 441 uirium
1019 398 1138 449 dent,
1162 398 1211 441 in
1237 400 1471 455 utramque
1497 400 1670 455 partem
1696 395 1887 440 certissi-

425 482 548 510 mum
568 467 741 511 faciunt
761 468 1113 525 experimentum
1135 483 1320 521 morum,
1339 469 1478 524 fitque
1503 481 1726 524 possessor
1749 466 1806 509 ab
1825 465 1889 508 eis

427 537 689 594 quandoque
727 538 883 581 melior
921 538 1144 580 interdum
1185 537 1317 594 peior.
1378 536 1586 580 Ceterum
1625 551 1760 594 opera
1792 535 1890 592 ipsa

380 615 410 655 <1
427 607 591 650 mentis
609 610 690 650 aut
709 608 914 664 corporis,
935 607 1020 650 etsi
1044 606 1303 664 simpliciter
1326 606 1442 649 bona
1461 606 1533 649 uel
1553 605 1752 649 absolute
1772 603 1890 647 mala
1907 618 1928 653 s

427 676 530 727 sint,
556 677 930 734 uituperationem
959 676 1184 719 interdum
1211 678 1292 718 aut
1315 675 1491 718 laudem
1517 676 1788 718 contrahunt
1809 687 1890 731 pro

426 746 614 789 arbitrio
654 747 902 790 iudicantis.
963 746 1091 788 Vnde
1131 748 1176 788 et
1215 745 1427 787 interesse
1472 745 1713 801 plurimum
1759 745 1892 801 putat

427 815 682 859 Aristotiles
716 816 794 858 ubi
835 816 1028 872 quidque
1063 815 1270 858 laudetur
1309 818 1388 857 aut
1422 814 1712 871 uituperetur.
1772 812 1891 857 Nam

427 884 669 941 plurimum
698 885 837 928 refert
866 885 942 942 qui
972 885 1063 927 sint
1092 882 1370 926 audientium
1397 898 1552 934 mores,
1575 898 1688 940 quae
1717 883 1892 940 publice

428 957 604 1011 recepta
633 955 882 1011 persuasi03
917 954 1130 1010 docetque
1159 954 1207 995 in
1238 953 1486 996 Rethoricis
1514 954 1566 995 ut
1592 953 1671 995 illa
1699 953 1892 996 maxime
1911 968 1953 992 ιο

429 1039 542 1081 quae
562 1025 753 1081 probant
773 1039 865 1067 esse
886 1024 932 1065 in
954 1038 1005 1066 eo
1029 1023 1105 1079 qui
1129 1022 1387 1065 laudabitur
1407 1022 1580 1079 publice
1599 1022 1795 1074 credant,
1813 1024 1894 1066 aut

429 1094 477 1137 in
504 1109 555 1138 eo
580 1097 735 1137 contra
761 1109 891 1150 quem
919 1093 1083 1136 dicitur
1109 1107 1160 1135 ea
1184 1107 1296 1149 quae
1321 1107 1471 1135 omnes
1497 1092 1698 1143 oderunt,
1721 1091 1894 1149 eritque

430 1164 634 1220 quotiens
669 1164 766 1206 fieri
806 1163 972 1220 poterit
1009 1162 1287 1219 singulorum
1321 1161 1517 1204 docenda
1549 1161 1723 1204 utilitas
1758 1160 1894 1219 (quod

429 1233 547 1276 enim
578 1233 770 1290 expedit,
799 1247 950 1275 omnes
979 1231 1239 1288 approbant,
1266 1231 1349 1274 etsi
1377 1231 1612 1274 honestum
1642 1230 1765 1273 aliud
1794 1230 1894 1273 aliis

430 1302 666 1362 uideatur).
746 1302 907 1344 Studia
955 1301 1207 1344 litterarum
1256 1300 1403 1342 minus
1446 1300 1626 1343 honoris
1669 1303 1894 1344 merentur
1913 1315 1954 1351 ¹⁵

431 1371 773 1415 Lacedemoniae
786 1386 919 1428 quam
936 1370 1150 1422 Athenis3
1180 1369 1296 1412 forte
1309 1370 1409 1427 plus
1421 1370 1651 1427 patientia,
1664 1369 1894 1414 fortitudo.
1925 1399 1929 1401 -

432 1442 518 1484 His
552 1444 681 1498 rapto
719 1441 872 1483 uiuere
906 1441 1153 1490 honestum,
1183 1439 1282 1482 aliis
1313 1454 1419 1482 cura
1447 1440 1595 1497 legum
1609 1453 1619 1492 ;
1659 1439 1897 1497 frugalitas

295 1529 368 1571 ⁷14
387 1529 418 1558 a
433 1511 553 1568 apud
592 1510 812 1553 Sibaritas
859 1510 1063 1552 fortassis
1107 1509 1209 1552 odio
1248 1508 1376 1559 foret,
1419 1509 1646 1552 ueteribus
1685 1508 1897 1552 Romanis

433 1595 654 1624 summum
704 1579 884 1622 luxuria
931 1579 1108 1622 crimen.
1189 1579 1296 1622 Eius
1345 1593 1518 1635 quoque
1564 1579 1642 1635 qui
1687 1578 1898 1622 laudatur

432 1649 636 1692 habenda
662 1652 730 1692 est
757 1648 883 1699 ratio,
909 1663 1009 1692 cum
1037 1648 1243 1705 operibus
1268 1648 1524 1691 necessariis
1549 1647 1750 1705 gratuita
1779 1651 1896 1691 recte
1915 1661 1960 1686 20

433 1719 554 1762 facta
588 1718 763 1761 laudem
803 1717 1077 1775 praeripiant
1112 1720 1158 1760 et
1188 1731 1268 1774 pro
1301 1717 1471 1760 ratione
1503 1732 1790 1775 personarum
1826 1731 1898 1761 res

434 1788 692 1846 plerumque
715 1787 934 1830 habeatur
960 1786 1031 1830 uel
1058 1787 1245 1830 honesta
1271 1786 1342 1829 uel
1367 1786 1522 1844 turpis.
1582 1786 1632 1830 Si
1653 1801 1758 1844 ergo
1777 1788 1899 1830 recta

434 1858 524 1908 uia,
555 1857 602 1900 id
631 1860 711 1907 est,
740 1856 920 1906 uirtute,
951 1856 1038 1899 sibi
1069 1856 1168 1913 quis
1198 1856 1372 1899 laudem
1401 1856 1618 1907 conciliat,
1647 1871 1727 1899 suo
1754 1855 1900 1899 laudis

434 1926 645 1970 innititur
685 1925 998 1978 fundamento;
1046 1925 1083 1968 si
1124 1940 1230 1968 uero
1270 1925 1449 1968 aliunde
1480 1925 1666 1982 gloriam
1701 1927 1899 1983 quaerat,

435 1997 566 2055 plane
585 1995 759 2052 desipit,
774 2010 852 2038 nec
873 1995 929 2037 ad
955 2009 1051 2038 eam
1076 2010 1209 2051 quam
1230 1995 1410 2038 uidetur
1428 1995 1634 2038 affectare
1661 1995 1896 2052 pertinget.
1917 2007 1959 2043 ις

436 2067 500 2109 At
533 2066 651 2108 inter
684 2065 782 2121 ipsa
815 2064 997 2107 uirtutis
1032 2078 1165 2121 opera
1199 2067 1435 2107 censentur
1468 2064 1638 2121 gratiae
1673 2064 1899 2122 amplioris

437 2150 550 2193 quae
573 2134 628 2178 de
655 2133 937 2176 liberalitatis
964 2137 1044 2176 aut
1067 2133 1451 2191 magnanimitatis
1472 2134 1596 2177 fonte
1616 2134 1900 2191 proueniunt.

438 2206 503 2248 Ea
522 2205 638 2248 enim
662 2203 814 2246 fauore
835 2203 1037 2260 populari
1058 2203 1219 2246 clarius
1239 2204 1483 2246 efferuntur
1504 2206 1549 2246 et
1575 2203 1787 2247 uidentur
1806 2218 1899 2248 esse

437 2274 686 2333 praecipua,
699 2287 811 2330 quae
828 2272 969 2329 magis
985 2272 1126 2315 ardua
1140 2276 1246 2315 sunt
1266 2272 1337 2315 uel
1354 2287 1466 2329 quae
1483 2272 1684 2329 pluribus
1698 2275 1897 2331 prosunt.

436 2345 493 2388 In
526 2343 596 2387 his
630 2346 779 2386 tamen
816 2342 943 2398 longe
977 2342 1220 2384 liberalitas
1254 2342 1491 2393 antecellit,
1526 2357 1638 2399 quae
1674 2346 1720 2386 et
1758 2342 1898 2386 animi
1917 2357 1963 2395 30

388 2422 419 2462 b
437 2412 786 2470 indignationem
837 2411 1029 2468 mitigat,
1077 2410 1405 2455 detrahentium
1456 2411 1631 2469 linguas
1679 2411 1901 2464 obtundit,

442 2586 455 2613 ι
485 2573 683 2623 potentiae
702 2573 741 2610 M
859 2584 900 2611 12
926 2585 1043 2619 caque
1062 2573 1102 2609 M
1223 2583 1265 2621 13
1290 2574 1464 2611 ducenda
1480 2574 1520 2611 M
1643 2575 1686 2614 18
1710 2574 1904 2614 nibai-rita.-

440 2623 478 2659 M
625 2624 669 2660 26
692 2620 855 2669 gratiae]
871 2621 1014 2668 gloriae
1034 2621 1085 2658 M·

487 2769 507 2806 7
534 2762 700 2796 intorem
717 2763 811 2797 cte:
837 2772 867 2814 tf.
888 2759 1047 2815 Quintil.
1064 2761 1235 2814 1net30r.
1255 2759 1308 2796 iii.
1326 2769 1346 2805 7
1365 2759 1383 2808 ξ
1402 2771 1458 2808 23.
1628 2770 1683 2806 12,
1704 2770 1744 2808 13
1769 2763 1906 2809 eritque

438 2810 600 2857 quociens
616 2810 711 2844 cta-..z
738 2819 767 2843 v.
787 2808 943 2852 Quintil.
962 2809 1051 2844 Inna.
1072 2811 1130 2844 Or.
1151 2807 1204 2844 iii.
1225 2817 1243 2853 7
1265 2807 1282 2850 Q
1304 2819 1358 2853 ²4-
1553 2817 1665 2855 13-15
1691 2810 1784 2856 quod
1808 2811 1905 2847 mim
1950 2811 1953 2814 ’

441 2856 582 2903 expedit
599 2857 669 2891 etc.
685 2866 693 2891 ι
720 2853 843 2893 Verba
861 2854 967 2892 uncia
983 2854 1130 2892 inclusa
1146 2847 1376 2900 Quintiliani
1394 2854 1476 2893 loco
1493 2855 1641 2893 addidit
1659 2855 1832 2894 Ioannes.

551 2936 613 2969 232
