<?xml version="1.0" encoding="UTF-8"?>
<!DOCTYPE html PUBLIC "-//W3C//DTD XHTML 1.0 Transitional//EN"
    "http://www.w3.org/TR/xhtml1/DTD/xhtml1-transitional.dtd">
<html xmlns="http://www.w3.org/1999/xhtml" xml:lang="en" lang="en">
 <head>
  <title>
</title>
<meta http-equiv="Content-Type" content="text/html;charset=utf-8" />
  <meta name='ocr-system' content='tesseract 3.04.00' />
  <meta name='ocr-capabilities' content='ocr_page ocr_carea ocr_par ocr_line ocrx_word'/>
</head>
<body>
  <div class='ocr_page' id='page_1' title='image "./policraticisived02john_0261.png"; bbox 0 0 1988 3250; ppageno 0'>
   <div class='ocr_carea' id='block_1_1' title="bbox 159 215 1762 276">
    <p class='ocr_par' dir='ltr' id='par_1_1' title="bbox 159 215 1762 276">
     <span class='ocr_line' id='line_1_1' title="bbox 159 215 1762 276; baseline 0 -13"><span class='ocrx_word' id='word_1_1' title='bbox 159 230 260 263; x_wconf 57' lang='lat' dir='ltr'><strong>oar.</strong></span> <span class='ocrx_word' id='word_1_2' title='bbox 273 216 344 276; x_wconf 79' lang='lat' dir='ltr'><strong>v1]</strong></span> <span class='ocrx_word' id='word_1_3' title='bbox 667 215 1068 262; x_wconf 83' lang='lat' dir='ltr'>POHCRATICV</span> <span class='ocrx_word' id='word_1_4' title='bbox 1071 217 1104 261; x_wconf 89' lang='lat' dir='ltr'>S</span> <span class='ocrx_word' id='word_1_5' title='bbox 1637 230 1716 272; x_wconf 76' lang='lat'><strong>7²3</strong></span> <span class='ocrx_word' id='word_1_6' title='bbox 1735 231 1762 263; x_wconf 82' lang='lat' dir='ltr'><strong>e</strong></span> 
     </span>
    </p>
   </div>
   <div class='ocr_carea' id='block_1_2' title="bbox 157 337 1621 536">
    <p class='ocr_par' dir='ltr' id='par_1_2' title="bbox 157 337 1621 536">
     <span class='ocr_line' id='line_1_2' title="bbox 159 337 1621 396; baseline 0.001 -14"><span class='ocrx_word' id='word_1_7' title='bbox 159 339 362 382; x_wconf 79' lang='lat' dir='ltr'><strong>luxuriae</strong></span> <span class='ocrx_word' id='word_1_8' title='bbox 390 340 573 381; x_wconf 83' lang='lat' dir='ltr'><strong>uastant</strong></span> <span class='ocrx_word' id='word_1_9' title='bbox 600 337 824 380; x_wconf 85' lang='lat' dir='ltr'><strong>incendiis.</strong></span> <span class='ocrx_word' id='word_1_10' title='bbox 883 337 1002 380; x_wconf 89' lang='lat' dir='ltr'><strong>Nam</strong></span> <span class='ocrx_word' id='word_1_11' title='bbox 1032 337 1090 380; x_wconf 85' lang='lat' dir='ltr'><strong>ab</strong></span> <span class='ocrx_word' id='word_1_12' title='bbox 1113 351 1164 380; x_wconf 88' lang='lat' dir='ltr'><strong>eo</strong></span> <span class='ocrx_word' id='word_1_13' title='bbox 1190 337 1366 381; x_wconf 88' lang='lat' dir='ltr'><strong>laudem</strong></span> <span class='ocrx_word' id='word_1_14' title='bbox 1391 342 1621 396; x_wconf 85' lang='lat' dir='ltr'><strong>appetunt,</strong></span> 
     </span>
     <span class='ocr_line' id='line_1_3' title="bbox 158 406 1620 467; baseline 0 -15"><span class='ocrx_word' id='word_1_15' title='bbox 158 411 205 452; x_wconf 90' lang='lat' dir='ltr'><strong>et</strong></span> <span class='ocrx_word' id='word_1_16' title='bbox 233 407 490 467; x_wconf 83' lang='lat' dir='ltr'><strong>plerumque</strong></span> <span class='ocrx_word' id='word_1_17' title='bbox 523 408 820 463; x_wconf 86' lang='lat' dir='ltr'><strong>assequuntur</strong></span> <span class='ocrx_word' id='word_1_18' title='bbox 853 406 1064 449; x_wconf 86' lang='lat' dir='ltr'>honorem</span> <span class='ocrx_word' id='word_1_19' title='bbox 1099 406 1217 449; x_wconf 88' lang='lat' dir='ltr'><strong>unde</strong></span> <span class='ocrx_word' id='word_1_20' title='bbox 1251 407 1436 463; x_wconf 87' lang='lat' dir='ltr'><strong>aequius</strong></span> <span class='ocrx_word' id='word_1_21' title='bbox 1470 407 1620 452; x_wconf 87' lang='lat' dir='ltr'><strong>fuerat</strong></span> 
     </span>
     <span class='ocr_line' id='line_1_4' title="bbox 157 476 965 536; baseline -0.004 -15"><span class='ocrx_word' id='word_1_22' title='bbox 157 477 444 536; x_wconf 84' lang='lat' dir='ltr'><strong>ignominiam</strong></span> <span class='ocrx_word' id='word_1_23' title='bbox 473 476 692 520; x_wconf 85' lang='lat' dir='ltr'><strong>sustinere</strong></span> <span class='ocrx_word' id='word_1_24' title='bbox 721 478 767 519; x_wconf 90' lang='lat' dir='ltr'><strong>et</strong></span> <span class='ocrx_word' id='word_1_25' title='bbox 795 490 965 532; x_wconf 88' lang='lat' dir='ltr'><strong>penam.</strong></span> 
     </span>
    </p>
   </div>
   <div class='ocr_carea' id='block_1_3' title="bbox 119 610 1621 951">
    <p class='ocr_par' dir='ltr' id='par_1_3' title="bbox 119 610 1621 951">
     <span class='ocr_line' id='line_1_5' title="bbox 157 610 1621 672; baseline -0.001 -12"><span class='ocrx_word' id='word_1_26' title='bbox 157 614 262 672; x_wconf 87' lang='lat' dir='ltr'><strong>Cap.</strong></span> <span class='ocrx_word' id='word_1_27' title='bbox 284 615 321 658; x_wconf 89' lang='lat'><strong>6.</strong></span> <span class='ocrx_word' id='word_1_28' title='bbox 379 613 443 657; x_wconf 85' lang='lat' dir='ltr'><strong>De</strong></span> <span class='ocrx_word' id='word_1_29' title='bbox 476 611 672 657; x_wconf 65' lang='lat' dir='ltr'><strong>bumaria</strong></span> <span class='ocrx_word' id='word_1_30' title='bbox 701 615 739 655; x_wconf 77' lang='lat' dir='ltr'><strong>et</strong></span> <span class='ocrx_word' id='word_1_31' title='bbox 769 610 966 655; x_wconf 75' lang='lat' dir='ltr'><strong>libidine</strong></span> <span class='ocrx_word' id='word_1_32' title='bbox 995 615 1035 655; x_wconf 78' lang='lat' dir='ltr'><strong>et</strong></span> <span class='ocrx_word' id='word_1_33' title='bbox 1064 610 1429 668; x_wconf 75' lang='lat' dir='ltr'><strong>quinquepertito</strong></span> <span class='ocrx_word' id='word_1_34' title='bbox 1461 614 1621 658; x_wconf 74' lang='lat' dir='ltr'><strong>mortis</strong></span> 
     </span>
     <span class='ocr_line' id='line_1_6' title="bbox 119 681 1619 741; baseline 0 -15"><span class='ocrx_word' id='word_1_35' title='bbox 119 705 140 741; x_wconf 69' lang='lat'><em>3</em></span> <span class='ocrx_word' id='word_1_36' title='bbox 267 683 480 734; x_wconf 74' lang='lat' dir='ltr'><strong>introitu,</strong></span> <span class='ocrx_word' id='word_1_37' title='bbox 514 686 553 726; x_wconf 79' lang='lat' dir='ltr'><strong>et</strong></span> <span class='ocrx_word' id='word_1_38' title='bbox 584 695 783 739; x_wconf 60' lang='lat' dir='ltr'><strong>quonam</strong></span> <span class='ocrx_word' id='word_1_39' title='bbox 814 695 1032 725; x_wconf 69' lang='lat' dir='ltr'><strong>semum</strong></span> <span class='ocrx_word' id='word_1_40' title='bbox 1061 681 1120 724; x_wconf 74' lang='lat' dir='ltr'><strong>sit</strong></span> <span class='ocrx_word' id='word_1_41' title='bbox 1149 682 1366 738; x_wconf 70' lang='lat' dir='ltr'><strong>‘uoluptas</strong></span> <span class='ocrx_word' id='word_1_42' title='bbox 1394 683 1619 739; x_wconf 71' lang='lat' dir='ltr'><strong>pernicio-</strong></span> 
     </span>
     <span class='ocr_line' id='line_1_7' title="bbox 270 751 1620 809; baseline -0.001 -12"><span class='ocrx_word' id='word_1_43' title='bbox 270 753 374 804; x_wconf 71' lang='lat' dir='ltr'><strong>sior,</strong></span> <span class='ocrx_word' id='word_1_44' title='bbox 394 757 432 797; x_wconf 78' lang='lat' dir='ltr'><strong>et</strong></span> <span class='ocrx_word' id='word_1_45' title='bbox 460 751 640 809; x_wconf 70' lang='lat' dir='ltr'><strong>tm’plici</strong></span> <span class='ocrx_word' id='word_1_46' title='bbox 662 765 820 809; x_wconf 64' lang='grc' dir='ltr'><strong>ρατιονε</strong></span> <span class='ocrx_word' id='word_1_47' title='bbox 846 751 1163 795; x_wconf 58' lang='lat' dir='ltr'><strong>conuiuarum</strong></span> <span class='ocrx_word' id='word_1_48' title='bbox 1182 752 1435 795; x_wconf 74' lang='lat' dir='ltr'><strong>secundum</strong></span> <span class='ocrx_word' id='word_1_49' title='bbox 1451 752 1620 796; x_wconf 77' lang='lat' dir='ltr'><strong>Portu·</strong></span> 
     </span>
     <span class='ocr_line' id='line_1_8' title="bbox 268 820 1619 878; baseline -0.001 -12"><span class='ocrx_word' id='word_1_50' title='bbox 268 822 486 873; x_wconf 65' lang='lat' dir='ltr'><strong>nicenum,</strong></span> <span class='ocrx_word' id='word_1_51' title='bbox 507 825 546 864; x_wconf 81' lang='lat' dir='ltr'><strong>et</strong></span> <span class='ocrx_word' id='word_1_52' title='bbox 560 820 768 878; x_wconf 73' lang='lat' dir='ltr'><strong>pernicie</strong></span> <span class='ocrx_word' id='word_1_53' title='bbox 787 820 921 877; x_wconf 81' lang='lat' dir='ltr'><strong>9ulae</strong></span> <span class='ocrx_word' id='word_1_54' title='bbox 935 838 954 871; x_wconf 87' lang='lat'><strong>,·</strong></span> <span class='ocrx_word' id='word_1_55' title='bbox 985 824 1024 864; x_wconf 83' lang='lat' dir='ltr'><strong>et</strong></span> <span class='ocrx_word' id='word_1_56' title='bbox 1043 820 1098 864; x_wconf 86' lang='lat' dir='ltr'><strong>de</strong></span> <span class='ocrx_word' id='word_1_57' title='bbox 1122 821 1342 864; x_wconf 72' lang='lat' dir='ltr'><strong>conuiuio</strong></span> <span class='ocrx_word' id='word_1_58' title='bbox 1362 820 1560 866; x_wconf 72' lang='lat' dir='ltr'><strong>Didonis</strong></span> <span class='ocrx_word' id='word_1_59' title='bbox 1579 826 1619 866; x_wconf 78' lang='lat' dir='ltr'><strong>et</strong></span> 
     </span>
     <span class='ocr_line' id='line_1_9' title="bbox 268 890 937 951; baseline -0.003 -15"><span class='ocrx_word' id='word_1_60' title='bbox 268 891 492 936; x_wconf 73' lang='lat' dir='ltr'><strong>Euandri</strong></span> <span class='ocrx_word' id='word_1_61' title='bbox 505 891 642 951; x_wconf 30' lang='lat' dir='ltr'><strong>‚apud</strong></span> <span class='ocrx_word' id='word_1_62' title='bbox 668 890 937 948; x_wconf 76' lang='lat' dir='ltr'><strong>Viryiliwm.</strong></span> 
     </span>
    </p>
   </div>
   <div class='ocr_carea' id='block_1_4' title="bbox 92 993 1666 1888">
    <p class='ocr_par' dir='ltr' id='par_1_4' title="bbox 213 993 1618 1052">
     <span class='ocr_line' id='line_1_10' title="bbox 213 993 1618 1052; baseline 0 -14"><span class='ocrx_word' id='word_1_63' title='bbox 213 994 408 1038; x_wconf 89' lang='lat' dir='ltr'><strong>Eatenus</strong></span> <span class='ocrx_word' id='word_1_64' title='bbox 428 994 516 1038; x_wconf 86' lang='lat' dir='ltr'><strong>iam</strong></span> <span class='ocrx_word' id='word_1_65' title='bbox 537 1008 679 1037; x_wconf 87' lang='lat' dir='ltr'><strong>sermo</strong></span> <span class='ocrx_word' id='word_1_66' title='bbox 706 993 918 1051; x_wconf 85' lang='lat' dir='ltr'><strong>processit</strong></span> <span class='ocrx_word' id='word_1_67' title='bbox 940 996 994 1036; x_wconf 90' lang='lat' dir='ltr'><strong>ut</strong></span> <span class='ocrx_word' id='word_1_68' title='bbox 1017 994 1098 1036; x_wconf 84' lang='lat' dir='ltr'><strong>aut</strong></span> <span class='ocrx_word' id='word_1_69' title='bbox 1124 993 1340 1036; x_wconf 87' lang='lat' dir='ltr'><strong>uirtutem</strong></span> <span class='ocrx_word' id='word_1_70' title='bbox 1364 998 1445 1038; x_wconf 87' lang='lat' dir='ltr'><strong>aut</strong></span> <span class='ocrx_word' id='word_1_71' title='bbox 1472 995 1618 1052; x_wconf 92' lang='lat' dir='ltr'><strong>publi-</strong></span> 
     </span>
    </p>

    <p class='ocr_par' dir='ltr' id='par_1_5' title="bbox 92 1063 1666 1888">
     <span class='ocr_line' id='line_1_11' title="bbox 98 1063 1666 1121; baseline 0.003 -18"><span class='ocrx_word' id='word_1_72' title='bbox 98 1077 140 1103; x_wconf 84' lang='lat'><strong>10</strong></span> <span class='ocrx_word' id='word_1_73' title='bbox 154 1078 250 1108; x_wconf 88' lang='lat' dir='ltr'><strong>cam</strong></span> <span class='ocrx_word' id='word_1_74' title='bbox 282 1063 375 1108; x_wconf 88' lang='lat' dir='ltr'><strong>fere</strong></span> <span class='ocrx_word' id='word_1_75' title='bbox 409 1063 658 1121; x_wconf 86' lang='lat' dir='ltr'><strong>opinionem</strong></span> <span class='ocrx_word' id='word_1_76' title='bbox 691 1065 894 1120; x_wconf 86' lang='lat' dir='ltr'><strong>oporteat</strong></span> <span class='ocrx_word' id='word_1_77' title='bbox 928 1063 1193 1120; x_wconf 88' lang='lat' dir='ltr'><strong>impugnari.</strong></span> <span class='ocrx_word' id='word_1_78' title='bbox 1255 1063 1467 1107; x_wconf 85' lang='lat' dir='ltr'><strong>Imminet</strong></span> <span class='ocrx_word' id='word_1_79' title='bbox 1500 1065 1618 1108; x_wconf 89' lang='lat' dir='ltr'><strong>enim</strong></span> <span class='ocrx_word' id='word_1_80' title='bbox 1636 1067 1666 1108; x_wconf 86' lang='lat' dir='ltr'><strong>d</strong></span> 
     </span>
     <span class='ocr_line' id='line_1_12' title="bbox 154 1132 1619 1190; baseline 0.001 -14"><span class='ocrx_word' id='word_1_81' title='bbox 154 1133 243 1176; x_wconf 87' lang='lat' dir='ltr'><strong>iam</strong></span> <span class='ocrx_word' id='word_1_82' title='bbox 281 1133 532 1177; x_wconf 75' lang='lat' dir='ltr'><strong>colluctatio</strong></span> <span class='ocrx_word' id='word_1_83' title='bbox 570 1132 783 1176; x_wconf 86' lang='lat' dir='ltr'><strong>aduersus</strong></span> <span class='ocrx_word' id='word_1_84' title='bbox 821 1147 997 1175; x_wconf 88' lang='lat' dir='ltr'><strong>carnem</strong></span> <span class='ocrx_word' id='word_1_85' title='bbox 1038 1135 1084 1175; x_wconf 91' lang='lat' dir='ltr'><strong>et</strong></span> <span class='ocrx_word' id='word_1_86' title='bbox 1117 1132 1392 1190; x_wconf 85' lang='lat' dir='ltr'><strong>sanguinem,</strong></span> <span class='ocrx_word' id='word_1_87' title='bbox 1424 1137 1470 1177; x_wconf 92' lang='lat' dir='ltr'><strong>et</strong></span> <span class='ocrx_word' id='word_1_88' title='bbox 1501 1133 1619 1178; x_wconf 83' lang='lat' dir='ltr'><strong>fores</strong></span> 
     </span>
     <span class='ocr_line' id='line_1_13' title="bbox 153 1201 1619 1259; baseline 0.001 -13"><span class='ocrx_word' id='word_1_89' title='bbox 153 1202 356 1246; x_wconf 90' lang='lat' dir='ltr'><strong>uidemur</strong></span> <span class='ocrx_word' id='word_1_90' title='bbox 375 1201 631 1245; x_wconf 73' lang='lat' dir='ltr'><strong>liberalitati</strong></span> <span class='ocrx_word' id='word_1_91' title='bbox 652 1201 934 1259; x_wconf 81' lang='lat' dir='ltr'><strong>praecludere</strong></span> <span class='ocrx_word' id='word_1_92' title='bbox 955 1204 1000 1244; x_wconf 88' lang='lat' dir='ltr'><strong>et</strong></span> <span class='ocrx_word' id='word_1_93' title='bbox 1020 1201 1339 1245; x_wconf 88' lang='lat' dir='ltr'><strong>iocunditatem</strong></span> <span class='ocrx_word' id='word_1_94' title='bbox 1363 1203 1541 1247; x_wconf 83' lang='lat' dir='ltr'><strong>auferre</strong></span> <span class='ocrx_word' id='word_1_95' title='bbox 1564 1204 1619 1248; x_wconf 87' lang='lat' dir='ltr'><strong>de</strong></span> 
     </span>
     <span class='ocr_line' id='line_1_14' title="bbox 152 1269 1618 1329; baseline 0.001 -15"><span class='ocrx_word' id='word_1_96' title='bbox 152 1271 260 1322; x_wconf 87' lang='lat' dir='ltr'><strong>uita,</strong></span> <span class='ocrx_word' id='word_1_97' title='bbox 279 1286 378 1315; x_wconf 91' lang='lat' dir='ltr'><strong>cum</strong></span> <span class='ocrx_word' id='word_1_98' title='bbox 408 1271 608 1329; x_wconf 88' lang='lat' dir='ltr'><strong>geminae</strong></span> <span class='ocrx_word' id='word_1_99' title='bbox 635 1271 732 1314; x_wconf 87' lang='lat' dir='ltr'><strong>uias</strong></span> <span class='ocrx_word' id='word_1_100' title='bbox 762 1269 977 1322; x_wconf 87' lang='lat' dir='ltr'><strong>luxuriae,</strong></span> <span class='ocrx_word' id='word_1_101' title='bbox 1006 1271 1234 1328; x_wconf 81' lang='lat' dir='ltr'><strong>Epicureis</strong></span> <span class='ocrx_word' id='word_1_102' title='bbox 1263 1272 1618 1324; x_wconf 86' lang='lat' dir='ltr'><strong>reclamantibus,</strong></span> 
     </span>
     <span class='ocr_line' id='line_1_15' title="bbox 153 1340 1620 1393; baseline 0.002 -9"><span class='ocrx_word' id='word_1_103' title='bbox 153 1343 412 1384; x_wconf 84' lang='lat' dir='ltr'><strong>coartamus.</strong></span> <span class='ocrx_word' id='word_1_104' title='bbox 474 1340 555 1384; x_wconf 85' lang='lat' dir='ltr'><strong>Est</strong></span> <span class='ocrx_word' id='word_1_105' title='bbox 589 1340 706 1384; x_wconf 91' lang='lat' dir='ltr'><strong>enim</strong></span> <span class='ocrx_word' id='word_1_106' title='bbox 741 1340 966 1391; x_wconf 88' lang='lat' dir='ltr'><strong>blandum,</strong></span> <span class='ocrx_word' id='word_1_107' title='bbox 997 1344 1050 1384; x_wconf 94' lang='lat' dir='ltr'><strong>ut</strong></span> <span class='ocrx_word' id='word_1_108' title='bbox 1085 1341 1151 1384; x_wconf 90' lang='lat' dir='ltr'><strong>ait</strong></span> <span class='ocrx_word' id='word_1_109' title='bbox 1187 1341 1403 1393; x_wconf 87' lang='lat' dir='ltr'><strong>Valerius,</strong></span> <span class='ocrx_word' id='word_1_110' title='bbox 1439 1343 1620 1387; x_wconf 81' lang='lat' dir='ltr'><strong>luxuria</strong></span> 
     </span>
     <span class='ocr_line' id='line_1_16' title="bbox 94 1410 1617 1468; baseline 0.003 -16"><span class='ocrx_word' id='word_1_111' title='bbox 94 1421 134 1458; x_wconf 78' lang='lat'><strong>¹5</strong></span> <span class='ocrx_word' id='word_1_112' title='bbox 153 1410 318 1453; x_wconf 87' lang='lat' dir='ltr'><strong>malum</strong></span> <span class='ocrx_word' id='word_1_113' title='bbox 345 1425 476 1468; x_wconf 87' lang='lat' dir='ltr'><strong>quam</strong></span> <span class='ocrx_word' id='word_1_114' title='bbox 504 1424 706 1454; x_wconf 85' lang='lat' dir='ltr'><strong>accusare</strong></span> <span class='ocrx_word' id='word_1_115' title='bbox 736 1410 965 1467; x_wconf 84' lang='lat' dir='ltr'><strong>aliquanto</strong></span> <span class='ocrx_word' id='word_1_116' title='bbox 995 1410 1171 1454; x_wconf 81' lang='lat' dir='ltr'><strong>facilius</strong></span> <span class='ocrx_word' id='word_1_117' title='bbox 1201 1414 1268 1454; x_wconf 88' lang='lat' dir='ltr'><strong>est</strong></span> <span class='ocrx_word' id='word_1_118' title='bbox 1298 1426 1431 1468; x_wconf 87' lang='lat' dir='ltr'><strong>quam</strong></span> <span class='ocrx_word' id='word_1_119' title='bbox 1462 1413 1617 1456; x_wconf 86' lang='lat' dir='ltr'><strong>uitare.</strong></span> 
     </span>
     <span class='ocr_line' id='line_1_17' title="bbox 153 1479 1618 1539; baseline 0.002 -17"><span class='ocrx_word' id='word_1_120' title='bbox 153 1479 270 1523; x_wconf 89' lang='lat' dir='ltr'><strong>Nam</strong></span> <span class='ocrx_word' id='word_1_121' title='bbox 290 1482 335 1523; x_wconf 92' lang='lat' dir='ltr'><strong>et</strong></span> <span class='ocrx_word' id='word_1_122' title='bbox 354 1479 573 1530; x_wconf 89' lang='lat' dir='ltr'><strong>uolumen,</strong></span> <span class='ocrx_word' id='word_1_123' title='bbox 594 1479 710 1537; x_wconf 89' lang='lat' dir='ltr'><strong>quod</strong></span> <span class='ocrx_word' id='word_1_124' title='bbox 738 1480 955 1538; x_wconf 89' lang='lat' dir='ltr'><strong>propheta</strong></span> <span class='ocrx_word' id='word_1_125' title='bbox 983 1494 1140 1524; x_wconf 86' lang='lat' dir='ltr'><strong>uorare</strong></span> <span class='ocrx_word' id='word_1_126' title='bbox 1167 1482 1450 1539; x_wconf 86' lang='lat' dir='ltr'><strong>praecipitur,</strong></span> <span class='ocrx_word' id='word_1_127' title='bbox 1471 1482 1516 1524; x_wconf 93' lang='lat' dir='ltr'><strong>in</strong></span> <span class='ocrx_word' id='word_1_128' title='bbox 1542 1497 1618 1526; x_wconf 56' lang='lat' dir='ltr'><strong>ore</strong></span> 
     </span>
     <span class='ocr_line' id='line_1_18' title="bbox 151 1547 1619 1609; baseline 0.003 -18"><span class='ocrx_word' id='word_1_129' title='bbox 151 1547 327 1605; x_wconf 91' lang='lat' dir='ltr'><strong>quidem</strong></span> <span class='ocrx_word' id='word_1_130' title='bbox 357 1548 566 1592; x_wconf 79' lang='lat' dir='ltr'><strong>dulcescit</strong></span> <span class='ocrx_word' id='word_1_131' title='bbox 596 1552 648 1592; x_wconf 91' lang='lat' dir='ltr'><strong>ut</strong></span> <span class='ocrx_word' id='word_1_132' title='bbox 675 1549 773 1600; x_wconf 90' lang='lat' dir='ltr'><strong>mel,</strong></span> <span class='ocrx_word' id='word_1_133' title='bbox 801 1549 877 1592; x_wconf 86' lang='lat' dir='ltr'><strong>sed</strong></span> <span class='ocrx_word' id='word_1_134' title='bbox 908 1550 1177 1594; x_wconf 87' lang='lat' dir='ltr'><strong>amaricatur</strong></span> <span class='ocrx_word' id='word_1_135' title='bbox 1204 1553 1363 1594; x_wconf 88' lang='lat' dir='ltr'><strong>uenter</strong></span> <span class='ocrx_word' id='word_1_136' title='bbox 1391 1566 1491 1595; x_wconf 91' lang='lat' dir='ltr'><strong>cum</strong></span> <span class='ocrx_word' id='word_1_137' title='bbox 1522 1552 1619 1609; x_wconf 89' lang='lat' dir='ltr'><strong>ipsa</strong></span> 
     </span>
     <span class='ocr_line' id='line_1_19' title="bbox 150 1617 1618 1678; baseline 0.002 -17"><span class='ocrx_word' id='word_1_138' title='bbox 150 1617 333 1662; x_wconf 91' lang='lat' dir='ltr'><strong>dulcedo</strong></span> <span class='ocrx_word' id='word_1_139' title='bbox 371 1618 607 1662; x_wconf 85' lang='lat' dir='ltr'><strong>uerborum</strong></span> <span class='ocrx_word' id='word_1_140' title='bbox 647 1618 888 1677; x_wconf 87' lang='lat' dir='ltr'><strong>digerenda</strong></span> <span class='ocrx_word' id='word_1_141' title='bbox 922 1622 990 1662; x_wconf 88' lang='lat' dir='ltr'><strong>est</strong></span> <span class='ocrx_word' id='word_1_142' title='bbox 1022 1619 1068 1662; x_wconf 92' lang='lat' dir='ltr'><strong>in</strong></span> <span class='ocrx_word' id='word_1_143' title='bbox 1104 1634 1234 1662; x_wconf 91' lang='lat' dir='ltr'><strong>usum</strong></span> <span class='ocrx_word' id='word_1_144' title='bbox 1269 1635 1463 1678; x_wconf 87' lang='lat' dir='ltr'><strong>operum.</strong></span> <span class='ocrx_word' id='word_1_145' title='bbox 1536 1622 1618 1664; x_wconf 87' lang='lat' dir='ltr'><strong>Est</strong></span> 
     </span>
     <span class='ocr_line' id='line_1_20' title="bbox 151 1687 1617 1748; baseline 0.003 -18"><span class='ocrx_word' id='word_1_146' title='bbox 151 1689 299 1730; x_wconf 87' lang='lat' dir='ltr'><strong>autem</strong></span> <span class='ocrx_word' id='word_1_147' title='bbox 327 1687 465 1731; x_wconf 89' lang='lat' dir='ltr'><strong>libido</strong></span> <span class='ocrx_word' id='word_1_148' title='bbox 494 1691 682 1745; x_wconf 84' lang='lat' dir='ltr'><strong>cognata</strong></span> <span class='ocrx_word' id='word_1_149' title='bbox 711 1691 756 1731; x_wconf 91' lang='lat' dir='ltr'><strong>et</strong></span> <span class='ocrx_word' id='word_1_150' title='bbox 782 1689 1018 1732; x_wconf 91' lang='lat' dir='ltr'><strong>coniuncta</strong></span> <span class='ocrx_word' id='word_1_151' title='bbox 1044 1689 1259 1740; x_wconf 77' lang='lat' dir='ltr'><strong>luxuriae,</strong></span> <span class='ocrx_word' id='word_1_152' title='bbox 1286 1690 1413 1734; x_wconf 89' lang='lat' dir='ltr'><strong>cuius</strong></span> <span class='ocrx_word' id='word_1_153' title='bbox 1438 1691 1617 1748; x_wconf 83' lang='lat' dir='ltr'><strong>sequela</strong></span> 
     </span>
     <span class='ocr_line' id='line_1_21' title="bbox 92 1755 1615 1818; baseline 0.003 -19"><span class='ocrx_word' id='word_1_154' title='bbox 92 1769 135 1794; x_wconf 66' lang='grc' dir='ltr'><strong>το</strong></span> <span class='ocrx_word' id='word_1_155' title='bbox 150 1755 442 1808; x_wconf 85' lang='lat' dir='ltr'><strong>immunditia,</strong></span> <span class='ocrx_word' id='word_1_156' title='bbox 462 1757 564 1800; x_wconf 89' lang='lat' dir='ltr'><strong>finis</strong></span> <span class='ocrx_word' id='word_1_157' title='bbox 583 1757 864 1801; x_wconf 88' lang='lat' dir='ltr'><strong>indubitatus</strong></span> <span class='ocrx_word' id='word_1_158' title='bbox 884 1758 1086 1802; x_wconf 84' lang='lat' dir='ltr'><strong>confusio</strong></span> <span class='ocrx_word' id='word_1_159' title='bbox 1112 1762 1190 1802; x_wconf 87' lang='lat' dir='ltr'><strong>est.</strong></span> <span class='ocrx_word' id='word_1_160' title='bbox 1252 1759 1490 1804; x_wconf 90' lang='lat' dir='ltr'><strong>Praecedat</strong></span> <span class='ocrx_word' id='word_1_161' title='bbox 1510 1776 1615 1818; x_wconf 89' lang='lat' dir='ltr'><strong>ergo</strong></span> 
     </span>
     <span class='ocr_line' id='line_1_22' title="bbox 149 1827 1617 1888; baseline 0.003 -19"><span class='ocrx_word' id='word_1_162' title='bbox 149 1839 346 1870; x_wconf 86' lang='lat' dir='ltr'><strong>sermone</strong></span> <span class='ocrx_word' id='word_1_163' title='bbox 367 1841 478 1884; x_wconf 90' lang='lat' dir='ltr'><strong>quae</strong></span> <span class='ocrx_word' id='word_1_164' title='bbox 498 1827 667 1885; x_wconf 87' lang='lat' dir='ltr'><strong>origine</strong></span> <span class='ocrx_word' id='word_1_165' title='bbox 694 1831 740 1870; x_wconf 93' lang='lat' dir='ltr'><strong>et</strong></span> <span class='ocrx_word' id='word_1_166' title='bbox 762 1842 895 1871; x_wconf 89' lang='lat' dir='ltr'><strong>causa</strong></span> <span class='ocrx_word' id='word_1_167' title='bbox 925 1828 1047 1885; x_wconf 88' lang='lat' dir='ltr'><strong>prior</strong></span> <span class='ocrx_word' id='word_1_168' title='bbox 1074 1831 1151 1872; x_wconf 89' lang='lat' dir='ltr'><strong>est.</strong></span> <span class='ocrx_word' id='word_1_169' title='bbox 1212 1829 1336 1873; x_wconf 89' lang='lat' dir='ltr'><strong>Licet</strong></span> <span class='ocrx_word' id='word_1_170' title='bbox 1363 1834 1512 1873; x_wconf 87' lang='lat' dir='ltr'><strong>autem</strong></span> <span class='ocrx_word' id='word_1_171' title='bbox 1537 1846 1617 1888; x_wconf 91' lang='lat' dir='ltr'><strong>per</strong></span> 
     </span>
    </p>
   </div>
   <div class='ocr_carea' id='block_1_5' title="bbox 149 1894 1761 1956">
    <p class='ocr_par' dir='ltr' id='par_1_6' title="bbox 149 1894 1761 1956">
     <span class='ocr_line' id='line_1_23' title="bbox 149 1894 1761 1956; baseline 0.006 -19"><span class='ocrx_word' id='word_1_172' title='bbox 149 1894 342 1952; x_wconf 90' lang='lat' dir='ltr'><strong>quinque</strong></span> <span class='ocrx_word' id='word_1_173' title='bbox 372 1910 579 1939; x_wconf 84' lang='lat' dir='ltr'><strong>sensuum</strong></span> <span class='ocrx_word' id='word_1_174' title='bbox 609 1900 760 1954; x_wconf 84' lang='lat' dir='ltr'><strong>portas</strong></span> <span class='ocrx_word' id='word_1_175' title='bbox 795 1897 1012 1940; x_wconf 84' lang='lat' dir='ltr'><strong>lenocinia</strong></span> <span class='ocrx_word' id='word_1_176' title='bbox 1042 1898 1175 1941; x_wconf 86' lang='lat' dir='ltr'><strong>luxus</strong></span> <span class='ocrx_word' id='word_1_177' title='bbox 1203 1913 1342 1956; x_wconf 85' lang='lat' dir='ltr'><strong>aeque</strong></span> <span class='ocrx_word' id='word_1_178' title='bbox 1376 1899 1614 1952; x_wconf 86' lang='lat' dir='ltr'><strong>introeant,</strong></span> <span class='ocrx_word' id='word_1_179' title='bbox 1631 1914 1710 1954; x_wconf 82' lang='lat'><strong>724</strong></span> <span class='ocrx_word' id='word_1_180' title='bbox 1731 1915 1761 1947; x_wconf 75' lang='lat' dir='ltr'>a</span> 
     </span>
    </p>
   </div>
   <div class='ocr_carea' id='block_1_6' title="bbox 90 1963 1614 2234">
    <p class='ocr_par' dir='ltr' id='par_1_7' title="bbox 90 1963 1614 2234">
     <span class='ocr_line' id='line_1_24' title="bbox 149 1963 1614 2024; baseline 0.005 -18"><span class='ocrx_word' id='word_1_181' title='bbox 149 1963 355 2022; x_wconf 88' lang='lat' dir='ltr'><strong>uoluptas</strong></span> <span class='ocrx_word' id='word_1_182' title='bbox 381 1965 554 2008; x_wconf 88' lang='lat' dir='ltr'><strong>aurium</strong></span> <span class='ocrx_word' id='word_1_183' title='bbox 585 1966 642 2009; x_wconf 87' lang='lat' dir='ltr'><strong>ad</strong></span> <span class='ocrx_word' id='word_1_184' title='bbox 669 1966 936 2010; x_wconf 87' lang='lat' dir='ltr'><strong>munditiam</strong></span> <span class='ocrx_word' id='word_1_185' title='bbox 957 1967 1100 2024; x_wconf 85' lang='lat' dir='ltr'><strong>magis</strong></span> <span class='ocrx_word' id='word_1_186' title='bbox 1123 1967 1304 2011; x_wconf 87' lang='lat' dir='ltr'><strong>uidetur</strong></span> <span class='ocrx_word' id='word_1_187' title='bbox 1331 1969 1547 2020; x_wconf 86' lang='lat' dir='ltr'><strong>accedere,</strong></span> <span class='ocrx_word' id='word_1_188' title='bbox 1568 1974 1614 2013; x_wconf 92' lang='lat' dir='ltr'><strong>et</strong></span> 
     </span>
     <span class='ocr_line' id='line_1_25' title="bbox 151 2034 1613 2093; baseline 0.004 -17"><span class='ocrx_word' id='word_1_189' title='bbox 151 2046 262 2090; x_wconf 87' lang='lat' dir='ltr'><strong>quae</strong></span> <span class='ocrx_word' id='word_1_190' title='bbox 282 2047 338 2076; x_wconf 88' lang='lat' dir='ltr'><strong>ex</strong></span> <span class='ocrx_word' id='word_1_191' title='bbox 357 2037 492 2091; x_wconf 87' lang='lat' dir='ltr'><strong>gustu</strong></span> <span class='ocrx_word' id='word_1_192' title='bbox 511 2034 583 2077; x_wconf 93' lang='lat' dir='ltr'><strong>uel</strong></span> <span class='ocrx_word' id='word_1_193' title='bbox 603 2037 728 2078; x_wconf 86' lang='lat' dir='ltr'><strong>tactu</strong></span> <span class='ocrx_word' id='word_1_194' title='bbox 747 2036 954 2093; x_wconf 89' lang='lat' dir='ltr'><strong>prouenit</strong></span> <span class='ocrx_word' id='word_1_195' title='bbox 973 2037 1192 2080; x_wconf 87' lang='lat' dir='ltr'><strong>sordidior</strong></span> <span class='ocrx_word' id='word_1_196' title='bbox 1211 2042 1290 2089; x_wconf 87' lang='lat' dir='ltr'><strong>est,</strong></span> <span class='ocrx_word' id='word_1_197' title='bbox 1311 2042 1357 2081; x_wconf 89' lang='lat' dir='ltr'><strong>et</strong></span> <span class='ocrx_word' id='word_1_198' title='bbox 1377 2038 1613 2082; x_wconf 82' lang='lat' dir='ltr'><strong>olfaciendi</strong></span> 
     </span>
     <span class='ocr_line' id='line_1_26' title="bbox 90 2101 1613 2166; baseline 0.003 -19"><span class='ocrx_word' id='word_1_199' title='bbox 90 2111 132 2147; x_wconf 79' lang='lat'><strong>²5</strong></span> <span class='ocrx_word' id='word_1_200' title='bbox 151 2103 196 2144; x_wconf 89' lang='lat' dir='ltr'><strong>et</strong></span> <span class='ocrx_word' id='word_1_201' title='bbox 229 2101 410 2145; x_wconf 89' lang='lat' dir='ltr'><strong>uidendi</strong></span> <span class='ocrx_word' id='word_1_202' title='bbox 444 2102 676 2147; x_wconf 86' lang='lat' dir='ltr'><strong>delectatio</strong></span> <span class='ocrx_word' id='word_1_203' title='bbox 708 2105 902 2148; x_wconf 90' lang='lat' dir='ltr'><strong>medium</strong></span> <span class='ocrx_word' id='word_1_204' title='bbox 938 2105 1081 2149; x_wconf 90' lang='lat' dir='ltr'><strong>locum</strong></span> <span class='ocrx_word' id='word_1_205' title='bbox 1118 2110 1250 2150; x_wconf 88' lang='lat' dir='ltr'><strong>tenet.</strong></span> <span class='ocrx_word' id='word_1_206' title='bbox 1319 2108 1438 2151; x_wconf 90' lang='lat' dir='ltr'><strong>Nam</strong></span> <span class='ocrx_word' id='word_1_207' title='bbox 1470 2123 1613 2166; x_wconf 91' lang='lat' dir='ltr'><strong>neque</strong></span> 
     </span>
     <span class='ocr_line' id='line_1_27' title="bbox 149 2169 1614 2234; baseline 0.006 -22"><span class='ocrx_word' id='word_1_208' title='bbox 149 2169 258 2214; x_wconf 83' lang='lat' dir='ltr'><strong>satis</strong></span> <span class='ocrx_word' id='word_1_209' title='bbox 277 2170 501 2214; x_wconf 88' lang='lat' dir='ltr'><strong>interdum</strong></span> <span class='ocrx_word' id='word_1_210' title='bbox 520 2172 655 2216; x_wconf 88' lang='lat' dir='ltr'><strong>habet</strong></span> <span class='ocrx_word' id='word_1_211' title='bbox 675 2174 922 2218; x_wconf 86' lang='lat' dir='ltr'><strong>munditiae</strong></span> <span class='ocrx_word' id='word_1_212' title='bbox 942 2190 1021 2219; x_wconf 90' lang='lat' dir='ltr'><strong>nec</strong></span> <span class='ocrx_word' id='word_1_213' title='bbox 1046 2175 1103 2219; x_wconf 84' lang='lat' dir='ltr'><strong>ad</strong></span> <span class='ocrx_word' id='word_1_214' title='bbox 1128 2176 1278 2219; x_wconf 85' lang='lat' dir='ltr'><strong>sordes</strong></span> <span class='ocrx_word' id='word_1_215' title='bbox 1297 2178 1614 2234; x_wconf 86' lang='lat' dir='ltr'><strong>perniciosissi-</strong></span> 
     </span>
    </p>
   </div>
   <div class='ocr_carea' id='block_1_7' title="bbox 147 2301 1612 2446">
    <p class='ocr_par' dir='ltr' id='par_1_8' title="bbox 147 2301 1612 2446">
     <span class='ocr_line' id='line_1_28' title="bbox 148 2301 1610 2347; baseline 0.005 -11"><span class='ocrx_word' id='word_1_216' title='bbox 148 2310 170 2337; x_wconf 86' lang='lat'>2</span> <span class='ocrx_word' id='word_1_217' title='bbox 195 2302 418 2347; x_wconf 72' lang='lat' dir='ltr'><strong>assequatur</strong></span> <span class='ocrx_word' id='word_1_218' title='bbox 433 2301 486 2338; x_wconf 87' lang='lat' dir='ltr'><strong>A:</strong></span> <span class='ocrx_word' id='word_1_219' title='bbox 510 2306 729 2341; x_wconf 82' lang='lat' dir='ltr'><strong>assecuntur</strong></span> <span class='ocrx_word' id='word_1_220' title='bbox 746 2303 811 2340; x_wconf 83' lang='lat' dir='ltr'><strong>SM</strong></span> <span class='ocrx_word' id='word_1_221' title='bbox 1006 2307 1029 2343; x_wconf 96' lang='lat'><strong>6</strong></span> <span class='ocrx_word' id='word_1_222' title='bbox 1054 2307 1319 2344; x_wconf 85' lang='lat' dir='ltr'><strong>conuiuiorum</strong></span> <span class='ocrx_word' id='word_1_223' title='bbox 1336 2306 1392 2344; x_wconf 85' lang='lat' dir='ltr'><strong>CS</strong></span> <span class='ocrx_word' id='word_1_224' title='bbox 1409 2310 1450 2344; x_wconf 74' lang='lat' dir='ltr'><strong>in</strong></span> <span class='ocrx_word' id='word_1_225' title='bbox 1467 2310 1586 2345; x_wconf 74' lang='lat' dir='ltr'><strong>indice</strong></span> <span class='ocrx_word' id='word_1_226' title='bbox 1601 2320 1610 2344; x_wconf 92' lang='lat'>:</span> 
     </span>
     <span class='ocr_line' id='line_1_29' title="bbox 148 2347 1612 2402; baseline 0.008 -19"><span class='ocrx_word' id='word_1_227' title='bbox 148 2347 395 2385; x_wconf 73' lang='lat' dir='ltr'><strong>conuitiorum</strong></span> <span class='ocrx_word' id='word_1_228' title='bbox 412 2348 470 2385; x_wconf 88' lang='lat' dir='ltr'><strong>BS</strong></span> <span class='ocrx_word' id='word_1_229' title='bbox 488 2352 528 2386; x_wconf 77' lang='lat' dir='ltr'><strong>in</strong></span> <span class='ocrx_word' id='word_1_230' title='bbox 544 2353 690 2388; x_wconf 77' lang='lat' dir='ltr'><strong>rubrica</strong></span> <span class='ocrx_word' id='word_1_231' title='bbox 706 2365 746 2388; x_wconf 83' lang='lat' dir='ltr'><strong>ca</strong></span> <span class='ocrx_word' id='word_1_232' title='bbox 770 2381 783 2394; x_wconf 61' lang='grc'><strong>,.</strong></span> <span class='ocrx_word' id='word_1_233' title='bbox 794 2354 915 2399; x_wconf 80' lang='lat' dir='ltr'><strong>praes.</strong></span> <span class='ocrx_word' id='word_1_234' title='bbox 1084 2365 1126 2392; x_wconf 90' lang='lat'><strong>12</strong></span> <span class='ocrx_word' id='word_1_235' title='bbox 1151 2356 1372 2402; x_wconf 85' lang='lat' dir='ltr'><strong>precludere</strong></span> <span class='ocrx_word' id='word_1_236' title='bbox 1389 2356 1612 2394; x_wconf 83' lang='lat' dir='ltr'><strong>liberalitati</strong></span> 
     </span>
     <span class='ocr_line' id='line_1_30' title="bbox 147 2393 903 2446; baseline 0.009 -16"><span class='ocrx_word' id='word_1_237' title='bbox 147 2393 194 2430; x_wconf 84' lang='lat' dir='ltr'><strong>A¹</strong></span> <span class='ocrx_word' id='word_1_238' title='bbox 335 2405 379 2441; x_wconf 87' lang='lat'><strong>23</strong></span> <span class='ocrx_word' id='word_1_239' title='bbox 403 2397 643 2446; x_wconf 82' lang='lat' dir='ltr'><strong>munditiam]</strong></span> <span class='ocrx_word' id='word_1_240' title='bbox 660 2399 743 2436; x_wconf 89' lang='lat' dir='ltr'><strong>inui</strong></span> <span class='ocrx_word' id='word_1_241' title='bbox 769 2399 846 2437; x_wconf 87' lang='lat' dir='ltr'><strong>iam</strong></span> <span class='ocrx_word' id='word_1_242' title='bbox 864 2400 903 2436; x_wconf 80' lang='lat' dir='ltr'><strong>M</strong></span> 
     </span>
    </p>
   </div>
   <div class='ocr_carea' id='block_1_8' title="bbox 143 2525 1613 2904">
    <p class='ocr_par' dir='ltr' id='par_1_9' title="bbox 143 2525 1613 2904">
     <span class='ocr_line' id='line_1_31' title="bbox 198 2525 1611 2586; baseline 0.008 -27"><span class='ocrx_word' id='word_1_243' title='bbox 198 2533 236 2560; x_wconf 91' lang='lat'><strong>11</strong></span> <span class='ocrx_word' id='word_1_244' title='bbox 265 2525 463 2562; x_wconf 77' lang='lat' dir='ltr'><strong>colluctatio</strong></span> <span class='ocrx_word' id='word_1_245' title='bbox 480 2529 654 2565; x_wconf 70' lang='lat' dir='ltr'><strong>aduersus</strong></span> <span class='ocrx_word' id='word_1_246' title='bbox 668 2541 812 2565; x_wconf 80' lang='lat' dir='ltr'><strong>carnem</strong></span> <span class='ocrx_word' id='word_1_247' title='bbox 828 2534 860 2565; x_wconf 78' lang='lat' dir='ltr'><strong>et</strong></span> <span class='ocrx_word' id='word_1_248' title='bbox 875 2532 1107 2576; x_wconf 70' lang='lat' dir='ltr'><strong>sanquinem:</strong></span> <span class='ocrx_word' id='word_1_249' title='bbox 1133 2530 1232 2586; x_wconf 79' lang='lat' dir='ltr'><strong>Eph.</strong></span> <span class='ocrx_word' id='word_1_250' title='bbox 1250 2532 1297 2569; x_wconf 82' lang='lat' dir='ltr'><strong>vi.</strong></span> <span class='ocrx_word' id='word_1_251' title='bbox 1318 2543 1373 2570; x_wconf 89' lang='lat'><strong>12.</strong></span> <span class='ocrx_word' id='word_1_252' title='bbox 1569 2544 1611 2580; x_wconf 88' lang='lat'><strong>13</strong></span> 
     </span>
     <span class='ocr_line' id='line_1_32' title="bbox 144 2573 1610 2624; baseline 0.009 -19"><span class='ocrx_word' id='word_1_253' title='bbox 144 2573 307 2616; x_wconf 68' lang='lat' dir='ltr'><strong>yeminae</strong></span> <span class='ocrx_word' id='word_1_254' title='bbox 332 2574 415 2608; x_wconf 78' lang='lat' dir='ltr'><strong>uias</strong></span> <span class='ocrx_word' id='word_1_255' title='bbox 440 2575 628 2611; x_wconf 76' lang='lat' dir='ltr'><strong>luxuriae:</strong></span> <span class='ocrx_word' id='word_1_256' title='bbox 664 2575 690 2612; x_wconf 91' lang='lat' dir='ltr'><strong>i.</strong></span> <span class='ocrx_word' id='word_1_257' title='bbox 706 2587 737 2613; x_wconf 90' lang='lat' dir='ltr'><strong>e.</strong></span> <span class='ocrx_word' id='word_1_258' title='bbox 762 2576 935 2613; x_wconf 87' lang='lat' dir='ltr'><strong>luxuriae</strong></span> <span class='ocrx_word' id='word_1_259' title='bbox 965 2579 1116 2624; x_wconf 86' lang='lat' dir='ltr'><strong>proprie</strong></span> <span class='ocrx_word' id='word_1_260' title='bbox 1143 2579 1268 2617; x_wconf 75' lang='lat' dir='ltr'><strong>dictae</strong></span> <span class='ocrx_word' id='word_1_261' title='bbox 1295 2583 1335 2617; x_wconf 88' lang='lat' dir='ltr'><strong>et</strong></span> <span class='ocrx_word' id='word_1_262' title='bbox 1359 2580 1551 2624; x_wconf 83' lang='lat' dir='ltr'><strong>libidinis;</strong></span> <span class='ocrx_word' id='word_1_263' title='bbox 1576 2594 1610 2618; x_wconf 87' lang='lat' dir='ltr'><strong>v.</strong></span> 
     </span>
     <span class='ocr_line' id='line_1_33' title="bbox 147 2617 1608 2668; baseline 0.008 -15"><span class='ocrx_word' id='word_1_264' title='bbox 147 2617 228 2654; x_wconf 88' lang='lat' dir='ltr'><strong>Val.</strong></span> <span class='ocrx_word' id='word_1_265' title='bbox 247 2618 346 2655; x_wconf 83' lang='lat' dir='ltr'><strong>Max.</strong></span> <span class='ocrx_word' id='word_1_266' title='bbox 365 2618 436 2656; x_wconf 89' lang='lat' dir='ltr'><strong>loc.</strong></span> <span class='ocrx_word' id='word_1_267' title='bbox 454 2619 553 2658; x_wconf 78' lang='lat' dir='ltr'><strong>infra.</strong></span> <span class='ocrx_word' id='word_1_268' title='bbox 569 2621 634 2659; x_wconf 91' lang='lat' dir='ltr'><strong>cit.</strong></span> <span class='ocrx_word' id='word_1_269' title='bbox 815 2635 856 2668; x_wconf 87' lang='lat'><strong>14</strong></span> <span class='ocrx_word' id='word_1_270' title='bbox 882 2626 1055 2661; x_wconf 84' lang='lat' dir='ltr'><strong>blandum</strong></span> <span class='ocrx_word' id='word_1_271' title='bbox 1073 2629 1168 2663; x_wconf 91' lang='lat' dir='ltr'><strong>etc.:</strong></span> <span class='ocrx_word' id='word_1_272' title='bbox 1193 2627 1274 2664; x_wconf 86' lang='lat' dir='ltr'><strong>Val.</strong></span> <span class='ocrx_word' id='word_1_273' title='bbox 1292 2628 1391 2663; x_wconf 83' lang='lat' dir='ltr'><strong>Max.</strong></span> <span class='ocrx_word' id='word_1_274' title='bbox 1410 2628 1460 2664; x_wconf 87' lang='lat' dir='ltr'><strong>ix.</strong></span> <span class='ocrx_word' id='word_1_275' title='bbox 1478 2629 1502 2664; x_wconf 93' lang='lat' dir='ltr'><strong>l.</strong></span> <span class='ocrx_word' id='word_1_276' title='bbox 1523 2629 1608 2666; x_wconf 90' lang='lat' dir='ltr'><strong>init.</strong></span> 
     </span>
     <span class='ocr_line' id='line_1_34' title="bbox 150 2666 1608 2722; baseline 0.008 -22"><span class='ocrx_word' id='word_1_277' title='bbox 150 2666 193 2701; x_wconf 83' lang='lat'><strong>16</strong></span> <span class='ocrx_word' id='word_1_278' title='bbox 217 2667 314 2700; x_wconf 86' lang='lat' dir='ltr'><strong>Nam</strong></span> <span class='ocrx_word' id='word_1_279' title='bbox 335 2671 372 2720; x_wconf 51' lang='lat' dir='ltr'><strong>gt:</strong></span> <span class='ocrx_word' id='word_1_280' title='bbox 393 2669 560 2704; x_wconf 84' lang='lat' dir='ltr'><strong>uolumen</strong></span> <span class='ocrx_word' id='word_1_281' title='bbox 584 2672 677 2706; x_wconf 87' lang='lat' dir='ltr'><strong>etc.:</strong></span> <span class='ocrx_word' id='word_1_282' title='bbox 702 2682 734 2707; x_wconf 84' lang='lat' dir='ltr'><strong>v.</strong></span> <span class='ocrx_word' id='word_1_283' title='bbox 759 2670 876 2717; x_wconf 90' lang='lat' dir='ltr'><strong>Apoc.</strong></span> <span class='ocrx_word' id='word_1_284' title='bbox 903 2683 937 2708; x_wconf 90' lang='lat' dir='ltr'><strong>x.</strong></span> <span class='ocrx_word' id='word_1_285' title='bbox 964 2683 997 2718; x_wconf 94' lang='lat'><strong>9,</strong></span> <span class='ocrx_word' id='word_1_286' title='bbox 1021 2684 1085 2717; x_wconf 85' lang='lat'><strong>10;</strong></span> <span class='ocrx_word' id='word_1_287' title='bbox 1112 2674 1160 2710; x_wconf 89' lang='lat' dir='ltr'><strong>cf.</strong></span> <span class='ocrx_word' id='word_1_288' title='bbox 1177 2674 1270 2711; x_wconf 89' lang='lat' dir='ltr'><strong>Bed.</strong></span> <span class='ocrx_word' id='word_1_289' title='bbox 1295 2675 1344 2711; x_wconf 82' lang='lat' dir='ltr'><strong>ad</strong></span> <span class='ocrx_word' id='word_1_290' title='bbox 1370 2675 1440 2712; x_wconf 90' lang='lat' dir='ltr'><strong>loc.</strong></span> <span class='ocrx_word' id='word_1_291' title='bbox 1461 2676 1608 2722; x_wconf 84' lang='lat' dir='ltr'><strong>(Migne</strong></span> 
     </span>
     <span class='ocr_line' id='line_1_35' title="bbox 145 2713 1610 2769; baseline 0.008 -22"><span class='ocrx_word' id='word_1_292' title='bbox 145 2713 186 2748; x_wconf 87' lang='lat' dir='ltr'><strong>P.</strong></span> <span class='ocrx_word' id='word_1_293' title='bbox 215 2714 258 2748; x_wconf 88' lang='lat' dir='ltr'><strong>L.</strong></span> <span class='ocrx_word' id='word_1_294' title='bbox 286 2724 385 2748; x_wconf 85' lang='lat' dir='ltr'><strong>xcm.</strong></span> <span class='ocrx_word' id='word_1_295' title='bbox 415 2715 495 2759; x_wconf 83' lang='lat'><strong>161)</strong></span> <span class='ocrx_word' id='word_1_296' title='bbox 525 2716 614 2751; x_wconf 86' lang='lat' dir='ltr'><strong>Cum</strong></span> <span class='ocrx_word' id='word_1_297' title='bbox 631 2721 839 2763; x_wconf 64' lang='lat' dir='ltr'><strong>perceperis,</strong></span> <span class='ocrx_word' id='word_1_298' title='bbox 866 2720 1089 2756; x_wconf 71' lang='lat' dir='ltr'><strong>oblectaberis</strong></span> <span class='ocrx_word' id='word_1_299' title='bbox 1111 2723 1235 2756; x_wconf 77' lang='lat' dir='ltr'><strong>diuini</strong></span> <span class='ocrx_word' id='word_1_300' title='bbox 1258 2724 1390 2769; x_wconf 76' lang='lat' dir='ltr'><strong>eloquii</strong></span> <span class='ocrx_word' id='word_1_301' title='bbox 1413 2725 1610 2766; x_wconf 82' lang='lat' dir='ltr'><strong>dulcedine,</strong></span> 
     </span>
     <span class='ocr_line' id='line_1_36' title="bbox 143 2761 1613 2817; baseline 0.009 -23"><span class='ocrx_word' id='word_1_302' title='bbox 143 2761 206 2794; x_wconf 72' lang='lat' dir='ltr'><strong>sed</strong></span> <span class='ocrx_word' id='word_1_303' title='bbox 233 2762 514 2797; x_wconf 80' lang='lat' dir='ltr'><strong>amaritudinem</strong></span> <span class='ocrx_word' id='word_1_304' title='bbox 539 2766 678 2808; x_wconf 71' lang='lat' dir='ltr'><strong>senties,</strong></span> <span class='ocrx_word' id='word_1_305' title='bbox 703 2777 782 2800; x_wconf 82' lang='lat' dir='ltr'><strong>cum</strong></span> <span class='ocrx_word' id='word_1_306' title='bbox 804 2769 1016 2811; x_wconf 74' lang='lat' dir='ltr'><strong>praedicare</strong></span> <span class='ocrx_word' id='word_1_307' title='bbox 1040 2773 1071 2803; x_wconf 65' lang='lat' dir='ltr'><strong>a</strong></span> <span class='ocrx_word' id='word_1_308' title='bbox 1095 2771 1242 2814; x_wconf 80' lang='lat' dir='ltr'><strong>operari</strong></span> <span class='ocrx_word' id='word_1_309' title='bbox 1263 2772 1418 2816; x_wconf 80' lang='lat' dir='ltr'><strong>coeperis</strong></span> <span class='ocrx_word' id='word_1_310' title='bbox 1440 2773 1534 2817; x_wconf 79' lang='lat' dir='ltr'><strong>quod</strong></span> <span class='ocrx_word' id='word_1_311' title='bbox 1558 2774 1613 2806; x_wconf 73' lang='lat' dir='ltr'><strong>in·</strong></span> 
     </span>
     <span class='ocr_line' id='line_1_37' title="bbox 146 2807 1610 2860; baseline 0.01 -19"><span class='ocrx_word' id='word_1_312' title='bbox 146 2807 332 2860; x_wconf 56' lang='lat' dir='ltr'><strong>gellexem&#39;p.</strong></span> <span class='ocrx_word' id='word_1_313' title='bbox 477 2819 533 2852; x_wconf 90' lang='lat'><strong>21,</strong></span> <span class='ocrx_word' id='word_1_314' title='bbox 552 2820 595 2846; x_wconf 88' lang='lat'><strong>22</strong></span> <span class='ocrx_word' id='word_1_315' title='bbox 617 2822 687 2856; x_wconf 81' lang='lat' dir='ltr'><strong>per</strong></span> <span class='ocrx_word' id='word_1_316' title='bbox 698 2814 852 2859; x_wconf 73' lang='lat' dir='ltr'><strong>quinque</strong></span> <span class='ocrx_word' id='word_1_317' title='bbox 869 2825 1037 2850; x_wconf 65' lang='lat' dir='ltr'><strong>sensuum</strong></span> <span class='ocrx_word' id='word_1_318' title='bbox 1053 2816 1147 2852; x_wconf 83' lang='lat' dir='ltr'><strong>etc.:</strong></span> <span class='ocrx_word' id='word_1_319' title='bbox 1171 2827 1205 2852; x_wconf 85' lang='lat' dir='ltr'><strong>v.</strong></span> <span class='ocrx_word' id='word_1_320' title='bbox 1226 2815 1380 2854; x_wconf 83' lang='lat' dir='ltr'><strong>Hieron.</strong></span> <span class='ocrx_word' id='word_1_321' title='bbox 1398 2819 1477 2853; x_wconf 85' lang='lat' dir='ltr'><strong>adv.</strong></span> <span class='ocrx_word' id='word_1_322' title='bbox 1494 2819 1610 2855; x_wconf 78' lang='lat' dir='ltr'><strong>Iovin.</strong></span> 
     </span>
     <span class='ocr_line' id='line_1_38' title="bbox 146 2854 748 2904; baseline 0.012 -16"><span class='ocrx_word' id='word_1_323' title='bbox 146 2864 186 2888; x_wconf 89' lang='lat' dir='ltr'><strong>u.</strong></span> <span class='ocrx_word' id='word_1_324' title='bbox 206 2854 227 2889; x_wconf 95' lang='lat'>8</span> <span class='ocrx_word' id='word_1_325' title='bbox 245 2854 389 2900; x_wconf 77' lang='lat' dir='ltr'><strong>(Migne</strong></span> <span class='ocrx_word' id='word_1_326' title='bbox 406 2856 450 2891; x_wconf 89' lang='lat' dir='ltr'><strong>P.</strong></span> <span class='ocrx_word' id='word_1_327' title='bbox 466 2857 511 2893; x_wconf 85' lang='lat' dir='ltr'><strong>L.</strong></span> <span class='ocrx_word' id='word_1_328' title='bbox 528 2856 633 2894; x_wconf 87' lang='lat' dir='ltr'><strong>xxiii.</strong></span> <span class='ocrx_word' id='word_1_329' title='bbox 651 2868 717 2903; x_wconf 87' lang='lat'><strong>297</strong></span> <span class='ocrx_word' id='word_1_330' title='bbox 722 2873 748 2904; x_wconf 70' lang='lat'><strong>1.</strong></span> 
     </span>
    </p>
   </div>
   <div class='ocr_carea' id='block_1_9' title="bbox 202 2908 1498 2961">
    <p class='ocr_par' dir='ltr' id='par_1_10' title="bbox 202 2908 1498 2961">
     <span class='ocr_line' id='line_1_39' title="bbox 202 2908 1498 2961; baseline 0.006 -18"><span class='ocrx_word' id='word_1_331' title='bbox 202 2925 282 2943; x_wconf 72' lang='lat' dir='ltr'><strong>wzss</strong></span> <span class='ocrx_word' id='word_1_332' title='bbox 300 2925 321 2944; x_wconf 85' lang='lat' dir='ltr'><strong>n</strong></span> <span class='ocrx_word' id='word_1_333' title='bbox 836 2920 866 2947; x_wconf 81' lang='grc' dir='ltr'><strong><em>Κ</em></strong></span> <span class='ocrx_word' id='word_1_334' title='bbox 893 2908 923 2948; x_wconf 81' lang='lat' dir='ltr'>k</span> <span class='ocrx_word' id='word_1_335' title='bbox 1436 2930 1498 2961; x_wconf 74' lang='lat'><strong>249</strong></span> 
     </span>
    </p>
   </div>
  </div>
 </body>
</html>
