1988 3250
151 227 251 261 car.
266 213 410 276 xvnt]
668 213 1108 259 POLICRATICVS
1633 216 1717 267 786
1735 215 1765 255 d

150 335 344 394 primum
371 333 471 377 Iani
498 336 650 391 portas
675 333 832 390 sopitis
859 333 1087 390 finitisque
1106 333 1311 377 omnibus
1330 334 1458 377 bellis
1477 335 1618 378 ciuili-

151 404 235 448 bus
253 403 414 447 clausit
433 406 480 446 et
499 402 694 460 Augusti
714 401 903 459 adeptus
922 404 991 444 est
1010 416 1182 453 nomen,
1202 403 1371 459 apicem
1391 403 1619 447 declarans

150 472 339 530 imperii,
359 475 412 515 ut
431 486 564 529 penes
584 485 723 514 unum
743 470 975 514 doceretur
993 484 1168 513 summa
1187 486 1335 514 rerum
1356 475 1402 514 et
1425 475 1618 528 potesta-

150 545 248 586 tum
269 556 373 593 esse,
392 555 527 598 quam
548 540 850 583 monarchiam
870 539 1105 583 nominant
1125 539 1266 584 Greci.
1326 540 1482 584 Refert
1502 541 1619 584 idem

114 623 134 658 s
151 610 387 654 historicus
413 609 543 667 quod,
563 624 663 653 cum
691 624 719 652 a
746 609 899 652 Sicilia
923 609 1097 652 rediens
1118 609 1306 666 receptis
1325 609 1573 666 legionibus
1593 625 1621 653 a

152 678 359 736 Pompeio
386 682 431 722 et
458 678 625 736 Lepido
650 678 841 736 triginta
866 678 991 721 milia
1019 692 1249 721 seruorum
1279 678 1470 721 dominis
1494 678 1621 721 resti-

151 749 311 793 tuisset
331 751 376 792 et
396 748 544 792 omnia
560 748 788 805 superiora
807 748 959 806 populi
980 747 1132 791 debita
1146 747 1353 791 donanda
1369 748 1620 791 litterarum

151 818 286 862 etiam
317 817 601 861 monimentis
631 817 809 861 abolitis
838 817 1090 868 censuisset,
1121 817 1169 860 in
1198 817 1354 861 diebus
1383 817 1492 875 ipsis
1520 817 1621 860 fons

151 887 236 932 olei
276 886 554 944 largissimus
603 886 658 929 de
707 886 894 930 taberna
931 886 1160 930 meritoria
1199 901 1279 944 per
1317 889 1463 930 totum
1502 886 1619 928 diem
1637 891 1714 942 787
1734 902 1765 931 a

94 973 136 998 10
153 956 353 1007 defluxit,
382 956 510 999 illum
539 955 696 1012 utique
725 955 962 999 manifeste
991 956 1143 1000 adesse
1183 956 1370 1014 imperio
1408 956 1622 999 nuntians

153 1027 230 1085 qui
260 1041 411 1070 seruos
441 1025 606 1068 diaboli
636 1028 887 1082 peccatores
927 1026 1045 1069 iusto
1077 1025 1159 1069 Dei
1200 1026 1397 1069 dominio
1435 1025 1622 1069 subdere

152 1098 338 1140 uenerat
368 1097 415 1138 et
442 1108 687 1152 pauperum
719 1093 930 1138 misereri.
988 1093 1102 1138 Cum
1130 1109 1235 1152 ergo
1258 1110 1286 1138 a
1312 1094 1425 1138 facie
1453 1094 1624 1139 Christi

152 1164 334 1208 silerent
353 1163 502 1207 omnia
517 1166 563 1206 et
582 1166 733 1206 tantas
748 1162 1052 1206 miserationes
1063 1163 1283 1206 Altissimi
1296 1163 1624 1221 obstupesceret

152 1234 358 1285 mundus,
369 1247 542 1277 summa
557 1247 704 1280 rerum
726 1235 772 1275 et
791 1235 1062 1289 potestatum
1083 1233 1327 1276 intertium
1348 1234 1406 1277 ab
1418 1234 1625 1291 Augusto

96 1317 136 1355 ¹5
154 1302 404 1361 Caligulam
427 1302 595 1346 cecidit.
656 1301 796 1346 Cuius
828 1301 1003 1353 ferocia,
1023 1306 1077 1345 ut
1106 1302 1317 1346 breuibus
1346 1303 1525 1361 liqueat,
1545 1318 1624 1346 ex-

153 1372 363 1420 clamasse
392 1371 560 1415 fertur:
593 1371 776 1415 Vtinam
806 1372 996 1429 populus
1026 1372 1252 1416 Romanus
1281 1387 1417 1416 unam
1446 1375 1624 1416 tanturn

153 1441 367 1487 ceruicem
401 1440 610 1484 haberet!
661 1440 720 1483 Et
751 1440 857 1498 quia
896 1441 1037 1485 hostis
1071 1442 1235 1492 deerat,
1270 1457 1432 1500 magno
1471 1445 1518 1485 et
1556 1442 1623 1485 in-

153 1510 352 1556 credibili
371 1513 591 1568 apparatu
615 1510 841 1568 profectus
861 1515 929 1554 est
948 1511 1120 1555 hostem
1141 1526 1363 1569 quaerere,
1383 1512 1623 1569 otiosisque

154 1579 327 1624 uiribus
346 1579 630 1623 Germaniam
659 1579 938 1637 Galliamque
967 1595 1229 1638 percurrens
1255 1582 1303 1624 in
1329 1596 1409 1625 ora
1434 1581 1623 1626 Occeani

97 1663 140 1690 no
156 1649 272 1694 circa
294 1652 573 1706 prospectum
600 1649 860 1692 Britanniae
886 1650 1100 1701 substitit,
1121 1650 1395 1708 Romamque
1421 1666 1625 1695 reuersus

156 1721 235 1770 est,
261 1718 366 1762 belli
397 1718 629 1762 deficiente
660 1718 849 1762 materia
880 1722 926 1762 et
957 1719 1081 1762 nullo
1115 1720 1293 1778 expleto
1325 1720 1504 1778 negotio
1537 1720 1623 1764 nisi
1643 1721 1672 1759 b

157 1787 275 1846 quod
303 1787 508 1831 Belinum
540 1787 857 1831 Britannorum
888 1788 1005 1846 regis
1034 1789 1188 1841 filium,
1220 1804 1351 1846 quem
1386 1795 1515 1847 pater
1549 1805 1624 1833 ex-

157 1856 344 1914 pulerat,
372 1871 473 1900 cum
502 1857 655 1914 paucis
684 1857 732 1899 in
762 1857 1032 1901 deditionem
1062 1859 1242 1915 accepit.
1302 1859 1626 1903 Infestissimus

159 1925 338 1983 quidem
370 1925 520 1970 Iudeis
554 1926 708 1970 extitit
746 1929 793 1970 et
831 1941 956 1970 sacra
995 1927 1352 1971 Ierosolimorum
1392 1929 1487 1973 loca
1524 1944 1625 1987 pro-

99 2011 143 2046 ²³
160 1995 347 2052 phanari
372 1997 418 2038 et
443 1995 605 2038 statuis
625 1995 784 2053 repleri
805 1996 936 2040 iussit
955 2000 1001 2040 et
1021 2011 1067 2040 se
1097 1997 1181 2040 coli
1211 2001 1264 2040 ut
1294 1997 1449 2041 Deum.
1510 1998 1626 2042 Pila-

160 2068 255 2108 tum
276 2063 439 2108 Iudeae
466 2064 712 2122 praesidem
742 2066 882 2109 tantis
901 2066 1122 2110 coartauit
1148 2067 1388 2124 angoribus
1408 2071 1460 2111 ut
1479 2083 1561 2111 sua
1580 2083 1626 2111 se

158 2133 522 2177 transuerberans
547 2148 683 2176 manu
713 2134 929 2178 malorum
958 2136 1267 2193 compendium
1294 2137 1451 2180 mortis
1479 2137 1627 2181 celeri-

160 2205 254 2246 tate
289 2202 537 2259 quaesierit.
610 2203 800 2256 Sorores,
835 2219 945 2261 quas
979 2205 1172 2262 primum
1207 2210 1363 2264 stupro
1396 2207 1628 2264 polluerat,

161 2271 422 2329 dampnauit
451 2272 596 2325 exilio,
615 2276 661 2316 et
690 2276 790 2330 post
816 2288 968 2318 omnes
991 2275 1123 2318 simul
1154 2276 1306 2319 exules
1325 2276 1456 2320 iussit
1476 2276 1627 2320 occidi.

106 2355 145 2388 30
163 2341 265 2398 Ipse
284 2343 433 2384 autem
454 2355 482 2383 a
501 2341 592 2384 suis
611 2343 934 2398 protectoribus
954 2344 1121 2387 occisus
1142 2348 1219 2388 est.
1270 2345 1327 2388 In
1347 2351 1514 2390 secreto
1533 2347 1628 2389 eius

163 2409 336 2452 inuenti
367 2412 472 2452 sunt
497 2409 585 2453 duo
613 2410 762 2462 libelli,
783 2413 1060 2456 continentes
1089 2414 1427 2458 lectissimorum
1448 2416 1629 2459 nomina

167 2528 182 2555 1
211 2517 312 2562 Iani]
329 2516 406 2554 iam
423 2517 484 2554 CB
642 2517 819 2556 istoricus
835 2519 868 2556 A
974 2531 1017 2568 13
1043 2523 1327 2569 opstupesceret
1342 2523 1376 2560 A
1480 2525 1525 2561 28
1547 2530 1630 2571 post

164 2576 258 2611 quas
274 2566 358 2603 add.
375 2564 545 2612 kaligula
561 2564 588 2601 C
623 2565 723 2602 ASM

215 2689 233 2726 5
260 2692 340 2716 cum
356 2692 380 2715 a
396 2681 524 2716 Sicilia
541 2681 635 2716 etc.:
659 2691 691 2715 v.
709 2678 812 2717 Oros.
829 2679 877 2718 vi.
896 2691 943 2718 20
961 2681 978 2728 ,δ
998 2684 1032 2720 6.
1179 2692 1219 2730 15
1250 2685 1513 2731 θαίαεῙενυοία
1530 2688 1601 2723 etc¹
1621 2700 1630 2722 :

166 2739 196 2764 v.
216 2726 321 2763 Oros,
342 2726 406 2763 vii.
426 2737 443 2774 5
464 2726 506 2772 §§
525 2737 627 2763 2-10.
841 2738 885 2764 22
911 2731 1081 2766 Belinum
1099 2743 1108 2767 ε
1133 2732 1486 2777 Minocynobelinum
1501 2733 1603 2770 Oros.
1620 2746 1629 2777 ;

165 2776 341 2810 Adminio
364 2774 584 2820 Cynobellini
604 2775 867 2810 Britannorum
886 2779 981 2822 nqis
994 2780 1080 2823 filio
1106 2777 1207 2814 Suet.
1229 2781 1342 2825 Caliy.
1359 2791 1429 2825 44;
1455 2780 1630 2816 Belinum

166 2823 295 2857 autem
317 2821 516 2866 quendam,
536 2819 678 2857 Brenni
703 2820 844 2858 Romae
870 2825 1144 2870 expugnatoris
1167 2824 1336 2870 fratrem,
1362 2826 1403 2863 in
1429 2827 1631 2864 Britannia

166 2868 379 2915 regnavisse
395 2881 441 2906 ex
458 2867 578 2905 Galfr.
596 2867 801 2904 Monumet.
819 2870 916 2906 Hist,
933 2872 1020 2918 1309.
1036 2873 1133 2910 Brit,
1149 2871 1204 2908 iii.
1225 2883 1240 2911 1
1260 2874 1445 2912 didicerat
1457 2874 1630 2915 Ioannes.

233 2940 314 2958 wana
337 2940 358 2959 u
856 2935 879 2973 3
908 2937 939 2965 Δ
1455 2933 1518 2976 36ι
