1988 3250
193 203 284 252 679
305 209 337 243 a

309 1019 340 1058 b

317 1926 345 1958 c

662 202 864 248 IOANN
865 202 925 248 IS
965 200 1480 247 SARESBERIENSIS
1623 198 1735 261 [ΜΒ.
1747 206 1823 244 vn

349 324 576 368 contrahit
623 339 758 383 quam
802 325 1009 371 uirtutes.
1084 325 1333 383 Interroga,
1373 325 1533 383 inquit,
1571 323 1820 369 sacerdotes

349 394 505 451 legem,
525 397 572 438 et
589 393 660 438 dic
680 395 769 439 eis:
799 395 850 439 Si
873 410 976 440 caro
994 397 1149 439 sancta
1167 394 1241 438 uel
1260 409 1341 438 uas
1361 398 1566 438 sanctum
1584 391 1823 451 contigerit

350 463 539 507 alicuius
567 464 895 515 uestimentum,
924 464 964 507 si
992 464 1240 508 sanctificat
1269 479 1370 507 eum
1401 479 1458 507 ex
1487 478 1539 507 eo
1569 462 1687 520 quod
1717 475 1822 506 con-

351 533 521 591 tingit?
579 533 651 585 Et,
669 548 770 578 cum
790 533 1009 577 dixissent
1035 534 1283 578 sacerdotes
1310 533 1416 590 quia
1442 547 1533 576 non
1562 531 1823 582 sanctificat,

351 601 471 644 dixit
489 601 546 644 ad
565 616 639 645 eos
653 616 857 646 rursum:
884 601 934 645 Si
954 602 1239 645 immunditia
1253 601 1491 659 contigerit
1505 601 1823 644 uestimentum
1842 611 1862 647 5

352 671 521 722 mundi,
551 674 706 714 utrum
740 671 912 728 polluat
950 672 1083 715 eum?
1156 671 1215 714 Et
1254 671 1467 714 dixerunt
1506 670 1612 728 quia
1650 668 1826 727 polluit.

353 739 646 783 Tolerabilius
661 754 765 798 ergo
785 743 854 783 est
873 755 943 783 me
963 755 1103 783 unum
1123 740 1315 798 propriis
1330 739 1530 784 consumi
1548 739 1674 782 uitiis
1690 751 1825 795 quam

353 809 404 852 in
432 809 596 853 multos
623 809 838 852 uitiorum
867 809 1059 852 diffundi
1089 813 1269 867 pestem.
1328 809 1401 852 Ad
1431 809 1539 852 haec
1569 808 1608 852 si
1636 821 1826 865 persona

354 881 471 922 esset
498 893 813 936 usquequaque
839 878 1087 931 laudabilis,
1108 879 1146 922 si
1176 894 1265 922 non
1295 893 1434 922 essem
1461 877 1609 921 curiae
1635 876 1827 920 nexibus

357 947 568 1006 illigatus,
581 963 651 991 me
672 947 866 991 Micheas
886 948 1120 991 durissime
1140 948 1318 1005 repellit
1338 948 1395 990 ab
1416 947 1555 998 aditu,
1566 961 1657 990 non
1677 945 1826 989 ferens
1846 959 1888 984 10

358 1017 483 1074 Syon
514 1016 710 1060 edificari
743 1017 791 1059 in
823 1017 1114 1074 sanguinibus
1148 1020 1194 1060 et
1229 1016 1472 1060 Ierusalem
1506 1016 1554 1058 in
1587 1014 1828 1072 iniquitate

357 1087 609 1145 principum
642 1100 836 1130 suorum.
898 1086 983 1130 Hic
1013 1090 1094 1130 aut
1122 1086 1247 1129 nulla
1276 1089 1345 1130 est
1374 1089 1455 1129 aut
1482 1084 1709 1142 compulsa
1747 1086 1829 1128 aut

356 1156 568 1200 simulata
606 1155 772 1199 electio.
844 1155 974 1199 Hanc
1007 1170 1181 1213 quoque
1215 1159 1390 1214 partem
1429 1157 1639 1212 protensa
1677 1153 1830 1211 dispu-

356 1226 527 1269 tatione
565 1225 860 1283 prosequitur.
935 1225 1162 1269 Postremo
1193 1240 1240 1268 se
1279 1223 1531 1283 promoueri
1572 1238 1663 1267 non
1701 1236 1829 1281 posse

356 1295 452 1339 sine
481 1295 728 1352 suspicione
758 1294 1023 1338 simoniacae
1052 1294 1303 1351 prauitatis,
1332 1308 1433 1338 cum
1467 1293 1525 1337 ob
1559 1293 1642 1336 hoc
1675 1292 1747 1335 ius
1782 1294 1829 1336 et
1849 1304 1889 1340 15

357 1364 669 1408 auctoritatem
696 1363 832 1421 sigilli
860 1366 940 1406 aut
966 1363 1120 1407 cimilii
1148 1366 1229 1407 aut
1254 1363 1405 1407 scrinii
1425 1362 1582 1406 emisse
1607 1361 1828 1413 uideatur,

357 1433 464 1477 licet
502 1433 591 1476 alia
620 1437 769 1476 mente
798 1433 855 1476 ad
890 1433 1150 1490 obsequium
1189 1432 1437 1490 potestatis,
1466 1432 1583 1476 sicut
1621 1444 1830 1489 praesens

356 1505 551 1546 testatur
589 1502 683 1545 dies
722 1516 812 1559 qua
850 1502 1048 1545 delatum
1095 1502 1308 1545 honorem
1347 1500 1530 1559 respuit,
1570 1502 1684 1544 teste
1723 1515 1830 1544 con-

358 1572 544 1616 scientia
562 1571 803 1622 accesserit,
823 1571 1035 1614 affectans
1055 1574 1108 1614 ut
1127 1586 1208 1629 per
1226 1571 1308 1615 hoc
1328 1571 1423 1614 sine
1443 1585 1576 1614 onere
1594 1571 1832 1614 sortiretur

358 1641 585 1686 honorem.
642 1640 919 1698 Apostolicas
959 1654 1133 1697 quoque
1173 1640 1422 1684 sanctiones
1453 1639 1638 1697 replicat
1676 1642 1723 1683 et
1761 1653 1828 1682 re-
1847 1652 1892 1680 ιο

358 1710 505 1753 uoluit
533 1710 695 1767 quibus
725 1709 895 1767 pridem
926 1712 1149 1753 statutum
1179 1712 1248 1752 est
1276 1712 1329 1752 ut
1357 1723 1386 1752 a
1424 1709 1560 1752 sacris
1598 1708 1830 1752 ordinibus

359 1782 406 1822 et
425 1779 546 1822 omni
572 1778 861 1836 promotionis
886 1793 963 1836 spe
989 1781 1225 1822 arceantur
1251 1778 1327 1835 qui
1358 1778 1595 1822 cuiuslibet
1621 1777 1832 1821 secularis

361 1847 509 1892 curiae
526 1850 680 1890 emunt
692 1847 834 1891 officia
846 1852 926 1891 aut
939 1847 1014 1904 qui
1028 1847 1140 1890 uiles
1151 1851 1231 1890 aut
1243 1847 1426 1890 seruiles
1437 1846 1832 1891 obsecundationes

362 1917 636 1974 principibus
655 1919 886 1974 praestant
903 1920 983 1960 aut
1003 1930 1190 1973 quorum
1210 1916 1367 1960 electio
1386 1931 1475 1959 non
1496 1919 1564 1959 est
1583 1931 1610 1959 a
1636 1915 1752 1959 clero
1781 1915 1830 1959 in

361 1986 543 2029 ecclesia
558 1990 604 2029 et
618 1985 712 2028 sine
726 1986 1134 2043 praenominatione
1146 1986 1358 2042 cuiusque
1371 1985 1620 2028 mundanae
1635 1987 1828 2042 potesta-
1849 1999 1891 2036 ²5

361 2055 422 2098 tis
441 2055 647 2098 canonice
667 2054 910 2107 celebrata;
930 2069 1051 2112 quos,
1067 2055 1104 2097 si
1125 2054 1257 2097 aliter
1269 2054 1395 2098 electi
1417 2054 1599 2107 fuerint,
1611 2054 1695 2098 sub
1714 2054 1829 2112 peri-

360 2123 460 2168 culo
491 2124 788 2167 anathematis
818 2123 1083 2167 uniuersalis
1117 2123 1310 2167 Ecclesia
1337 2124 1544 2181 prohibet
1571 2123 1831 2169 consecrari.

362 2192 489 2235 Vnus
523 2191 773 2249 principum
814 2196 1066 2236 nostrorum
1102 2192 1311 2247 (nominis
1346 2193 1564 2249 siquidem
1599 2192 1834 2236 immemor

361 2262 479 2319 sum)
509 2262 555 2304 in
587 2275 721 2305 causa
750 2261 884 2304 simili
916 2262 1141 2318 egregium
1174 2261 1348 2305 facinus
1378 2261 1519 2319 egisse
1549 2266 1834 2307 memoratur.

363 2331 584 2375 Henricus
624 2329 714 2373 fuit
747 2345 805 2373 an
846 2330 1097 2374 Rodbertus
1136 2345 1224 2373 non
1264 2331 1456 2374 multum
1496 2330 1646 2375 refert.
1716 2330 1832 2376 Cum
1849 2342 1895 2377 30

367 2446 381 2472 ι
411 2435 579 2472 contrait
598 2434 655 2471 BS
815 2445 836 2471 2
863 2445 950 2470 caro
967 2433 1112 2480 sancta]
1131 2435 1371 2470 sacrosancta
1390 2434 1428 2470 M
1592 2443 1608 2480 5
1636 2433 1753 2474 dixit]
1771 2434 1833 2472 dio

364 2483 404 2519 M
505 2493 540 2519 ιι
572 2481 654 2518 aion
674 2481 745 2518 A¹S
829 2482 1057 2519 iherusalem
1076 2482 1100 2517 S
1201 2490 1240 2528 ις
1267 2481 1507 2528 symoniacae
1526 2480 1565 2517 M
1638 2480 1702 2527 ob]
1721 2482 1769 2519 ab
1786 2481 1834 2519 A¹

367 2532 410 2568 16
434 2529 585 2576 cimilii]
603 2529 724 2566 emilii
744 2528 781 2565 M
878 2539 925 2565 20
949 2529 1088 2566 honere
1107 2527 1200 2564 B'A'
1296 2539 1343 2574 30
1361 2528 1544 2566 Robertus
1562 2528 1695 2565 BASM

414 2628 427 2655 ι
459 2619 643 2663 Ῑκεεηυρα
661 2619 759 2653 eta:
786 2628 818 2652 v.
839 2615 932 2662 Agg.
951 2613 988 2651 ii.
1013 2625 1138 2660 εει-14.
1301 2625 1344 2651 ιο
1369 2618 1578 2661 ”anserem
1595 2618 1692 2653 etc.:
1721 2614 1835 2664 Greg.

363 2663 453 2702 Nu.
472 2668 530 2701 Or.
550 2664 588 2701 ii.
609 2663 626 2711 ξ
648 2667 691 2713 58
711 2669 755 2710 (v.
774 2662 878 2700 iufra
902 2662 949 2699 ad
972 2664 1043 2699 680
1061 2663 1101 2707 B)
1129 2664 1147 2697 ό
1170 2662 1262 2699 θεῖος·
1281 2665 1430 2708 Μιχαίας
1447 2665 1487 2698 οὐ
1504 2664 1623 2711 φέρων
1643 2663 1837 2710 οἰκοδομου-

362 2714 467 2759 μᾶνην
485 2714 570 2747 Σιών
586 2715 684 2748 nm).
832 2721 868 2748 ιι
899 2712 994 2754 Syon
1011 2712 1081 2746 etc.
1100 2722 1107 2746 :
1135 2722 1166 2746 v.
1186 2709 1300 2747 Mieh.
1319 2709 1373 2746 iii.
1398 2721 1451 2747 10.
1596 2721 1639 2756 23
1664 2712 1755 2746 uilee
1770 2715 1836 2747 aut

361 2761 511 2797 emite·
527 2759 863 2795 obsecundationes:
898 2758 946 2794 cs.
965 2756 1053 2794 Cod.
1074 2757 1163 2794 lust.
1182 2769 1216 2793 x.
1235 2767 1292 2802 31.
1310 2767 1365 2803 34.
1516 2769 1540 2794 0
1564 2758 1838 2804 Hem-icusfm't

363 2819 414 2844 an
428 2808 645 2843 Radbertus:
664 2806 718 2842 Ad
731 2805 828 2842 fllioe
839 2804 1024 2842 willelmi
1040 2804 1312 2851 conquestoris,
1325 2804 1471 2841 scilicet
1517 2804 1688 2842 obertum
1700 2805 1836 2844 ducem

363 2853 670 2894 normannorum
688 2856 728 2892 et
747 2852 951 2893 Hemicum
972 2851 988 2889 1
1005 2852 1216 2900 Anglorum
1234 2864 1377 2900 regem,
1396 2852 1579 2900 respicere
1597 2852 1755 2891 videtur.

477 2920 539 2965 ιω
