1988 3250
217 231 301 280 677
318 239 350 270 a
676 225 939 272 IOANNIS
979 226 1496 272 SARESBERIENSIS
1639 225 1748 288 [mn.
1761 236 1834 273 vn

365 341 435 386 dit
463 343 510 386 et
538 356 586 386 se
614 341 802 386 diuitem
830 345 1058 400 potentem
1087 342 1308 399 insignem
1337 342 1453 386 uelle
1483 342 1580 386 fieri
1609 342 1836 387 confessus

366 415 446 463 est,
469 411 547 455 sed
576 411 665 455 alia
692 412 781 463 uia,
803 413 881 456 sed
905 412 953 454 in
983 412 1071 455 alio
1101 415 1236 462 statu,
1263 412 1339 455 sed
1364 412 1412 454 in
1439 412 1600 456 minori
1629 412 1836 470 periculo,

365 481 525 524 maiori
544 480 763 526 libertate.
821 481 976 524 Voluit
1000 496 1092 524 esse
1119 481 1281 524 nobilis
1307 481 1426 524 inter
1451 481 1585 525 laicos
1611 485 1691 525 aut
1718 484 1837 525 certe

365 564 556 608 magnus
590 550 639 593 in
669 551 796 594 clero.
856 550 927 594 Ob
965 550 1047 594 hoc
1086 550 1338 607 principum
1376 550 1576 594 uirorum
1615 551 1838 608 quaesiuit

365 620 572 677 gratiam,
601 619 954 662 familiaritatem
986 619 1100 670 iniit,
1129 619 1186 661 ab
1220 619 1283 662 eis
1318 634 1615 677 quascumque
1646 619 1839 677 suscepit
1857 635 1876 672 5

367 688 630 732 functiones.
680 689 865 732 Scriniis
881 688 998 732 forte
1013 688 1239 745 praelatus
1252 690 1320 731 est
1339 691 1420 732 aut
1434 689 1722 747 consignandi
1743 703 1840 732 sus-

367 758 487 815 cepit
504 757 696 801 officium
716 761 796 801 aut
815 758 968 801 cimilii
989 758 1235 800 custodiam
1256 761 1336 801 aut
1356 758 1522 815 publici
1542 759 1688 802 claues
1707 758 1841 802 erarii

370 830 451 870 aut
477 828 698 872 ratiocinii
719 827 868 871 uarias
894 827 1121 870 cautiones
1146 829 1237 878 aut,
1257 827 1295 870 si
1320 827 1428 884 quid
1454 828 1578 871 aliud
1601 828 1768 886 nequit,
1786 830 1842 872 ut

369 897 576 941 corbibus
605 898 919 954 praeficeretur
945 897 1167 954 optinuit;
1202 911 1293 939 non
1322 900 1474 940 tamen
1503 898 1622 954 quod
1651 898 1708 941 ad
1738 912 1841 941 eum

369 966 594 1024 pertineat
612 967 667 1010 de
688 967 837 1024 egenis
857 970 937 1009 aut
956 966 1010 1009 de
1031 965 1300 1023 pauperibus
1320 980 1471 1010 curam
1490 969 1628 1024 gerat,
1641 967 1719 1010 sed
1735 967 1842 1025 quia
1861 982 1904 1009 ιο

323 1040 355 1079 b
372 1034 448 1079 fur
468 1039 536 1079 est
562 1039 608 1079 et
630 1036 795 1079 loculos
821 1036 966 1085 habet,
988 1050 1098 1092 quos
1125 1035 1318 1078 auaritia
1343 1035 1480 1079 soluit
1508 1036 1566 1079 ad
1593 1038 1770 1094 tempus
1788 1039 1844 1080 ut

370 1105 454 1148 sub
473 1105 666 1163 imagine
685 1105 866 1162 pietatis
886 1119 959 1147 eos
979 1104 1218 1162 sacrilegus
1239 1103 1400 1148 farciat
1418 1108 1464 1148 et
1483 1105 1538 1148 de
1557 1106 1843 1150 mendicitate

371 1177 418 1218 et
445 1178 587 1217 morte
617 1175 842 1232 egentium
872 1174 1073 1231 priuatas
1104 1173 1190 1217 sibi
1224 1174 1408 1218 diuitias
1441 1178 1580 1232 paret.
1641 1175 1691 1218 Si
1725 1175 1845 1218 enim

370 1257 503 1286 uerae
523 1243 836 1300 compassionis
855 1246 1110 1286 moueretur
1129 1243 1304 1294 affectu,
1323 1257 1404 1286 sua
1430 1244 1603 1287 fidelius
1624 1247 1670 1288 et
1688 1244 1845 1288 utilius

372 1312 642 1370 pauperibus
655 1316 858 1370 erogaret
870 1327 1003 1369 quam
1018 1312 1075 1354 ad
1091 1312 1465 1369 dispensationem
1478 1313 1611 1356 alieni
1627 1316 1846 1357 mercator
1863 1330 1903 1366 ¹⁵

373 1381 575 1439 impurus
590 1381 824 1425 accederet.
865 1382 962 1424 Iam
975 1381 1122 1438 palam
1137 1384 1346 1424 emuntur
1357 1382 1516 1433 omnia,
1529 1382 1616 1426 nisi
1629 1382 1847 1426 modestia

372 1451 619 1494 uenditoris
640 1451 864 1508 impediat.
924 1451 1049 1494 Adeo
1073 1451 1192 1494 enim
1219 1451 1354 1495 sacris
1381 1451 1598 1495 altaribus
1628 1452 1846 1496 auaritiae

375 1520 630 1578 prophanus
662 1520 865 1563 imminet
899 1521 1032 1563 ardor
1066 1524 1119 1564 ut
1153 1521 1261 1564 haec
1295 1521 1445 1564 omnia
1469 1522 1596 1579 quasi
1629 1523 1847 1579 quaedam

374 1589 583 1647 parodica
603 1593 916 1647 praeemantur
941 1593 997 1641 et,
1018 1590 1123 1647 quia
1148 1605 1228 1648 per
1251 1605 1298 1634 se
1325 1606 1416 1634 non
1440 1591 1630 1635 ueniunt
1655 1591 1703 1634 in
1730 1606 1846 1636 com-

376 1658 600 1709 mercium,
635 1659 755 1702 licite
793 1662 839 1702 et
877 1659 993 1702 iuste
1025 1659 1267 1703 creduntur
1305 1660 1483 1717 adquiri
1517 1661 1555 1704 si
1589 1665 1846 1719 praeempta
1865 1678 1911 1708 20

378 1728 549 1772 fuerint
583 1731 663 1772 aut
697 1731 908 1785 coempta.
974 1729 1093 1782 Quid
1127 1730 1279 1773 enim?
1353 1730 1585 1788 Numquid
1616 1731 1664 1773 in
1699 1731 1846 1775 forum

337 1811 362 1841 c
379 1798 652 1856 approbante
691 1802 894 1854 praetore
933 1813 1023 1841 non
1062 1799 1253 1842 ueniunt
1288 1814 1401 1856 quae
1436 1800 1533 1843 iure
1567 1801 1753 1858 antiquo
1787 1801 1850 1846 sic

377 1867 661 1925 possidentur
679 1881 707 1909 a
728 1866 851 1910 laicis
878 1870 932 1910 ut
958 1870 1190 1911 transeant
1213 1869 1270 1911 ad
1291 1869 1473 1913 heredes
1493 1872 1540 1912 et
1558 1869 1693 1914 titulo
1713 1870 1850 1914 dona-

378 1936 515 1980 tionis
554 1939 634 1979 aut
676 1936 1017 1993 permutationis
1062 1937 1314 1981 alienentur
1357 1938 1415 1981 ab
1463 1938 1560 1983 eis‘ss
1630 1939 1708 1982 Ius
1746 1954 1852 1998 ergo

379 2004 683 2049 aduocationis
698 2009 778 2048 aut
793 2008 1055 2062 patronatus
1068 2006 1272 2051 ecclesiae
1289 2007 1396 2064 quid
1409 2008 1616 2065 prohibet
1630 2008 1851 2054 distrahi?
1871 2023 1912 2060 25

382 2094 404 2131 3
430 2083 574 2121 maiore
592 2082 658 2120 SM
814 2093 836 2129 9
861 2083 1025 2120 obtinuit
1042 2084 1081 2120 M
1240 2095 1281 2122 12
1307 2085 1486 2133 ymagine
1503 2086 1544 2122 M
1706 2097 1749 2134 13
1771 2092 1853 2135 post

381 2134 420 2189 et
438 2133 520 2167 add.
540 2131 586 2168 de
604 2131 642 2167 M
787 2141 833 2167 22
859 2132 1072 2178 aprobante
1091 2131 1116 2168 S

428 2206 452 2240 4
469 2197 579 2232 clero:
605 2195 644 2231 in
659 2206 734 2249 quo
748 2195 1017 2242 comprehendi
1033 2195 1156 2233 solent
1173 2207 1302 2234 omnes
1319 2195 1383 2242 qui
1400 2198 1596 2233 tonsuram
1610 2200 1851 2244 acceperunt,

382 2242 455 2280 etsi
474 2242 587 2279 sacris
604 2242 798 2279 ordinibus
817 2255 890 2279 non
907 2246 995 2279 sunt
1013 2243 1139 2279 induti
1154 2256 1162 2285 3
1181 2243 1280 2279 unde
1298 2244 1368 2280 hoc
1386 2243 1467 2281 loco
1485 2244 1530 2281 de
1549 2244 1602 2281 eis
1618 2244 1693 2282 dici
1705 2245 1855 2283 videtur

383 2290 449 2337 qui
467 2290 623 2337 gradum
642 2290 850 2327 sacerdotio
876 2290 1091 2327 inferiorem
1111 2291 1370 2328 obtinuerunt.
1513 2302 1536 2346 9
1560 2293 1745 2330 corbibus:
1771 2293 1795 2331 i.
1808 2306 1854 2339 e..

383 2341 427 2375 ut
460 2337 500 2374 in
533 2336 776 2383 sequentibus
805 2340 925 2384 patet,
951 2337 1217 2385 largitionibus
1241 2338 1553 2384 eleemosynariis.
1724 2351 1747 2386 9
1779 2354 1854 2379 non

385 2391 504 2422 tamen
529 2387 623 2432 quod
640 2387 735 2421 etc.:
763 2397 794 2421 v.
815 2385 944 2421 loann.
963 2385 1027 2421 xii.
1046 2388 1079 2422 6.
1242 2396 1284 2432 19
1307 2389 1503 2432 parodica:
1532 2386 1613 2423 Hoc
1630 2387 1854 2426 vocabulum

385 2432 487 2480 apud
515 2432 651 2469 Lexica
678 2431 834 2480 linguae
858 2432 1014 2470 Latinae
1036 2433 1161 2478 deest3
1188 2432 1246 2470 ita
1268 2435 1354 2478 ζωὴν
1374 2434 1560 2480 παροδικήν
1583 2446 1669 2482 opp.
1696 2436 1854 2483 ἔδριιμίνῃ

386 2479 502 2517 habet
530 2479 690 2516 Basilius
708 2481 811 2516 Hom.
830 2482 870 2516 in
897 2482 954 2516 I's.
979 2483 1051 2518 xiv.
1075 2481 1098 2516 i.
1121 2493 1153 2517 c.
1181 2491 1192 2517 1
1221 2479 1366 2535 (Migne
1384 2482 1519 2517 Pati-ol.
1539 2483 1601 2518 Gr.
1622 2482 1725 2518 xxix.
1743 2486 1852 2530 252);

387 2527 490 2575 quod
504 2539 592 2563 vero
610 2527 710 2574 apud
728 2526 800 2563 scri
830 2529 928 2564 tores
946 2527 1219 2565 ecclesiasticos
1230 2527 1364 2565 Latine
1382 2531 1648 2572 mnenon-ium,
1661 2529 1699 2565 id
1714 2530 1854 2569 Graece

385 2575 573 2619 παροδικύν
589 2574 740 2611 dicitur.
791 2539 862 2611 llic
881 2574 1005 2622 potius
1022 2575 1164 2612 dicitur
1181 2576 1227 2612 dc
1247 2575 1356 2612 rebus
1371 2587 1467 2621 quae
1485 2575 1570 2612 aliis
1588 2588 1757 2615 annexae
1775 2577 1854 2616 sint

389 2621 550 2669 ideoque
578 2634 663 2658 cum
696 2621 742 2657 iis
769 2621 807 2658 in
838 2622 1104 2659 commercium
1133 2622 1260 2659 venire
1287 2623 1443 2678 possint.
1588 2635 1632 2660 22
1657 2638 1749 2672 quae
1774 2628 1855 2663 iure

387 2672 468 2706 anti
515 2683 536 2705 ο
562 2672 659 2708 etc.:
697 2669 744 2706 cf.
770 2669 977 2706 ucetiensis
1004 2674 1140 2706 Summ.
1169 2673 1260 2707 Aur.
1285 2669 1339 2706 iii.
1366 2673 1408 2706 de
1434 2672 1514 2706 iure
1534 2677 1755 2717 patronatus
1781 2673 1852 2714 (ed.

387 2717 470 2764 Lug
498 2745 505 2753 .
537 2726 623 2764 1597
652 2729 687 2764 1).
714 2719 798 2762 221)
822 2719 983 2761 Qualiter
1008 2720 1255 2758 transfer-atur
1276 2720 1408 2753 scilicet
1434 2720 1492 2754 ius
1538 2725 1736 2763 avunculus,
1752 2726 1855 2767 patet

387 2765 445 2801 hin
476 2766 659 2800 uer-sibun:
692 2765 783 2800 Iura
806 2771 1024 2810 patmnatua
1047 2767 1205 2801 transire
1235 2767 1325 2809 facie
1358 2778 1476 2802 nouus
1533 2779 1640 2810 aeres,
1672 2769 1742 2804 Res
1769 2780 1854 2823 per·-

388 2818 537 2855 mumea.
572 2814 727 2854 donatio,
757 2814 940 2855 uendieiog
974 2812 1223 2858 insequuntur
1255 2812 1329 2849 loci
1362 2812 1558 2859 utriusque
1592 2814 1683 2851 iuris
1714 2814 1779 2851 ubi
1807 2815 1853 2853 ds

387 2860 518 2898 eadem
549 2871 588 2896 ro
617 2871 639 2895 n.
669 2859 756 2896 'tun
949 2869 991 2907 25
1019 2862 1199 2897 diaeo-ahi:
1234 2872 1265 2896 v.
1294 2860 1393 2898 lvon.
1420 2861 1567 2898 Carnot.
1597 2863 1699 2899 Decr.
1728 2862 1782 2899 iii.
1806 2863 1855 2918 4§

390 2906 543 2998 (Miglra
563 2908 603 2945 P.
660 2934 669 2946 .
695 2906 782 2945 clxi.
810 2907 908 2954 207),
933 2909 1104 2945 Decreeal.
1132 2906 1187 2945 iii.
1213 2910 1270 2945 28.
1297 2920 1351 2945 cc.
1380 2918 1445 2954 1-3
1472 2908 1545 2955 (ed.
1571 2908 1786 2959 Frisdberg.
1812 2921 1854 2950 u.
