1988 3250
4 50 9 53 ,,
14 47 19 57 «
24 56 25 60 Ἰ

5 73 13 114 ’.ἑ

4 119 14 146 A*

0 271 4 274 ,
12 269 19 286 ,ἵ

5 365 13 395 ἑ

2 420 20 450 >1

0 450 23 479 ἂν

6 492 13 501 .

7 509 23 527 ιτ

0 526 21 588 ί-

10 629 15 641 ἱ

138 204 237 240 σΔΡ.
249 191 301 254 v]
645 192 1082 238 POLICRATICVS
1618 205 1702 247 72⁰
1719 205 1751 235 a

138 328 271 372 quam
291 313 336 356 in
358 312 635 370 corripienda
654 312 842 370 pecunia
860 316 1111 371 occupatus,
1130 313 1240 357 adeo
1260 317 1313 358 ut
1332 314 1488 358 domus
1508 315 1603 358 eius

138 383 264 440 quasi
284 382 499 440 quaedam
519 381 846 425 munificentiae
865 382 1039 425 officina
1057 383 1319 426 crederetur.
1369 384 1467 427 Illic
1482 384 1600 427 enim

138 452 325 511 publicis
352 451 505 494 usibus
531 452 639 508 apta
665 454 952 494 monumenta
972 451 1307 502 extruebantur,
1326 452 1448 496 illinc
1471 456 1602 510 grata
1618 458 1646 496 b

138 521 326 580 publicis
345 520 482 564 oculis
503 519 752 577 spectacula
767 520 1023 574 edebantur,
1038 520 1162 564 illinc
1179 521 1409 578 epularum
1430 522 1602 579 magni·

101 611 121 646 5
138 590 210 634 fici
230 593 471 648 apparatus
495 589 748 647 labentique
775 604 977 633 annonae
996 590 1194 633 subsidia
1217 590 1486 633 oriebantur.
1548 590 1607 633 Et

138 674 238 704 cum
266 660 372 702 haec
392 659 624 709 uniuersis,
643 659 856 716 priuatim
884 659 1097 703 alimenta
1117 659 1268 716 inopia
1287 659 1607 712 laborantibus,

139 729 264 773 dotes
278 729 530 786 uirginibus
550 731 812 786 paupertate
832 729 1005 787 pressis,
1021 728 1219 772 subsidia
1238 728 1605 772 detrimentorum

139 799 318 843 incursu
334 797 553 855 quassatis
569 798 728 842 solatia
748 799 1067 856 erogabantur3
1097 798 1293 855 hospites
1308 812 1493 854 quoque,
1508 801 1605 840 tum

139 868 323 912 urbanis
354 868 602 925 penatibus,
631 870 728 911 tum
758 868 893 911 etiam
925 867 1103 911 rusticis
1132 867 1262 910 tectis
1291 867 1607 924 benignissime

83 957 126 984 ιο
142 938 327 995 excepti,
347 937 484 980 uariis
515 937 773 980 muneribus
804 937 950 980 ornati
983 937 1342 980 dimittebantur.
1404 936 1606 989 Quodam

140 1027 247 1057 uero
273 1015 470 1069 tempore
498 1012 763 1069 quingentos
788 1011 920 1054 simul
948 1010 1202 1054 Gelensium
1227 1011 1398 1068 equites
1422 1011 1469 1054 ui
1496 1015 1606 1054 tem-

139 1082 326 1141 pestatis
358 1082 406 1124 in
437 1081 730 1138 possessiones
764 1095 867 1124 suas
901 1080 1147 1137 compulsos
1182 1080 1296 1124 aluit
1328 1095 1379 1124 ac
1410 1081 1606 1124 uestiuit.

141 1151 262 1206 Quid
280 1151 452 1196 multa?
483 1149 587 1193 Non
602 1150 832 1194 mortalem
849 1149 1042 1207 aliquem
1062 1149 1139 1193 sed
1159 1150 1379 1207 propitiae
1401 1149 1608 1193 fortunae

141 1222 384 1280 benignum
411 1235 504 1264 esse
531 1220 699 1264 diceres
726 1221 886 1265 sinum.
948 1220 1066 1277 Ergo
1090 1220 1208 1277 quod
1233 1219 1390 1263 Gillias
1415 1219 1607 1277 posside-

85 1304 124 1340 η
142 1292 231 1343 bat,
257 1290 454 1335 omnium
485 1290 611 1347 quasi
638 1304 867 1334 commune
894 1290 1210 1347 patrimonium
1239 1293 1347 1340 erat,
1374 1303 1454 1346 pro
1483 1289 1610 1332 cuius

143 1360 286 1405 salute
316 1363 362 1403 et
391 1359 674 1403 incrementis
704 1362 801 1402 tum
830 1358 1127 1416 Agrigentina
1156 1358 1316 1401 ciuitas
1344 1361 1442 1400 tum
1473 1358 1608 1401 etiam
1627 1376 1651 1405 c

143 1429 315 1474 uicinae
331 1429 532 1487 regiones
549 1430 573 1485 <
579 1428 696 1471 uotis
709 1428 1033 1483 excubabant).
1077 1426 1191 1471 Cum
1207 1427 1303 1470 loca
1317 1442 1374 1470 ex
1387 1427 1610 1470 contraria

143 1501 271 1558 parte
294 1498 386 1542 sint
413 1499 569 1541 archas
596 1497 808 1540 habentia
841 1496 1189 1540 inexorabilibus
1223 1496 1429 1539 claustris
1463 1496 1610 1539 obser-

145 1570 243 1612 atas
255 1581 266 1621 3
295 1582 442 1611 nonne
475 1566 842 1624 praestantiorem
871 1566 1100 1623 aliquanto
1130 1566 1357 1609 existimes
1381 1565 1503 1608 illam
1528 1566 1610 1608 im·

86 1651 130 1677 ιο
146 1651 327 1695 pensam
348 1651 481 1694 quam
502 1637 616 1679 hanc
636 1635 911 1679 custodiam?
951 1635 1152 1692 Denique
1165 1635 1376 1692 quicquid
1391 1634 1611 1692 sapientia

147 1706 352 1765 disponit,
394 1706 690 1764 approbatur;
739 1705 858 1762 quod
906 1705 1134 1748 temeritas
1182 1705 1439 1762 praesumit,
1479 1719 1611 1748 uerae

145 1775 291 1820 laudis
320 1775 517 1820 fructum
547 1789 825 1832 nequaquam
856 1774 1118 1832 assequitur.

147 1896 255 1956 Cap.
278 1906 318 1952 5.
358 1896 424 1940 De
454 1895 630 1940 duobus
661 1894 962 1939 naturalibus
995 1893 1235 1951 affectibus,
1265 1894 1429 1938 scilieet
1461 1909 1616 1939 amore

262 1967 380 2011 iusti
406 1970 445 2010 et
465 1980 618 2010 amore
638 1965 858 2009 commodi
870 1983 888 2015 ;
919 1968 959 2008 d
986 1966 1040 2008 de
1063 1965 1239 2022 sequela
1267 1979 1436 2017 eorum,
1463 1979 1616 2009 amoro

90 2062 132 2099 ,5
264 2036 427 2081 scilicet
441 2035 664 2079 libertatis
678 2039 717 2078 et
733 2049 886 2078 amore
905 2034 1185 2078 dominandi
1198 2053 1217 2084 ,·
1248 2038 1287 2078 et
1307 2035 1361 2078 de
1381 2049 1615 2091 compara-

263 2105 387 2150 tione
420 2105 595 2149 Cesarie
629 2108 668 2147 et
704 2104 892 2149 Catonis
903 2122 922 2154 ;
966 2104 1020 2147 de
1056 2103 1331 2154 Alexandro,
1368 2103 1616 2155 Aristoma,

265 2175 486 2232 Auyueto,
500 2178 539 2219 et
546 2174 738 2218 Platone
745 2192 764 2225 ;
785 2177 824 2217 et
840 2173 893 2217 de
908 2172 979 2216 his
991 2172 1075 2230 qui
1087 2172 1174 2217 uia
1188 2172 1330 2216 deuia
1342 2173 1405 2216 ad
1419 2172 1617 2230 yloriam

259 2248 475 2302 peryunt.

207 2343 331 2387 Duos
351 2342 528 2400 quidem
549 2341 733 2385 affectus
753 2340 800 2397 in
820 2340 998 2384 homine
1017 2340 1075 2383 ab
1095 2340 1226 2384 initio
1245 2340 1448 2384 extitisse
1468 2354 1618 2384 sacrae

92 2427 135 2462 ³0
152 2412 407 2471 Scripturae
437 2411 642 2469 designat
672 2411 926 2463 auctoritas,
958 2410 1207 2468 appetitum
1238 2409 1405 2454 scilicet
1434 2409 1542 2452 iusti
1572 2414 1618 2454 et

150 2527 173 2555 2
197 2517 304 2564 quasi
317 2529 383 2554 om.
397 2517 429 2552 A
442 2518 482 2552 in
495 2522 612 2560 tea-tm
627 2517 731 2551 habet
743 2517 783 2550 in
797 2525 910 2559 mar-9.
998 2524 1019 2560 3
1045 2513 1336 2551 exstruebantur
1348 2513 1389 2548 M
1471 2514 1492 2550 8
1511 2524 1618 2559 quas-

151 2566 254 2602 natus
274 2565 314 2601 M
413 2574 454 2610 17
480 2563 581 2600 uotis
598 2562 839 2600 excubabant
856 2563 998 2608 quaein
1011 2563 1112 2598 oodd.
1125 2563 1253 2597 amnt
1267 2574 1312 2597 ex
1328 2562 1405 2596 Val.
1418 2562 1520 2596 Max.
1537 2573 1619 2606 eup-

148 2613 254 2696 ἴίῑουί.
350 2621 396 2656 24
412 2610 560 2648 comodi
577 2610 638 2647 CB
735 2611 781 2646 26
798 2609 972 2646 cathonis
990 2609 1014 2646 S
1033 2611 1074 2644 in
1091 2610 1192 2646 rubr.
1205 2621 1284 2655 cap.
1294 2610 1417 2654 praef.
1450 2607 1616 2644 Aristole

280 2668 324 2704 27
350 2661 394 2695 de
410 2670 482 2695 om.
496 2658 525 2695 O
620 2657 695 2694 hiis
711 2657 736 2694 S
753 2660 794 2693 in
811 2658 910 2693 rubr.
925 2658 1127 2703 mppr-aes.
1226 2666 1274 2702 30
1296 2655 1485 2702 apetitum
1498 2654 1522 2691 S

198 2757 220 2783 2
246 2747 351 2782 Illic:
377 2747 482 2780 illinc
496 2745 580 2781 Val.
598 2743 699 2780 Max.
894 2753 934 2788 17
965 2743 1055 2779 Cum
1072 2744 1148 2779 loca
1165 2755 1210 2778 ex
1225 2743 1410 2778 contraria
1424 2747 1530 2788 parte
1546 2743 1621 2777 eim

152 2795 281 2830 archas
297 2794 487 2829 habentia:
517 2793 668 2828 conloca
680 2803 724 2827 ex
733 2793 918 2828 contraria
931 2796 1038 2837 parte
1050 2802 1155 2826 arcas
1166 2790 1247 2826 Val.
1261 2789 1361 2825 Max.
1458 2799 1504 2834 29
1520 2790 1622 2824 Duos

154 2843 247 2879 etc.:
273 2840 320 2878 cf.
339 2840 433 2888 Aug.
453 2839 500 2876 de
522 2840 610 2876 Gen.
628 2841 677 2876 ad
695 2840 782 2876 Litt.
800 2838 850 2875 xi.
871 2849 923 2884 14,
946 2847 986 2885 15
1007 2837 1154 2884 (Migne
1171 2839 1211 2874 P.
1229 2838 1271 2874 L.
1289 2835 1412 2873 xxxiv.
1427 2838 1508 2881 436,
1521 2840 1621 2882 437).

1404 2911 1469 2943 ²43
