1988 3250
176 202 275 237 οΑΡ.
290 191 400 249 1111]
688 189 1124 237 POLICRATICVS
1655 155 1734 245 765
1753 204 1779 234 c

174 308 369 366 pupillus
389 323 445 352 ex
465 323 528 360 ea,
547 308 585 351 si
605 307 714 352 foris
743 308 908 352 mansit
934 309 1193 365 peregrinus
1222 312 1268 354 et
1291 310 1454 354 ostium
1483 325 1631 354 meum
1651 328 1676 358 c

174 391 263 420 non
282 377 431 434 patuit
458 377 632 427 uiatori,
652 377 690 420 si
719 376 900 434 despexi
930 380 1285 434 praetereuntem
1316 393 1367 423 eo
1397 379 1514 436 quod
1543 394 1633 423 non

173 446 379 489 habuerit
408 445 716 489 indumentum
745 448 792 488 et
823 445 987 502 absque
1019 446 1292 503 operimento
1322 461 1572 504 pauperem,
1596 450 1634 492 si

173 529 262 558 non
282 515 605 558 benedixerunt
631 514 766 558 michi
791 514 933 558 latera
957 514 1050 558 eius
1071 518 1118 558 et
1142 515 1196 558 de
1226 515 1464 559 uelleribus
1484 518 1635 560 ouium

135 598 155 632 5
173 598 370 627 mearum
403 583 642 627 calefactus
673 586 752 627 est.
815 583 926 627 Vter
960 583 1043 626 tibi
1074 583 1281 627 uideatur
1309 584 1544 636 liberalior,
1564 586 1635 629 hic

173 667 230 696 an
263 651 496 704 Antonius,
528 652 605 710 qui
639 652 898 696 liberalitati
927 652 1132 696 satisfieri
1174 667 1300 710 posse
1329 668 1418 696 non
1448 654 1635 697 credidit

172 721 258 764 nisi
289 721 439 780 gulam
475 724 521 766 et
550 721 689 766 totius
718 721 922 765 luxuriae
952 721 1066 764 uitia
1099 722 1386 778 procuraret?
1445 722 1635 767 Videsne

172 790 277 848 quia
296 790 531 848 multiplici
557 791 633 834 uia
659 793 806 848 potest
829 790 1044 834 auaritiae
1074 791 1266 848 suspicio
1296 790 1533 849 frugaliter
1561 793 1635 836 de-

171 859 360 904 clinari?
419 860 752 918 Hospitalitatis
786 860 950 903 bonum
979 860 1258 904 commendat
1288 860 1527 917 Apostolus
1557 877 1636 919 per

115 945 157 970 ιο
173 928 290 986 quod
310 929 404 972 Deo
424 929 538 973 adeo
552 928 730 973 officiosi
746 929 941 986 hospites
955 929 1218 986 placuerunt
1233 933 1285 974 ut
1300 930 1435 974 etiam
1456 931 1635 988 angelos

173 997 366 1056 hospitio
386 998 578 1055 recipere
597 1000 885 1042 mererentur.
945 998 1173 1042 Abraham
1194 998 1561 1044 descendentibus
1587 1002 1635 1044 in

172 1067 249 1111 uia
267 1067 377 1111 uiris
397 1067 588 1112 occurrit
607 1070 664 1119 et,
674 1067 941 1112 exercendae
953 1067 1235 1111 liberalitatis
1250 1072 1410 1126 optans
1429 1070 1633 1127 gratiam,

173 1137 352 1195 angelos
384 1137 431 1180 in
461 1137 703 1194 hospitium
734 1136 987 1181 humilitate
1017 1137 1159 1181 uictos
1189 1140 1235 1181 et
1264 1138 1466 1195 precibus
1496 1139 1633 1183 intro·

173 1205 306 1249 ducit.
366 1205 442 1249 Eis
461 1209 610 1249 tamen
634 1205 859 1250 incentiua
877 1205 1008 1264 gulae
1029 1221 1305 1264 nequaquam
1338 1209 1534 1265 apponit,
1555 1224 1634 1253 nec
1651 1210 1680 1250 d

115 1293 154 1328 ¹5
173 1275 379 1326 uitulum,
408 1289 538 1332 quem
567 1274 622 1318 de
651 1278 852 1318 armento
883 1275 1014 1328 tollit,
1043 1276 1280 1333 impendiis
1310 1292 1458 1321 rerum
1491 1282 1536 1322 et
1565 1294 1633 1323 co-

172 1359 321 1388 corum
356 1347 452 1388 arte
484 1343 591 1388 fecit
629 1358 722 1388 esse
755 1343 1006 1388 Troianum.
1066 1345 1182 1389 Loth
1222 1361 1396 1404 quoque
1432 1348 1635 1392 luxuriae

171 1413 401 1472 punitores
427 1413 607 1471 angelos
633 1413 868 1457 deuotione
889 1418 1076 1471 urgente
1104 1415 1151 1458 in
1175 1415 1355 1459 domum
1377 1431 1503 1460 suam
1531 1418 1634 1476 egit,

171 1485 216 1527 et
235 1482 338 1526 licet
357 1483 421 1526 eis
439 1482 496 1526 ad
523 1482 673 1540 gulam
697 1482 888 1527 aliamue
914 1484 1138 1527 luxuriam
1163 1499 1252 1529 non
1277 1486 1475 1535 seruiret‚
1497 1487 1633 1530 nichil

171 1554 321 1596 tamen
356 1551 503 1595 defuit
536 1552 736 1605 caritati;
780 1552 890 1596 adeo
921 1553 1100 1611 quidem
1134 1557 1186 1598 ut
1217 1557 1263 1598 et
1303 1555 1632 1599 Sodomitarum

113 1634 156 1659 το
173 1620 314 1665 furori
334 1620 530 1678 uirgines
548 1621 664 1665 filias
684 1636 817 1679 quam
838 1622 1034 1680 hospites
1054 1623 1206 1667 mallet
1226 1638 1457 1681 exponere.
1518 1625 1632 1670 Cum

169 1690 217 1734 in
237 1690 366 1735 domo
387 1689 549 1734 Tobiae
569 1690 664 1734 dies
684 1690 826 1735 festus
852 1695 1071 1749 ageretur,
1091 1692 1225 1743 Vade,
1246 1693 1404 1750 inquit,
1425 1698 1470 1738 et
1490 1695 1632 1738 adduc

169 1759 338 1817 aliquos
363 1759 418 1802 de
442 1759 563 1803 tribu
586 1763 739 1804 nostra
767 1761 976 1805 timentes
1000 1761 1171 1814 Deum;
1200 1778 1342 1820 neque
1369 1764 1486 1806 enim
1514 1764 1630 1808 diem

169 1828 333 1872 festum
353 1829 426 1886 agi
446 1842 571 1886 posse
586 1829 776 1887 putabat
795 1830 882 1873 nisi
901 1830 1094 1888 aliquem
1111 1831 1166 1874 ad
1180 1831 1468 1876 domesticum
1484 1837 1629 1877 cetum

170 1897 331 1942 caritas
349 1897 589 1942 adiecisset.
648 1899 736 1943 Sed
757 1899 805 1943 in
824 1900 1029 1943 omnibus
1049 1900 1119 1944 his
1139 1901 1291 1945 eadem
1313 1905 1381 1945 est
1400 1902 1630 1947 ordinatae

112 1982 153 2017 ²5
171 1967 439 2025 dispensatio
469 1967 680 2013 caritatis.
750 1969 870 2022 Quos
902 1970 1018 2013 enim
1054 1985 1133 2027 per
1166 1971 1287 2014 uiam
1317 1971 1631 2017 descendentes
1648 1975 1734 2024 766
1754 1986 1783 2014 a

171 2036 344 2094 aspexit
388 2036 626 2089 Abraham,
665 2037 755 2082 illis
794 2039 1009 2096 potiorem
1050 2043 1281 2097 praestant
1319 2042 1630 2087 auctoritatem

170 2105 246 2163 qui
281 2106 328 2148 in
359 2105 435 2149 uia
467 2120 651 2158 morum,
672 2107 768 2166 lege
807 2108 974 2153 scilicet
1008 2109 1201 2160 Domini,
1231 2111 1511 2168 gradiuntur.
1573 2113 1631 2156 Et

170 2177 286 2219 recte
305 2174 616 2221 descendentes
635 2176 891 2221 scribuntur
911 2193 1020 2235 quos
1039 2179 1096 2222 ad
1117 2180 1419 2223 uisitationem
1440 2185 1486 2225 et
1506 2197 1630 2239 prae·

169 2243 356 2287 bendam
376 2244 606 2288 materiam
625 2247 902 2303 promerendi
933 2248 991 2292 ad
1019 2252 1300 2306 conspectum
1327 2250 1470 2294 fidelis
1489 2252 1630 2309 patris

171 2386 187 2414 1
215 2375 381 2413 hostium
397 2375 470 2413 A¹S
634 2378 656 2414 8
681 2381 806 2425 potest
822 2378 886 2416 uia
906 2379 946 2416 M
1114 2391 1157 2428 19
1181 2381 1337 2419 karitati
1355 2382 1416 2419 CB
1583 2396 1627 2430 ²4

169 2422 311 2460 karitas
328 2423 358 2458 Β
469 2422 528 2460 hie
545 2424 718 2462 omnibus
734 2426 767 2462 A
883 2427 958 2464 hiis
976 2427 1001 2464 S
1164 2439 1206 2476 25
1234 2429 1412 2467 karitatis
1428 2430 1488 2467 BS

171 2540 575 2628 msicffidssf‘iiifi}
597 2538 964 2638 ἔῒῗῖἕζηξὲῗ.
989 2595 1009 2631 7
1036 2542 1119 2633 <732
1131 2542 1330 2635 5333?
1341 2555 1349 2579 ²
1386 2542 1433 2580 ‘³⁶
1448 2600 1471 2636 9
1480 2555 1629 2637 ‘fflpsst

171 2631 326 2666 talitatis
342 2630 433 2666 eta:
458 2642 490 2666 v.
507 2630 620 2668 Hebr.
635 2631 715 2668 xni.
733 2643 766 2669 2.
920 2643 957 2670 11
987 2636 1172 2671 Abraham
1191 2639 1262 2672 etc.
1278 2650 1286 2672 ε
1311 2649 1344 2673 v.
1369 2635 1463 2675 Gen.
1480 2638 1584 2674 xviii.
1604 2650 1623 2674 2

170 2688 271 2731 seqq.
320 2678 628 2731 descendentibus:
650 2691 683 2716 v.
700 2678 802 2716 infra
820 2679 974 2724 (766A);
999 2682 1070 2719 hoe
1087 2684 1217 2720 tamen
1235 2684 1456 2721 vocabulum
1473 2684 1514 2722 in
1532 2685 1625 2722 Gen.

170 2724 272 2760 xviii.
289 2734 308 2759 2
327 2735 405 2760 non
423 2735 597 2770 reperies.
742 2728 784 2763 16
812 2728 1032 2765 I'mianum:
1057 2741 1090 2766 v.
1108 2730 1271 2767 Macrob.
1288 2734 1364 2769 Sat.
1381 2731 1436 2769 iii.
1459 2743 1500 2778 13
1519 2732 1537 2779 ξ
1562 2743 1601 2778 13
1619 2748 1626 2774 ;

171 2772 222 2808 cf.
240 2782 354 2817 supra
371 2783 404 2807 c.
421 2779 442 2816 7
462 2772 611 2816 (7361).
659 2773 750 2809 Loth
766 2775 860 2811 ete.:
886 2787 917 2812 v.
933 2774 1025 2813 Gen.
1036 2776 1112 2812 xix.
1131 2788 1260 2824 lseqq.
1388 2790 1444 2821 20,
1463 2790 1504 2816 21
1536 2781 1625 2816 Cum

171 2822 212 2854 in
227 2820 330 2855 domo
346 2821 418 2854 etc.
433 2830 442 2854 ε
467 2830 499 2855 v.
515 2817 603 2855 Tob.
621 2818 661 2856 ii.
681 2829 711 2866 1,
730 2831 764 2857 2.
907 2832 951 2867 27
978 2825 1018 2859 in
1034 2825 1099 2860 uia
1116 2826 1207 2862 etc-z
1234 2837 1266 2861 v.
1284 2824 1340 2862 Ps.
1357 2825 1480 2863 cxviii.
1500 2837 1530 2864 1.

1453 2905 1517 2940 3²3
