1988 3250
209 212 289 252 διο
303 221 336 251 a
660 208 924 254 IOANNIS
962 208 1476 254 SARESBERIENSIS
1603 207 1716 270 [ms.
1731 218 1826 253 vm

1040 330 1242 374 Tantone
1260 345 1479 374 nouorum

469 391 690 446 prouentu
710 389 922 433 scelerum
943 392 1164 446 quaerunt
1184 393 1287 432 uter
1305 387 1494 446 imperet
1511 388 1608 433 orbi
1623 389 1642 432 ’ἶ

470 447 572 549 {312
574 448 701 549 ἓξὲξ.
719 446 869 491 fuerat
887 447 1039 492 ciuilia
1058 447 1175 491 bella
1193 462 1372 491 mouere

353 597 661 641 Rectissimam
681 598 903 642 eminendi
926 598 1048 641 uiam
1068 597 1220 641 docuit
1246 596 1466 648 Christus,
1485 597 1562 654 qui
1588 595 1827 653 discipulos
1846 616 1867 651 ὅ

353 680 457 710 suos
477 667 656 724 regibus
678 667 882 725 gentium
908 667 1054 710 noluit
1081 665 1349 709 conformari
1378 668 1431 708 ut
1465 665 1750 709 dominentur
1778 665 1827 707 in

354 735 546 779 subditis
575 739 622 780 et
648 737 725 793 qui
749 740 1015 794 potestatem
1040 738 1249 778 exercent
1278 734 1461 778 benefici
1491 735 1721 787 dicantur;
1750 734 1828 778 sed

308 806 338 845 b
356 805 433 861 qui
455 805 598 848 maior
621 809 689 849 est
718 809 875 863 sponte
901 806 1150 848 minoretur
1175 807 1221 847 et
1250 804 1393 847 solum
1417 819 1524 862 prae
1550 804 1707 848 ceteris
1731 804 1829 848 iure

354 874 515 931 quiete,
534 875 708 918 uiribus
727 879 773 919 et
792 875 1074 919 contentione
1094 876 1277 926 remota,
1297 873 1382 916 sibi
1408 873 1614 917 uendicet
1637 873 1828 917 officium

353 943 651 988 ministrandi.
712 945 775 988 At
810 944 885 987 isti
925 944 1059 987 aliam
1098 942 1419 1000 praetulerunt,
1457 942 1742 987 ascendentes
1771 957 1830 986 ex
1847 958 1892 985 ιο

317 1013 337 1049 ’ν
353 1012 541 1056 aduerso
561 1012 767 1064 fratrum,
782 1016 829 1056 et
848 1013 1133 1056 ministrandi
1154 1011 1409 1056 humilitate
1429 1012 1591 1056 reiecta
1610 1014 1831 1070 appetunt

354 1096 460 1139 prae
474 1082 652 1140 regibus
664 1083 866 1140 gentium
879 1082 1118 1135 dominari3
1145 1096 1225 1126 nec
1241 1081 1427 1124 dubium
1443 1081 1552 1139 quin
1565 1081 1830 1139 frigescente

354 1151 490 1194 immo
510 1151 710 1195 extincta
739 1151 925 1195 caritate
951 1151 1098 1194 sedem
1119 1166 1246 1194 suam
1267 1154 1313 1194 et
1332 1150 1418 1208 ipsi
1439 1146 1609 1208 ponant
1627 1150 1685 1193 ad
1704 1150 1829 1207 aqui·

354 1221 499 1264 lonem
516 1236 526 1274 ;
568 1221 785 1278 siquidem
827 1221 1065 1278 productos
1104 1221 1235 1264 odere
1269 1233 1410 1277 pares.
1470 1220 1653 1263 Vtinam
1689 1219 1829 1263 secuti

353 1293 501 1334 essent
520 1291 597 1347 qui
625 1305 677 1334 ea
696 1290 908 1334 uiderunt
931 1294 1132 1348 tempora
1151 1290 1383 1334 consilium
1405 1289 1547 1341 Bruti,
1573 1304 1601 1332 a
1617 1304 1708 1346 quo
1727 1303 1829 1332 eum
1848 1300 1889 1343 τε

354 1360 614 1403 imminente
641 1360 755 1403 bello
790 1360 912 1404 ciuili
948 1360 1133 1404 Catonis
1159 1359 1327 1403 auertit
1358 1359 1611 1403 auctoritas.
1670 1359 1830 1402 Decre-

356 1432 485 1472 uerat
504 1430 622 1472 enim
643 1445 802 1473 manus
821 1445 925 1473 suas
945 1430 1003 1473 ab
1022 1429 1159 1472 armis
1179 1429 1404 1473 continere
1424 1429 1643 1480 ciuilibus,
1668 1428 1831 1485 quibus

355 1502 524 1555 quanto
539 1499 725 1556 quisque
738 1499 950 1543 libentius
963 1502 1009 1543 et
1022 1499 1184 1543 fortius
1199 1499 1484 1550 immiscetur,
1496 1502 1625 1543 tanto
1636 1498 1831 1556 iniquior

355 1572 402 1612 et
421 1568 657 1612 immanior
676 1572 753 1612 est.
814 1569 895 1612 Ait
914 1584 1043 1627 ergo:

473 1660 605 1703 Nunc
625 1675 767 1717 neque
787 1660 983 1717 Pompeii
1005 1661 1196 1703 Brutum
1215 1674 1295 1704 nec
1315 1658 1491 1705 Cesaris
1509 1660 1682 1704 hostem
1846 1675 1894 1701 20

471 1722 573 1776 post
591 1719 755 1761 bellum
776 1718 958 1762 uictoris
977 1719 1124 1763 habes.

314 1820 341 1851 c
358 1809 407 1854 Si
428 1825 533 1868 ergo
556 1810 734 1867 sapiant
760 1810 807 1852 hi
833 1824 914 1867 pro
938 1824 1126 1867 quorum
1157 1810 1352 1853 dominio
1372 1810 1609 1854 scismatici
1635 1809 1829 1868 litigant,

357 1894 431 1923 eos
450 1880 564 1923 solos
584 1894 842 1923 concurrere
858 1879 1101 1936 patiantur,
1117 1879 1322 1923 alterutri
1339 1883 1543 1923 metuant
1557 1895 1685 1938 opem
1701 1879 1830 1932 ferre,

356 1949 513 1993 incerti
535 1949 634 2006 quis
655 1949 799 1992 uictor
823 1949 1004 1992 futurus
1027 1949 1099 2001 sit,
1118 1949 1315 2007 certique
1334 1953 1504 2007 quanta
1523 1964 1657 2007 quam
1676 1949 1830 2007 grauis

355 2019 487 2063 ruina
506 2019 638 2063 uictis
657 2019 898 2062 immineat.
1846 2029 1890 2065 ’ὅ

356 2141 411 2215 {13⁸
430 2130 531 2215 ἰΑιιέεἰῙ
526 2129 550 2167 S
645 2129 808 2168 caritate
825 2130 942 2168 immo
959 2130 1134 2169 extincta
1150 2131 1183 2167 A
1325 2141 1367 2169 21
1394 2130 1499 2179 post]
1518 2130 1582 2168 sed
1599 2131 1640 2168 M
1782 2140 1827 2169 22

386 2190 414 2215 11

409 2290 423 2317 1
457 2281 617 2316 Tantone
634 2281 703 2316 etc.
718 2292 727 2315 :
754 2278 842 2316 Luc.
859 2280 987 2315 Phara.
1007 2277 1047 2316 ii.
1064 2279 1195 2325 60-63.
1357 2288 1387 2327 5,
1406 2281 1430 2317 6
1453 2282 1519 2327 qui
1534 2281 1730 2327 discipulos
1744 2292 1829 2317 euos

357 2329 432 2364 etc.
447 2339 455 2364 ε
475 2339 506 2363 v.
522 2326 608 2364 Luc.
622 2326 713 2364 xxii.
724 2337 743 2363 2
749 2335 767 2373 5
779 2338 881 2373 seqq.
986 2337 1029 2363 10
1054 2329 1102 2363 At
1116 2329 1177 2363 isti
1189 2329 1322 2363 aliam:
1349 2326 1468 2364 minio
1482 2327 1629 2365 notavit
1642 2327 1828 2366 Parkerut

354 2374 397 2411 in
415 2375 496 2412 cod.
516 2374 555 2411 C.
702 2384 755 2417 ιι,
779 2383 820 2411 12
844 2376 972 2410 reiecta
989 2379 1164 2420 appetunt
1177 2387 1267 2421 prae
1283 2376 1424 2421 reqibua
1441 2377 1605 2421 qents'um
1620 2377 1827 2414 dominari:

357 2421 478 2458 minio
496 2421 645 2459 notavit
662 2421 846 2458 parkerus
862 2420 903 2457 in
922 2422 1001 2458 cod.
1017 2422 1056 2458 C.
1248 2433 1288 2459 12
1306 2424 1524 2469 friyescente
1540 2425 1613 2460 etc.
1628 2435 1638 2459 ε
1662 2434 1695 2460 v.
1713 2423 1825 2460 Matr..

357 2468 456 2506 xxiv.
474 2479 525 2506 12.
629 2479 640 2505 ι
649 2479 669 2515 3
696 2475 726 2504 et
742 2470 815 2515 ipsi
829 2482 837 2505 ι
864 2471 907 2505 ut
924 2480 986 2506 rex
1003 2468 1234 2515 Babyloniae
1252 2470 1457 2507 secundum
1473 2469 1542 2506 Isn..
1557 2469 1630 2507 xiv.
1645 2480 1697 2517 13,
1715 2482 1827 2517 quem

358 2516 483 2554 locum
501 2516 547 2553 de
563 2515 715 2552 diabolo
733 2516 1032 2563 interpretantur
1050 2519 1092 2552 ut
1108 2516 1223 2554 ceteri
1243 2517 1372 2554 Patres
1390 2517 1444 2554 sic
1462 2517 1577 2554 etiam
1595 2516 1652 2553 Au
1682 2545 1689 2553 .
1706 2518 1748 2555 δη
1766 2519 1824 2555 Ρσ.

357 2566 422 2601 lix.
454 2574 496 2600 10
526 2563 595 2611 (Mi
628 2575 673 2600 nc
702 2565 741 2600 P.
772 2565 814 2600 L.
843 2563 965 2600 xxxvi.
995 2567 1090 2608 721).
1122 2576 1235 2610 quem
1262 2564 1334 2602 hoc
1363 2565 1446 2602 loco
1471 2564 1641 2611 sequitur
1686 2576 1828 2603 oannes

358 2613 498 2649 notter.
571 2609 600 2646 E
629 2639 637 2647 .
667 2610 778 2665 Vulg.
809 2610 993 2648 hodierna
1025 2611 1144 2649 habet
1179 2614 1299 2649 sedebo
1337 2615 1378 2648 in
1415 2614 1590 2649 later-ibus
1619 2614 1825 2660 aquiloni-33

358 2658 596 2706 Augustinus
611 2660 738 2695 nutem
756 2670 796 2694 m
813 2658 894 2695 loco
912 2670 1026 2705 supra
1039 2658 1103 2695 cit.
1118 2671 1254 2705 ponam
1269 2662 1386 2696 oedem
1403 2672 1518 2696 meam
1534 2662 1584 2696 ad
1606 2661 1823 2715 aquilonem.

361 2716 405 2752 ¹4
428 2708 618 2753 productae
633 2708 735 2741 odem
748 2716 878 2752 pam:
907 2705 994 2743 Luc.
1013 2708 1140 2744 Phara.
1158 2706 1204 2743 iv.
1225 2717 1316 2752 7103
1369 2709 1530 2744 mductoe
1552 2708 1598 2745 de
1621 2707 1668 2744 im
1692 2706 1758 2754 qui
1775 2707 1826 2745 ad

354 2753 582 2802 dignitatem
601 2752 767 2799 aliquam
782 2753 1006 2800 ampliorem
1024 2753 1142 2791 evecti
1157 2753 1235 2790 sint
1252 2720 1475 2802 inteficgere
1493 2754 1641 2792 videtur
1653 2754 1826 2792 Ioannes.

360 2811 401 2848 15
428 2803 618 2838 concilium
637 2802 747 2837 Bruto·
762 2804 860 2838 etc.:
887 2812 918 2837 v.
945 2800 1032 2838 Luc.
1058 2803 1187 2839 Phara.
1211 2801 1251 2838 ii.
1277 2812 1459 2850 234⁸eqq.
1650 2812 1696 2839 20
1718 2803 1826 2840 Nunc

356 2861 469 2897 neque
485 2850 648 2896 Pompeii
664 2851 736 2886 etc.
751 2861 760 2885 z
787 2847 874 2886 Luc.
892 2849 1019 2886 Pham.
1038 2848 1077 2887 ii.
1095 2851 1176 2897 283.
1196 2851 1275 2896 284.

466 2929 532 2964 ⁴0⁸
