1988 3250
179 202 280 238 cir.
295 187 388 252 vn]
693 189 1132 235 POLICRATICVS

178 312 370 370 pretium
403 310 498 354 eius
531 309 734 360 uiluerat,
768 311 869 366 post
899 309 1141 366 praemissa
1173 309 1383 352 subiecit:
1422 309 1560 353 Nullo
1594 310 1641 352 in

178 381 342 424 honore
354 393 471 422 nunc
485 381 572 430 est;
597 377 715 434 quod
727 377 930 434 equidem
946 377 1094 428 miror,
1107 391 1207 420 cum
1224 378 1284 420 sit
1299 392 1427 420 rarus
1442 378 1640 420 inuentu.

178 448 266 492 Sed
304 462 393 490 non
432 447 510 490 diu
548 446 674 490 stetit
712 446 819 488 haec
862 445 1140 502 parsimonia.
1213 445 1331 487 Nam
1369 447 1642 502 temporibus

178 517 331 561 Seueri
361 515 572 573 principis
596 514 855 558 Samonicus
879 514 1083 564 Serenus,
1099 514 1171 556 uir
1200 515 1348 557 seculo
1369 529 1450 557 suo
1474 515 1641 565 doctus,

138 601 158 636 5
177 586 394 630 subiciens
422 585 560 628 uerba
590 584 745 627 Plinii:
775 583 879 626 Non
906 586 974 626 est
1000 583 1198 633 dubium,
1222 583 1299 633 ait,
1329 583 1493 640 piscem
1523 584 1641 627 hunc

175 655 298 698 nullo
319 655 367 697 in
390 655 555 697 honore
576 653 754 696 Traiani
781 652 1054 709 temporibus
1079 652 1304 704 extitisse;
1334 667 1491 695 uerum
1513 653 1570 695 ab
1589 668 1641 696 eo

175 723 262 768 diei
281 724 399 781 apud
419 723 626 779 antiquos
647 721 783 765 fuisse
804 722 851 764 in
871 722 1025 778 pretio.
1085 722 1181 778 Ego
1201 724 1351 764 autem
1372 722 1640 764 testimoniis

174 793 321 851 palam
342 792 456 836 facio
475 792 547 835 uel
567 806 618 835 eo
638 791 779 848 magis
800 790 917 848 quod
936 790 1128 848 gratiam
1150 791 1244 833 eius
1266 791 1396 834 uideo
1416 791 1473 833 ad
1486 791 1640 848 epulas

174 861 300 919 quasi
327 861 598 919 postliminio
622 861 814 911 rediisse,
845 860 1007 917 quippe
1035 860 1112 917 qui
1141 860 1447 917 indignatione
1475 863 1640 910 nostra,

117 945 274 974 locum
305 931 506 974 intersim
537 930 742 974 conuiuio
776 944 910 981 sacro,
940 929 1293 972 animaduertam
1326 930 1444 972 hunc
1476 930 1638 986 piscem

175 1014 203 1043 a
221 1000 440 1044 coronatis
459 999 674 1042 ministris
700 1014 799 1042 cum
828 999 1009 1042 tibicine
1030 998 1269 1041 introferri.
1331 998 1532 1056 Longum
1554 999 1641 1041 erit

174 1069 212 1112 si
246 1069 395 1112 omnia
433 1084 545 1126 quae
586 1069 703 1126 leges
741 1069 928 1112 cibarias
968 1068 1243 1111 induxerunt
1283 1068 1354 1111 uel
1396 1084 1423 1111 a
1461 1068 1640 1111 cibariis

174 1138 345 1197 legibus
367 1141 474 1182 nata
493 1141 598 1181 sunt
622 1138 803 1181 uoluero
830 1152 1061 1190 enarrare;
1091 1153 1190 1181 cum
1212 1152 1291 1181 nec
1312 1138 1445 1180 luxus
1466 1152 1637 1180 morum

173 1222 371 1251 sermone
399 1207 548 1250 ualeat
570 1207 879 1264 comprehendi
904 1210 950 1250 et
978 1207 1070 1250 sint
1097 1207 1289 1264 plurima
1316 1207 1462 1250 seculo
1486 1209 1639 1248 nostro

116 1295 154 1330 ¹5
173 1276 398 1334 incognita
411 1291 523 1333 quae
539 1276 604 1318 illi
620 1276 691 1319 uel
708 1276 855 1320 uerbis
871 1277 1116 1334 exprimere
1132 1276 1204 1319 uel
1221 1291 1424 1320 exercere
1440 1276 1638 1319 moribus

171 1348 424 1403 potuerunt.
483 1345 610 1388 Sicut
627 1346 745 1388 enim

344 1419 500 1463 Grecia
528 1422 659 1477 capta
687 1419 831 1463 ferum
862 1420 1075 1464 uictorem
1105 1420 1224 1478 cepit
1254 1423 1299 1463 et
1328 1423 1449 1463 artes

344 1478 499 1520 intulit
527 1478 691 1536 agresti
723 1478 864 1528 Latio,

172 1551 234 1595 sic
253 1552 448 1595 omnium
468 1552 669 1610 gentium
690 1567 832 1596 mores
848 1552 1013 1596 boniet
1029 1553 1134 1596 mali
1153 1553 1401 1595 Romanum
1423 1552 1635 1596 uictorem

113 1640 156 1665 πο
171 1621 387 1679 persecuti
407 1625 524 1665 sunt.
585 1622 813 1679 Siquidem
833 1623 1028 1672 numina,
1043 1622 1177 1665 immo
1197 1622 1414 1673 demonia,
1434 1622 1635 1679 gentium

171 1691 517 1749 superstitiosius
557 1706 689 1748 quam
730 1692 978 1750 religiosius
1016 1692 1306 1742 aduocabant,
1342 1707 1636 1749 magnamque

169 1760 254 1803 sibi
283 1760 369 1803 uisi
397 1763 504 1804 sunt
532 1761 705 1818 assequi
738 1761 996 1819 religionem
1033 1762 1138 1818 quia
1167 1762 1336 1804 nullam
1375 1764 1636 1818 respuerant

170 1828 422 1872 falsitatem.
479 1830 596 1873 Deos
615 1830 829 1875 tutelares
849 1846 937 1874 non
963 1834 1056 1874 tam
1087 1831 1161 1888 pio
1192 1845 1324 1888 quam
1350 1831 1487 1887 impio
1510 1831 1634 1874 cultu

169 1899 372 1942 omnibus
383 1899 716 1951 subtrahebant,
732 1903 784 1944 ut
799 1915 951 1943 omnes
967 1900 1013 1943 in
1030 1915 1120 1943 una
1135 1900 1244 1943 urbe
1260 1900 1430 1943 collecti
1451 1900 1498 1942 in
1514 1900 1635 1943 illius

113 1987 154 2022 ²⁵
169 1967 367 2011 custodia
397 1967 561 2025 iugiter
591 1968 842 2026 uigilarent.
909 1969 982 2012 Sic
1014 1972 1060 2012 et
1092 1983 1204 2026 quae
1239 1969 1404 2027 ubique
1439 1969 1634 2013 locorum

170 2036 383 2094 placuisse
421 2037 654 2081 audierant
698 2038 746 2081 in
781 2039 934 2082 urbem
966 2038 1248 2091 traiecerunt,
1284 2042 1335 2081 ut
1369 2041 1485 2081 esset
1516 2038 1634 2082 unde

170 2109 348 2162 possent
365 2106 555 2164 gratiam
573 2107 773 2151 omnium
790 2108 837 2151 in
853 2123 899 2152 se
915 2111 960 2151 et
977 2108 1164 2165 gloriam
1181 2122 1432 2165 prouocare.
1478 2107 1633 2151 Simile

170 2174 338 2231 aliquid
367 2174 520 2219 fecisse
548 2175 673 2219 uisus
699 2179 767 2221 est
793 2191 873 2220 rex
896 2177 1144 2234 Anglorum
1172 2176 1420 2220 Willelmus
1449 2176 1631 2233 primus,

170 2258 600 2325 W
616 2279 761 2326 nostra]
779 2281 908 2319 uestra
925 2278 1007 2315 S²M
1136 2289 1179 2316 12
1204 2279 1357 2316 cibariis
1372 2290 1396 2315 a
1413 2278 1453 2314 M

220 2381 252 2414 1,
269 2381 290 2406 2
315 2372 425 2407 Nullo
451 2373 494 2407 in
523 2373 654 2408 honore
682 2374 778 2409 etc.‘:
806 2371 909 2408 Haec
938 2371 1035 2408 citat
1061 2371 1224 2408 Macrob.
1242 2383 1288 2408 ex
1313 2371 1410 2408 Plin.
1430 2372 1527 2407 Hiet.
1544 2373 1628 2407 Nat.

171 2417 222 2453 ix.
245 2427 297 2462 17.
415 2428 436 2454 2
463 2431 590 2455 rurus:
626 2418 679 2455 sic
697 2418 820 2463 Plin.;
851 2431 1032 2465 perrarus
1049 2419 1215 2456 Macrob.
1335 2430 1357 2465 9
1377 2421 1627 2464 indiynatione

172 2469 320 2504 nostra:
362 2463 387 2502 i.
401 2476 432 2502 e.
459 2467 716 2511 indiqnatiaeme,
746 2471 886 2505 tantam
910 2468 1099 2506 luxuriam
1131 2479 1211 2502 cum
1242 2468 1393 2511 videam,
1426 2472 1626 2502 commotus.

172 2512 327 2548 Constat
357 2514 486 2553 tamen
524 2512 756 2553 Macrobium
788 2525 835 2550 ex
875 2513 1106 2550 Sammonici
1148 2513 1279 2555 Sereni
1311 2514 1409 2550 libro
1441 2512 1629 2559 scripsisse

172 2560 380 2604 dignatione
410 2564 540 2603 uestra,
566 2559 590 2596 i.
600 2571 631 2597 e.
664 2561 766 2597 uobis
808 2567 871 2604 (se.
903 2561 1132 2611 imperatore
1165 2563 1204 2598 et
1242 2561 1422 2607 pontifice
1462 2561 1627 2598 maximo

172 2605 357 2652 Septimio
389 2605 537 2651 Severo)
566 2619 620 2643 me
643 2609 802 2643 inuitare
826 2610 1070 2654 dignantibus.
1130 2608 1347 2645 Notandum
1373 2611 1431 2645 est
1460 2609 1624 2645 Macrob.

172 2653 257 2690 cod.
276 2651 396 2688 Paris.
429 2659 589 2694 nostram
619 2665 687 2701 pro
719 2661 839 2692 uestra
863 2655 1064 2695 exhibere:
1099 2667 1132 2692 v.
1150 2654 1409 2701 Eyssenhardt
1435 2667 1523 2707 app,
1540 2656 1625 2694 crit.

174 2710 214 2737 11
242 2701 406 2745 Lonyum
422 2702 488 2735 erit
505 2702 598 2738 etc.:
623 2701 670 2741 cf.
689 2701 854 2738 Macrob.
870 2704 947 2740 Sat.
966 2702 1020 2741 iii.
1041 2712 1081 2747 17
1101 2702 1142 2749 ἐξ
1167 2714 1195 2746 1,
1219 2713 1271 2739 12.
1427 2713 1468 2748 17
1498 2705 1627 2738 Gnecia

171 2752 278 2792 capta
303 2749 394 2783 etc.:
419 2747 562 2801 H9?·E
587 2775 595 2784 .
612 2747 653 2785 ii.
682 2759 712 2786 1.
742 2751 818 2796 156,
847 2758 925 2796 157.
1070 2760 1114 2795 23
1140 2751 1234 2786 Deos
1258 2751 1428 2785 tutelares
1451 2752 1550 2790 etth:
1576 2750 1624 2790 cf.

172 2793 336 2830 Macrob.
356 2795 430 2830 Sat.
449 2806 505 2835 in.
522 2805 545 2840 9
599 2805 634 2831 2.
798 2805 842 2844 27
868 2798 993 2837 Simile
1009 2799 1080 2838 etc.
1096 2808 1212 2845 usque
1230 2797 1504 2844 adinfundere:
1530 2797 1627 2837 citat

171 2840 290 2885 Pauli,
304 2842 356 2877 M.
371 2842 414 2878 G.
427 2842 492 2888 H„
506 2843 580 2886 SS..
597 2841 710 2882 xxvii.
726 2853 764 2890 p.
780 2853 839 2889 49.

1454 2897 1517 2944 ¹⁶7

1650 197 1740 240 '⁴73³
1758 190 1784 230 ’θ’

1659 520 1688 560 d

1654 1563 1782 1605 7342
