1988 3250
173 227 272 260 cn.
288 215 403 276 xm]
683 213 1120 259 POLIORATICVS
1652 213 1734 264 767
1752 211 1782 252 d

171 340 430 380 sentaneum
480 350 613 393 quam
662 334 943 378 humanitati.
1031 334 1312 391 Augustinus
1362 350 1536 392 quoque
1586 338 1631 379 et
1649 340 1678 381 d

171 405 417 450 Ieronimus
435 404 493 448 ad
513 405 627 448 hanc
647 418 740 447 rem
760 403 1029 461 pertinentia
1048 403 1192 446 multa
1217 408 1482 460 proponunt.
1543 405 1631 448 Sed

170 478 216 518 et
245 474 402 518 beatus
433 472 671 530 Gregorius
703 472 959 515 electionem
991 472 1219 515 cuiusdam
1253 473 1379 529 quasi
1409 474 1534 516 auari
1564 488 1631 516 re·

169 543 339 603 probat,
369 557 420 586 eo
455 541 572 600 quod
601 541 805 585 audierat
834 540 979 598 ipsum
1009 540 1067 583 ad
1101 541 1333 584 caritatem
1369 541 1487 584 domi
1526 557 1630 585 suae

131 629 150 664 5
169 610 455 657 exercendam
502 611 722 654 neminem
773 610 1013 662 inuitasse;
1057 625 1136 654 nec
1178 612 1329 652 tamen
1368 610 1628 653 crediderim

169 681 286 740 quod
324 684 478 725 tantus
513 683 640 738 pater
678 680 957 723 luxuriosum
996 680 1253 723 conuiuium
1293 679 1428 722 uellet
1468 679 1628 722 instrui

168 752 383 796 inuitatis.
443 751 554 805 Quis
588 765 693 808 ergo
728 749 916 807 ambigit
951 749 1188 792 auaritiam
1228 763 1354 806 posse
1395 748 1631 806 frugaliter

169 821 409 866 declinari?
467 820 561 864 Aut
592 820 691 878 quis
726 819 908 862 audebit
937 818 1164 861 Abraham
1194 818 1309 861 Loth
1340 818 1556 861 Thobiam
1587 822 1632 862 et

169 890 251 934 Iob
283 890 500 934 auaritiae
534 892 641 932 nota
675 887 957 946 respergere?
1015 888 1142 931 Beati
1175 888 1259 931 Iob
1291 888 1631 946 descriptionem

112 974 154 1000 ιο
169 959 346 1003 audisti.
391 959 535 1010 Nunc,
554 959 592 1002 si
613 958 693 1009 uis,
708 958 813 1001 audi
829 956 1047 1014 quomodo
1063 957 1238 1000 Marcus
1255 957 1405 1001 Celius
1421 958 1631 1002 describit

169 1029 437 1073 Antonium:
478 1027 796 1086 Ingredientes,
829 1026 989 1083 inquit,
1028 1026 1174 1084 ipsum
1215 1026 1447 1070 offendunt
1487 1030 1629 1071 temu-

169 1097 290 1141 lento
339 1111 493 1155 sopore
541 1096 836 1154 profligatum,
885 1095 994 1139 totis
1042 1096 1310 1152 praecordiis
1358 1100 1630 1147 stertentem,

169 1170 396 1210 ructuosos
411 1166 595 1224 spiritus
613 1165 850 1223 geminare,
863 1164 1196 1222 praeclarasque
1216 1165 1554 1209 contubernales
1574 1166 1632 1209 ab

168 1235 372 1280 omnibus
391 1235 572 1293 spondis
602 1237 878 1278 transuersas
908 1234 1116 1277 incubare
1149 1238 1194 1277 et
1224 1235 1416 1292 reliquas
1445 1236 1630 1279 circum·
1649 1238 1732 1290 768
1751 1249 1782 1278 a

111 1318 151 1353 ¹5
168 1304 308 1349 iacere
341 1304 529 1362 passim;
574 1303 852 1347 exanimatae
892 1306 1061 1346 terrore
1095 1303 1152 1346 ab
1191 1303 1387 1347 hostium
1433 1304 1630 1348 aduentu

167 1376 372 1432 percepto
401 1373 594 1417 excitare
628 1373 874 1416 Antonium
904 1372 1202 1425 conabantur;
1231 1387 1392 1416 nomen
1422 1374 1631 1418 inclama·

168 1443 288 1494 bant,
308 1442 477 1486 frustra
496 1442 740 1486 ceruicibus
760 1442 987 1492 tollebant,
1007 1441 1213 1485 blandius
1239 1442 1353 1486 aliae
1383 1442 1439 1486 ad
1468 1458 1632 1494 aurem,

168 1512 279 1556 aliae
310 1511 615 1556 uehementius
649 1511 929 1562 inuocabant,
958 1510 1197 1555 nonnullae
1226 1512 1361 1555 etiam
1393 1511 1630 1556 feriebant.

169 1581 367 1636 Quarum
387 1595 486 1625 cum
507 1581 703 1624 omnium
724 1595 875 1624 uocem
897 1584 1154 1638 tactumque
1173 1585 1383 1632 nosceret,
1404 1582 1631 1639 proximae

109 1666 151 1692 ao
167 1651 378 1709 cuiusque
406 1650 566 1694 collum
594 1651 802 1708 amplexu
825 1651 1006 1708 petebat
1031 1665 1173 1708 neque
1200 1650 1391 1694 dormire
1412 1652 1633 1695 excitatus

168 1734 309 1778 neque
331 1719 517 1778 uigilare
543 1720 691 1763 ebrius
721 1723 910 1778 poterat,
928 1720 1004 1763 sed
1035 1720 1298 1764 semisomno
1329 1735 1483 1779 sopore
1515 1722 1633 1764 inter

167 1804 324 1834 manus
357 1790 666 1834 centurionum
705 1790 1136 1847 concubinarumque
1175 1790 1436 1833 iactabatur.
1507 1790 1630 1834 Haec

168 1859 345 1917 quidem
364 1862 444 1903 aut
463 1873 570 1902 uera
589 1859 774 1903 fuerunt
793 1862 873 1902 aut
892 1859 1162 1903 uerisimilia.
1223 1858 1373 1903 Nichil
1399 1860 1516 1903 enim
1545 1860 1632 1903 hiis

169 1943 310 1987 neque
329 1929 581 1974 credibilius
600 1929 709 1987 fingi
729 1943 871 1986 neque
891 1928 1199 1973 uehementius
1214 1930 1472 1987 exprobrari
1490 1944 1631 1988 neque

110 2011 152 2046 ²5
170 1998 449 2042 manifestius
482 1998 654 2042 ostendi
687 1999 847 2056 potuit.
919 1998 975 2041 In
1009 2013 1183 2042 summa
1214 2014 1320 2057 ergo
1354 2003 1434 2043 aut
1468 2000 1630 2043 uirtuti

169 2067 460 2111 insistendum
474 2071 542 2111 est
561 2071 641 2111 aut
660 2068 714 2112 de
728 2068 870 2127 gloria
884 2067 1229 2126 desperandum
1257 2068 1399 2126 gloria
1413 2068 1630 2126 siquidem

169 2136 347 2180 aliunde
366 2151 455 2180 non
473 2137 691 2194 prouenit.

169 2256 192 2292 4
215 2245 357 2301 ipsum]
375 2257 459 2284 eum
476 2246 516 2282 M
711 2247 732 2284 8
756 2246 888 2283 abram
904 2245 1008 2284 c¹M:
1034 2246 1189 2283 abraam
1207 2245 1284 2284 c²A
1366 2293 1374 2301 ·
1436 2246 1582 2284 tobiam
1599 2248 1631 2283 A

172 2303 214 2339 13
239 2305 450 2348 germinare
467 2293 564 2330 CBA
690 2304 730 2331 21
760 2294 1012 2332 semisomno
1028 2293 1130 2331 Asu
1266 2305 1311 2341 23
1335 2293 1395 2330 his
1412 2294 1444 2330 A
1587 2306 1632 2340 24

169 2339 389 2388 exprobrari
407 2342 581 2385 Quintila
609 2341 808 2394 exprobari
824 2342 885 2378 CB
951 2341 990 2377 M

219 2442 235 2469 1
262 2434 509 2487 quu-scinne·
550 2445 583 2469 v.
616 2433 713 2480 Aug
738 2435 848 2470 Ser-m
876 2433 1014 2471 clxxix.
1045 2444 1078 2480 3,
1106 2433 1271 2471 ccxxxvi.
1300 2444 1320 2480 3
1348 2434 1495 2480 (Migne
1520 2435 1560 2471 P.
1586 2436 1630 2471 L.

170 2479 322 2534 xxxviii.
340 2481 407 2524 967
420 2491 505 2525 seq..
527 2482 645 2538 1121).
889 2492 909 2517 2
937 2483 1161 2518 Imnimus:
1187 2494 1219 2517 v.
1239 2481 1391 2536 Hieron.
1409 2484 1487 2517 adv.
1504 2483 1631 2527 Bufin.

171 2525 212 2563 ii.
235 2534 274 2571 17
297 2527 428 2562 Comm.
446 2527 486 2562 in
507 2528 574 2563 Tit.
591 2529 617 2564 i.
634 2529 667 2570 8,
684 2527 872 2576 9(Migue
889 2530 932 2564 P.
951 2530 993 2565 L.
1010 2528 1115 2566 xxiii.
1134 2530 1217 2575 469,
1236 2528 1334 2564 xxvi.
1354 2530 1450 2575 568).
1609 2540 1629 2574 3

173 2575 296 2610 beatus
313 2574 506 2619 Gmyort'us
521 2575 595 2611 etc.
611 2587 620 2612 ε
646 2587 677 2611 v.
684 2538 814 2622 Gr.eg
840 2575 890 2611 M.
916 2577 1015 2622 Epp.
1039 2576 1112 2613 xiv.
1133 2587 1171 2613 11
1194 2576 1341 2624 (Migne
1366 2578 1407 2613 P.
1431 2578 1475 2612 L.
1502 2576 1630 2612 lxxvii.

176 2621 416 2667 1313,1314).
589 2623 610 2658 8
634 2623 822 2659 Abraham
838 2625 930 2660 etc.:
956 2635 991 2661 v.
1010 2635 1133 2670 supra.
1322 2626 1541 2670 oquomodo
1559 2627 1631 2661 etc.

170 2667 353 2714 usquead
374 2669 511 2724 potuit:
535 2680 567 2705 v.
594 2668 752 2713 Quintil.
775 2671 868 2707 Ins-t.
894 2672 953 2707 Or.
981 2670 1031 2706 iv.
1057 2670 1235 2718 2§§123‚
1258 2681 1324 2715 124
1347 2674 1467 2718 qualis
1491 2677 1540 2707 est
1565 2674 1632 2708 illa

168 2717 220 2752 M.
252 2717 350 2752 Caeli
380 2717 422 2752 in
447 2716 648 2752 Antonium
675 2718 886 2763 descriptio.-
924 2719 1087 2764 Namque
1115 2720 1237 2764 ipsum
1263 2720 1450 2763 offendunt
1474 2720 1561 2761 etc..
1588 2722 1633 2755 ut

168 2762 209 2797 in
227 2764 348 2798 textu.
508 2772 546 2799 1ss
573 2766 819 2800 exanimatae:
844 2777 934 2811 quae
958 2771 1077 2801 tamen
1101 2767 1331 2801 exanimatae
1355 2765 1515 2809 Quintil.
1564 2768 1630 2802 ab:

168 2808 271 2846 deest
286 2808 387 2854 apud
405 2807 563 2852 Quintil.
692 2820 738 2848 22
762 2812 861 2848 Haeo
877 2813 948 2849 etc.
962 2823 1080 2858 usqne
1093 2812 1142 2849 ad
1157 2814 1395 2849 umeimilia:
1421 2824 1500 2848 non
1516 2813 1633 2850 habet

169 2855 437 2901 Quintilianus.

1459 2933 1522 2968 327
