1988 3250
186 246 286 281 oAl’.
301 235 360 297 ΙΙ]
707 232 1144 280 POLICRATICVS
1672 227 1758 278 638
1777 226 1807 270 b

187 356 256 399 uti
277 355 324 399 in
345 370 521 401 sensum
541 354 778 413 reprobum
805 353 900 396 dati
925 365 1019 395 esse
1043 350 1413 394 conuincerentur
1436 349 1494 392 ab
1517 349 1659 406 operi·

187 425 272 468 bus
286 425 389 476 suis,
397 428 443 468 et
458 428 686 481 tamquam
699 422 929 466 recedente
945 420 1066 470 duce,
1074 419 1247 476 Spiritu
1261 418 1428 462 scilicet
1442 418 1659 469 ueritatis,

185 494 548 551 dispergerentur
579 493 627 535 in
658 492 808 535 uarias
836 492 978 534 sectas
1008 489 1169 532 erroris
1200 490 1246 531 et
1275 487 1472 530 insanias
1511 486 1660 531 falsas.

189 563 249 606 Et
268 578 320 606 eo
344 563 522 620 quidem
549 561 797 604 miseriores
824 559 967 603 effecti
992 562 1099 602 sunt
1123 557 1241 615 quod
1266 558 1314 599 in
1341 557 1412 599 his
1435 556 1659 599 defectum

147 657 171 692 fi
189 646 319 675 suum
348 631 530 674 minime
558 630 868 687 agnoscebant.
930 628 1048 671 Hinc
1081 630 1148 671 est
1180 627 1310 684 quod,
1330 626 1437 669 dum
1458 625 1658 668 Pronoen

187 715 314 745 suam
335 700 511 744 Stoicus
530 702 782 751 ueneratur,
798 698 948 742 omnia
967 696 1244 741 necessitatis
1264 696 1360 752 lege
1375 694 1643 751 constringit
1649 708 1659 746 ;
1676 703 1701 735 c

187 770 406 828 Epicurus
435 785 460 813 e
489 772 655 822 contra,
680 768 787 812 dum
817 782 966 811 rerum
995 770 1151 810 tuetur
1179 766 1443 815 libertatem,
1474 763 1658 820 disposi-

187 839 354 883 tionem
389 842 576 882 euacuat
608 842 654 882 et
684 838 831 882 omnia
864 837 1039 880 casibus
1073 837 1289 879 fluctuare
1320 833 1561 878 contendit.
1622 832 1659 876 E

189 908 368 967 regione
401 909 651 952 consistunt
682 908 914 964 utriusque
946 906 1137 950 cultores
1171 908 1217 948 et
1252 904 1306 947 de
1342 903 1531 960 singulis
1566 902 1660 946 fere

131 1000 175 1026 ιο
190 992 338 1021 rerum
378 978 578 1021 articulis
621 978 847 1029 dimicant,
888 979 934 1019 et
978 976 1105 1033 quasi
1146 974 1339 1017 Palladis
1384 975 1660 1016 sacramento

187 1047 391 1091 adstricti
421 1047 536 1090 solas
567 1047 816 1105 paradoxas
845 1046 1053 1089 locuntur
1082 1047 1162 1088 aut
1192 1042 1478 1100 kyriadoxas,
1509 1045 1555 1085 et
1585 1056 1660 1085 eas

188 1130 502 1174 usquequaque
532 1131 662 1160 ueras
691 1131 784 1160 esse
813 1116 1088 1159 confirmant.
1148 1112 1432 1157 Achademici
1456 1126 1563 1155 uero
1591 1112 1659 1154 ui-

188 1188 337 1230 tantes
375 1186 684 1244 praecipitium
723 1185 936 1228 falsitatis
975 1185 1023 1227 in
1064 1198 1114 1227 eo
1154 1183 1333 1240 quidem
1372 1181 1660 1225 modestiores

190 1258 296 1299 sunt
315 1255 433 1313 quod
457 1255 679 1299 defectum
707 1270 837 1298 suum
867 1255 1049 1297 minime
1079 1253 1329 1296 diffitentur
1357 1256 1404 1294 et
1433 1251 1480 1293 in
1511 1265 1660 1294 rerum

128 1345 174 1380 15
190 1324 443 1382 ignorantia
462 1325 597 1383 positi
625 1324 718 1368 fere
742 1325 796 1367 de
825 1324 1013 1382 singulis
1040 1323 1263 1367 dubitant.
1322 1322 1451 1376 Quod
1482 1321 1661 1378 quidem

190 1394 320 1452 longe
339 1395 484 1438 tutius
508 1398 576 1438 est
596 1409 730 1452 quam
755 1394 924 1437 incerta
943 1398 1108 1437 temere
1136 1392 1339 1437 diffinire.
1398 1391 1660 1434 Achademi-

187 1477 341 1507 corum
371 1478 544 1521 quoque
573 1464 702 1507 iuuat
731 1464 983 1521 opinionem
1014 1462 1131 1520 quod
1162 1477 1251 1505 non
1279 1461 1410 1504 modo
1438 1460 1663 1504 Eraclides

191 1531 400 1577 Ponticus
420 1536 466 1577 et
486 1533 639 1578 Cicero
659 1537 819 1584 noster,
841 1533 888 1575 in
912 1548 1086 1576 summa
1107 1532 1436 1590 ingeniosorum
1461 1531 1661 1573 uirorum

191 1602 323 1647 laude
342 1603 517 1660 recepti,
538 1603 719 1646 tandem
744 1603 800 1646 ad
829 1618 902 1646 eos
922 1603 1210 1652 transierunt,
1231 1601 1307 1644 sed
1332 1604 1378 1644 et
1407 1600 1485 1643 alii
1512 1600 1662 1657 plures
1677 1601 1707 1644 d

131 1700 178 1726 20
195 1686 304 1730 quos
322 1686 576 1730 percurrere
596 1673 778 1730 longum
799 1676 877 1716 est.
938 1672 1098 1715 Nonne
1126 1686 1232 1728 ergo
1255 1670 1535 1728 praeferendi
1557 1673 1663 1712 sunt

192 1742 293 1786 aliis
313 1757 422 1800 quos
442 1746 488 1786 et
507 1742 730 1786 asserendi
751 1742 968 1786 modestia
993 1745 1038 1785 et
1063 1745 1292 1785 tantorum
1317 1740 1516 1783 uirorum
1546 1754 1661 1783 com-

191 1812 373 1856 mendat
393 1812 668 1858 auctoritas?

193 1932 301 1991 Cap.
322 1945 358 1978 2.
398 1932 463 1976 De
491 1946 639 1977 errore
668 1932 1078 1976 Achadmnicomm
1089 1950 1107 1982 ;
1137 1936 1177 1975 et
1207 1946 1316 1989 quos
1345 1945 1502 1974 comm
1531 1930 1663 1974 liceat

407 2002 607 2054 imitari,
627 2006 667 2045 et
686 2018 802 2059 quae
821 2003 915 2046 sint
935 2001 1215 2046 dubitabilia
1235 2000 1448 2057 sapienti.

136 2112 177 2148 ²5
251 2093 355 2137 Non
369 2096 519 2137 tamen
534 2108 697 2145 omnes,
710 2095 787 2152 qui
804 2094 1201 2138 Achademicorum
1217 2095 1454 2136 censentur
1474 2092 1664 2143 nomine,

194 2163 307 2207 hanc
341 2163 438 2207 dico
472 2164 712 2207 modestiae
744 2164 943 2222 regulam
978 2164 1197 2215 tenuisse3
1232 2177 1333 2206 cum
1369 2164 1415 2204 et
1449 2161 1666 2218 professio

193 2273 215 2299 2
229 2261 324 2300 duce
335 2262 535 2300 recedente
543 2263 575 2298 A
622 2263 645 2300 6
656 2264 806 2309 stoycus
816 2262 849 2298 A
901 2273 916 2300 1
927 2273 941 2299 1
954 2261 1189 2298 kirriadoxas
1199 2259 1332 2296 GBMS
1382 2270 1425 2296 22
1439 2259 1664 2296 autoritasA

245 2366 260 2392 1
288 2358 330 2392 in
345 2369 487 2392 sensum
502 2358 715 2402 reprobum.
739 2367 772 2392 v.
789 2355 895 2392 Rom.
908 2354 935 2391 i.
953 2355 1008 2391 28.
1210 2364 1231 2390 2
1257 2354 1355 2398 duce,
1373 2353 1515 2398 Spiritu
1531 2354 1665 2389 scilicet

193 2405 380 2440 ueritatis:
405 2416 439 2442 v.
459 2404 566 2440 Ioan.
589 2403 662 2439 xvi.
688 2413 728 2448 13
754 2414 826 2440 sec.
853 2401 1058 2439 versionem
1083 2412 1197 2447 quam
1222 2403 1332 2437 notat
1353 2399 1451 2446 Aug.
1478 2401 1596 2436 Tract.
1623 2402 1663 2436 in

194 2451 298 2488 Ιοαη.
317 2450 411 2488 xcvi.
426 2462 459 2497 4,
479 2463 510 2488 c.
533 2462 546 2487 1
573 2450 718 2498 (Migne
740 2452 780 2486 Ρ
798 2452 840 2486 L
858 2462 968 2486 xxxv.
992 2451 1091 2494 1876,
1115 2449 1220 2503 1890)
1238 2450 1386 2484 deducet
1409 2459 1474 2483 uos
1499 2449 1539 2482 in
1564 2450 1664 2484 omni

195 2509 271 2533 uera
269 2501 355 2534 '.t(cte
482 2507 499 2545 5
525 2500 714 2534 Pronoen:
739 2510 774 2534 v.
791 2497 867 2534 Cic.
885 2499 989 2534 deN.
1008 2499 1055 2533 D.
1074 2496 1099 2533 i.
1118 2497 1139 2533 8
1159 2496 1176 2543 ξ
1200 2497 1426 2533 18.11
1450 2497 1666 2540 paradoxas

191 2545 294 2581 -etc.:
321 2545 534 2604 Stoicorum
557 2546 735 2590 παράδοξα
760 2547 870 2581 notat
894 2545 1023 2581 Cicero
1047 2546 1090 2580 de
1113 2545 1203 2580 Fin.
1227 2544 1276 2579 iv.
1296 2551 1339 2587 27
1360 2541 1378 2588 δ
1404 2551 1471 2586 74;
1509 2542 1665 2588 Epicuri

192 2593 326 2628 ,autem
357 2607 431 2639 κυρι
426 2594 472 2630 ἀς
501 2593 540 2628 δο
532 2593 603 2635 ’ξας
606 2561 719 2628 μιὶιιά.
745 2592 785 2629 ii.
811 2602 830 2637 7
863 2592 880 2639 ξ
909 2593 1230 2636 2ο.17,18
1254 2592 1448 2626 Eraclides
1471 2591 1664 2626 Ponticus:

197 2638 408 2675 Heraclidis
420 2639 570 2676 Pontici
582 2639 813 2676 mentionem
827 2651 938 2686 saepe
951 2638 1045 2675 facit
1059 2638 1215 2681 Cicer0;
1240 2638 1350 2674 illum
1362 2639 1493 2674 tamen
1506 2637 1664 2674 tandem

199 2685 248 2721 ad
263 2685 507 2723 Academicos
522 2686 712 2723 transiisse
729 2699 806 2741 non
823 2687 894 2723 nisi
912 2687 953 2722 in
970 2686 1040 2723 hoc
1058 2686 1142 2722 loco
1159 2688 1355 2722 narratum
1374 2685 1535 2731 repperi.
1621 2686 1663 2721 18

202 2733 322 2769 cicero
339 2736 434 2770 etc:
459 2746 491 2770 v.
510 2733 586 2770 Cic.
604 2736 716 2788 Aequi.
734 2733 759 2770 i.
776 2733 897 2781 4§13
913 2736 951 2770 et
964 2733 1078 2776 alibi;
1101 2734 1149 2770 cf
1166 2733 1288 2770 Zeller
1301 2734 1396 2768 Phil.
1411 2734 1477 2767 der
1490 2733 1663 2768 Griechen

198 2778 253 2815 iii.
273 2790 303 2822 2,
321 2791 351 2816 c.
373 2782 396 2817 6
414 2781 488 2826 (ed.
517 2782 616 2825 1880,
633 2780 688 2817 ιιι.
711 2791 740 2826 1,
758 2745 798 2828 pli
824 2782 868 2828 65
873 2782 923 2827 2)
970 2780 1025 2817 cf.
1043 2761 1161 2817 etiam
1177 2780 1331 2817 Hieron.
1345 2781 1418 2825 ΕΡ.
1431 2779 1583 2815 cxxxiii.
1603 2779 1620 2826 ξ
1646 2789 1661 2816 1

201 2825 406 2872 (MigneP.
417 2829 463 2864 L.
479 2827 569 2863 xxii.
587 2830 716 2872 1148);
739 2828 798 2864 Au
850 2782 909 2864 de)
918 2830 991 2864 Giv.
1006 2828 1133 2864 Deiiv.
1150 2839 1216 2874 3;0
1240 2829 1285 2863 de
1301 2829 1403 2862 Trm.
1417 2825 1490 2862 xiv.
1507 2837 1576 2872 19
1565 2826 1578 2852 ἵ
1596 2828 1664 2868 26;

199 2874 266 2920 Op.
280 2875 430 2921 Impevf.
443 2880 566 2912 contra
578 2876 652 2911 Iul.
666 2874 716 2911 vi.
734 2877 779 2913 26
791 2840 991 2922 (ittigneP.
1005 2877 1050 2911 L.
1067 2875 1133 2912 xli.
1149 2839 1227 2922 136,
1238 2874 1320 2910 xlii.
1338 2875 1438 2920 1056,
1452 2873 1525 2911 xlv
1545 2874 1665 2919 1566).

1509 2953 1555 2994 95
