1988 3250
0 191 2 215 >

2 399 3 415 ι

155 208 253 241 car.
269 198 389 254 xxn]
669 195 1108 240 POLICRATICVS
1635 197 1721 247 697
1740 208 1765 237 c

151 317 333 362 castrati
371 319 424 360 ut
462 317 509 358 in
549 316 665 374 regis
703 315 871 372 palatio
917 315 1157 358 secundum
1204 330 1369 358 morem
1413 317 1614 373 gentium

151 387 477 438 ministrarent3
511 385 598 428 nisi
630 384 747 428 forte
781 387 999 441 repugnet
1023 384 1139 440 quod
1170 385 1296 440 pueri
1320 385 1415 427 sine
1442 386 1615 428 macula

150 471 178 499 a
203 470 304 514 rege
328 455 539 498 iubentur
564 453 785 496 introduci
806 455 858 496 ut
878 453 1076 510 linguam
1097 453 1316 496 discerent
1337 452 1613 505 Caldeorum,

149 526 196 568 et
227 526 398 567 constet
429 522 545 579 quod
579 536 668 565 non
702 521 832 565 modo
861 521 1060 564 thesauri
1090 521 1206 578 regis
1236 521 1373 564 Iudae
1403 521 1451 563 in
1482 522 1612 563 Babi—

112 609 132 642 5
149 593 312 637 Ioniam
350 592 556 636 translati
596 594 702 634 sunt
739 590 815 634 sed
855 605 1019 647 magna
1062 605 1164 647 pars
1210 604 1418 633 uasorum
1459 590 1614 646 templi

147 662 327 706 Domini
370 662 417 704 in
463 661 702 704 Ierusalem
749 663 977 717 asportata
1015 659 1191 716 legatur
1233 662 1279 702 et
1322 659 1614 716 prophanata.

149 731 386 789 Eleganter
404 734 566 782 tamen,
587 744 686 773 cum
707 729 925 773 Dominus
950 729 1043 786 regi
1064 728 1326 772 miraculum
1348 728 1615 777 indulsisset,

148 801 477 844 Babiloniorum
512 799 722 843 dicuntur
755 798 903 842 nuntii
940 813 1038 842 cum
1079 797 1338 840 muneribus
1372 797 1613 840 accessisse.

148 870 264 924 Quia
289 873 396 914 tunc
422 869 653 926 praecipue
681 868 780 925 quis
805 868 1071 911 sollicitatur
1090 882 1117 909 a
1137 867 1310 910 nuntiis
1329 866 1612 917 confusionis,

90 961 132 986 ιο
148 939 324 998 quando
342 954 421 996 per
440 938 743 982 admirabilem
767 937 1047 981 clementiam
1068 937 1151 979 Dei
1172 937 1318 979 uirtus
1339 936 1433 979 eius
1452 936 1614 979 clarius

147 1008 394 1052 innotescit.
454 1008 541 1052 Sed
561 1011 668 1051 tunc
688 1006 983 1064 imprudentis
1010 1010 1076 1049 est
1096 1006 1309 1056 exultare,
1330 1006 1435 1062 quia
1455 1006 1502 1047 hi
1523 1020 1613 1049 non

145 1077 274 1122 modo
294 1077 485 1135 suspecti
506 1077 697 1120 habendi
717 1079 823 1119 sunt
842 1076 918 1119 sed
940 1076 1065 1132 quasi
1087 1076 1235 1118 hostes
1254 1075 1611 1132 perniciosissimi
1628 1079 1657 1118 d

145 1147 384 1191 studiosius
418 1146 660 1198 deuitandi,
693 1146 798 1203 quia
832 1145 1019 1189 timendi
1054 1148 1160 1188 sunt
1194 1145 1331 1188 etiam
1363 1159 1463 1187 cum
1495 1144 1612 1187 dona

145 1216 308 1260 ferunt.
358 1215 444 1270 Qui
461 1230 565 1273 ergo
584 1218 784 1258 aromata
798 1214 1014 1259 bonorum
1029 1229 1224 1272 operum,
1237 1213 1421 1257 uirtutis
1440 1228 1613 1264 aurum,

87 1308 128 1344 ¹5
146 1288 379 1344 argentum
424 1285 711 1342 eloquentiae,
745 1284 1066 1342 cogitationum
1107 1284 1346 1342 pigmenta,
1381 1287 1613 1340 unguenta

145 1354 467 1399 misericordiae
499 1357 544 1398 et
578 1353 835 1397 utensilium
867 1368 1047 1396 suorum
1082 1353 1380 1410 aptitudinem
1414 1356 1612 1396 ostentat

144 1428 190 1470 et
209 1426 417 1475 decorem,
434 1427 479 1468 et
494 1424 635 1481 siqua
655 1423 702 1466 in
722 1423 944 1467 thesauris
964 1424 1104 1466 bonae
1124 1423 1416 1466 conscientiae
1436 1423 1611 1466 cautius

142 1498 188 1538 et
210 1494 366 1538 utilius
392 1496 678 1551 reponuntur,
702 1493 858 1536 audiat
884 1493 1070 1537 uerbum
1096 1492 1277 1536 Domini
1305 1493 1502 1549 sciatque
1529 1506 1610 1549 pro

142 1568 262 1608 certo
281 1564 386 1621 quia
403 1563 563 1613 omnia,
575 1577 687 1620 quae
707 1563 900 1606 militare
921 1562 1191 1606 uidebantur
1210 1562 1266 1606 ad
1286 1562 1487 1620 gloriam,
1508 1577 1608 1606 eon-

84 1654 128 1679 20
143 1634 330 1679 fusionis
367 1634 637 1692 stipendium
677 1637 723 1677 et
761 1634 917 1678 mortis
955 1638 1190 1692 acceptura
1229 1637 1346 1677 sunt.
1418 1634 1610 1691 Ipsaque

142 1704 276 1748 etiam
312 1704 504 1747 filiorum
539 1704 752 1747 successio
788 1704 1121 1747 Babiloniorum
1156 1707 1378 1747 castratur
1406 1704 1610 1760 principi,

141 1773 246 1830 quia
283 1787 335 1816 ea
369 1788 480 1830 quae
514 1773 624 1816 alias
655 1773 864 1816 meritum
899 1773 1083 1816 uirtutis
1118 1773 1285 1815 habent
1320 1775 1366 1815 et
1400 1772 1612 1822 fructum,

141 1842 247 1886 dum
266 1843 412 1886 inanis
430 1842 596 1900 gloriae
620 1857 753 1886 causa
772 1843 899 1893 fiunt,
920 1842 1098 1886 inutilia
1118 1845 1225 1885 sunt
1245 1842 1396 1885 actori.
1456 1841 1610 1884 Iustus

142 1911 259 1955 enim
290 1915 592 1955 remunerator
622 1912 847 1969 ypocritas
878 1912 1049 1970 spernit
1081 1914 1126 1954 et
1157 1911 1293 1954 solius
1324 1912 1531 1954 ueritatis
1562 1912 1608 1953 in

85 1997 125 2031 ²⁵
142 1981 256 2024 bono
275 1981 443 2024 cultum
463 1984 684 2038 acceptat3
714 1982 839 2025 cuius
865 1981 980 2025 oculi
1008 1981 1131 2024 nullo
1158 1980 1260 2024 fuco
1286 1981 1410 2024 nulla
1436 1981 1609 2025 malitia
1625 1993 1713 2041 698
1734 2003 1764 2031 a

94 2050 95 2053 ’
142 2050 406 2108 praestringi
435 2054 629 2108 possunt,
650 2054 757 2108 quia
785 2051 910 2095 uidet
938 2052 986 2094 in
1015 2051 1181 2094 abditis
1207 2054 1253 2094 et
1279 2051 1478 2095 cordium
1506 2066 1606 2108 pro-

142 2119 284 2163 funda
301 2122 534 2163 scrutatur.
593 2120 770 2178 Species
788 2121 1000 2165 discernit
1019 2135 1046 2164 a
1066 2121 1198 2164 rebus

144 2255 166 2291 3
191 2245 431 2282 chaldeorum
448 2245 488 2282 M
647 2247 670 2282 6
694 2245 922 2283 iherusalem
942 2246 967 2282 S
1126 2256 1171 2292 23
1197 2246 1343 2283 auctori
1362 2246 1401 2281 M
1561 2257 1607 2290 24

142 2291 349 2339 hipocritae
366 2293 419 2329 A:
444 2292 662 2340 hypocritas
686 2292 775 2330 GBS
894 2293 1060 2340 spernit}
1086 2296 1315 2341 aspernatur
1339 2293 1394 2330 CS

191 2417 212 2443 2
262 2409 451 2462 ueri-etc.:
478 2420 510 2445 v.
527 2408 621 2445 Dan.
640 2408 666 2446 i.
683 2419 704 2455 3
718 2420 820 2456 seqq.
962 2420 984 2454 4
1009 2410 1172 2446 thesauri
1187 2412 1282 2446 etc.:
1309 2422 1342 2446 v.
1360 2420 1383 2454 4
1396 2409 1488 2455 Reg.
1506 2409 1605 2446 xxiv.

147 2463 211 2499 133
269 2465 330 2490 an.
345 2467 370 2490 1.
393 2465 427 2510 2ι
443 2467 476 2492 v.
499 2466 533 2492 2.
721 2467 744 2502 9
769 2458 1011 2503 confusionis:
1036 2457 1210 2504 Babylon
1227 2457 1327 2494 enim
1345 2469 1368 2493 a
1384 2456 1606 2494 confusione

143 2511 284 2537 nomen
299 2503 468 2549 accepitg
492 2514 523 2540 v.
543 2502 634 2540 Gen.
651 2502 701 2540 xi.
718 2514 751 2550 9.
897 2515 938 2550 13
964 2507 1116 2540 timendi
1132 2507 1204 2542 etc.
1222 2517 1231 2542 ε
1258 2517 1291 2541 v.
1308 2504 1419 2551 Verg.
1447 2506 1538 2540 Aen.
1563 2504 1603 2541 ii.

143 2557 202 2593 49.
328 2558 370 2592 14
393 2555 557 2586 aromata
573 2552 669 2587 etc.=
695 2563 727 2586 v.
743 2562 766 2596 4
783 2551 876 2598 Reg.
892 2563 953 2588 xx.
974 2562 1016 2598 13
1033 2565 1042 2597 ;
1068 2552 1138 2588 Isa.
1158 2551 1284 2588 xxxix.
1304 2563 1336 2588 2.
1434 2552 1605 2588 bonorum

143 2606 314 2641 operum:
340 2595 386 2632 cf.
405 2596 646 2642 pseudo-Bed.
666 2600 807 2643 Quaest.
824 2601 864 2634 in
881 2609 904 2644 4
920 2600 1003 2646 Βερ.
1022 2610 1053 2636 c.
1071 2608 1092 2644 7
1107 2598 1252 2647 (Migne
1269 2601 1310 2636 P.
1324 2601 1367 2635 L.
1385 2598 1488 2636 xciii.
1506 2601 1604 2645 449).

145 2652 192 2696 29
213 2644 434 2688 stipendium
449 2645 596 2682 mortis:
622 2657 655 2680 v.
673 2644 780 2682 Rom.
796 2645 844 2682 vi.
863 2657 920 2692 23.
1094 2658 1142 2692 24
1166 2652 1433 2683 remunerator:
1458 2659 1489 2682 v.
1508 2646 1604 2683 Heb.

143 2699 194 2725 xi.
211 2690 245 2725 6.
340 2691 452 2744 solius
466 2692 632 2727 ueritatis
643 2693 712 2728 etc.
729 2705 737 2728 :
763 2692 811 2729 cf.
830 2693 963 2730 Ioann.
976 2693 1024 2730 iv.
1044 2704 1100 2739 23.
1215 2695 1261 2731 26
1285 2696 1383 2730 uidet
1395 2696 1434 2729 in
1451 2696 1603 2730 abditis:

144 2747 177 2772 v.
195 2735 305 2772 Matt.
323 2747 372 2772 vi.
389 2738 422 2780 6,
444 2738 507 2791 18⁶3
530 2738 596 2774 ubi
617 2739 664 2775 ad
687 2739 812 2776 locum
836 2740 1001 2778 alterum
1018 2740 1222 2778 lectionem
1241 2743 1380 2777 abedito
1402 2752 1473 2787 pro
1490 2741 1603 2787 Vulg.

144 2783 348 2820 abscondito
365 2794 385 2820 e
403 2784 530 2821 codice
547 2784 752 2822 Harleiano
768 2786 937 2824 referunt
953 2788 1208 2825 Wordsworth
1220 2789 1253 2824 δι
1270 2788 1413 2825 White.
1533 2801 1595 2824 cor

145 2831 248 2866 dium
265 2832 360 2867 etc.:
386 2842 420 2868 v.
437 2831 568 2869 Ierem.
584 2832 672 2870 xvii.
689 2844 754 2876 103
787 2844 802 2871 1
823 2834 904 2871 Cor.
923 2834 962 2872 ii.
984 2845 1038 2872 10.

1432 2915 1497 2949 ²03
