1988 3250
155 273 259 306 ΜΡ.
275 258 378 320 xm]
669 259 1107 306 POLICRATICVS
1635 259 1724 308 692
1744 268 1774 297 a

157 380 329 423 derunt.
374 379 432 422 Et
451 379 671 423 canonicis
686 380 882 423 sufficere
897 380 1028 423 debet
1047 380 1104 422 ad
1125 379 1424 436 plenissimam
1440 379 1615 422 laudem

157 448 272 506 quod
292 448 488 506 regulam
509 463 658 491 eorum
677 452 853 506 oportet
867 463 1018 492 omnes
1037 449 1216 492 clericos
1236 448 1416 490 imitari.
1478 448 1614 491 Here·
1634 445 1664 484 b

155 517 289 560 mitae
318 531 490 574 quoque
522 517 772 574 Baptistam
803 517 1049 560 Saluatoris
1079 521 1124 560 et
1154 517 1267 560 filios
1299 518 1615 573 prophetarum

155 586 448 630 institutionis
463 601 567 629 suae
588 586 754 629 habent
774 590 987 631 auctores.
1047 586 1226 629 Fratres
1246 586 1417 642 Templi
1440 586 1615 629 Macha-

119 671 138 705 5
155 656 335 700 beorum
366 655 567 712 exemplo
601 659 774 712 ponunt
805 656 977 698 animas
1011 671 1114 699 suas
1149 670 1230 713 pro
1261 655 1478 698 fratribus
1513 655 1616 697 suis.

156 724 408 768 Xenodochi
458 724 552 767 siue
606 724 892 781 hospitalium
947 728 1252 781 procuratores
1301 724 1614 780 Apostolorum

155 797 400 851 sequuntur
425 793 616 851 uestigia
645 797 690 836 et
717 794 774 837 ad
800 793 1083 850 perfectionis
1113 794 1339 837 cumulum
1369 794 1617 850 aspirantes

155 860 203 903 in
222 874 273 903 eo
296 860 547 903 fidelissime
574 860 763 903 audiunt
788 859 1018 904 Christum
1039 860 1157 917 quod
1179 860 1342 903 uiuunt
1363 860 1619 902 innocenter

155 932 201 973 et
226 929 374 972 omnia
402 944 514 986 quae
540 929 706 972 habent
733 930 1002 986 pauperibus
1029 933 1224 987 erogant.
1283 930 1338 972 In
1368 930 1438 972 his
1467 932 1618 972 tamen

101 1016 142 1041 ιο
156 998 358 1042 omnibus
376 998 526 1042 fideles
547 998 840 1042 inueniuntur
863 1001 909 1042 et
933 999 1119 1056 reprobi,
1144 1014 1223 1042 nec
1243 999 1300 1041 ob
1324 998 1369 1041 id
1391 998 1618 1055 religionis

155 1070 236 1111 aut
259 1066 543 1125 professionis
569 1068 736 1111 ueritas
761 1068 1046 1111 deformatur.
1108 1068 1231 1121 Quae
1256 1068 1373 1111 enim
1403 1067 1617 1125 professio

156 1139 223 1180 est
237 1139 316 1179 aut
331 1151 442 1194 quae
457 1137 621 1194 legitur
635 1151 845 1194 umquam
868 1137 1005 1180 fuisse
1024 1138 1209 1180 societas
1230 1138 1276 1180 in
1297 1152 1429 1194 quam
1446 1137 1618 1180 macula

155 1220 245 1249 non
283 1205 538 1263 irrepserit?
595 1206 816 1264 Angelum
855 1210 1104 1264 apostatam
1146 1207 1344 1264 legimus,
1376 1207 1423 1249 in
1463 1206 1618 1263 primis

156 1274 370 1318 fratribus
418 1276 714 1333 parricidium,
762 1278 1023 1334 prophetam
1075 1277 1322 1334 reprobum,
1367 1276 1617 1334 apostolum

101 1362 140 1397 15
157 1344 435 1402 proditorem,
478 1345 714 1403 discipulos
751 1345 919 1390 Christi
959 1346 1162 1404 perfidos,
1206 1361 1284 1389 nec
1329 1349 1478 1388 tamen
1524 1361 1616 1390 cor·

157 1413 379 1471 rumpitur
425 1415 597 1471 puritas
642 1415 975 1472 persistentium
1022 1416 1294 1473 Angelorum
1344 1419 1424 1458 aut
1471 1416 1618 1458 minus

157 1486 308 1527 sancta
341 1486 408 1526 est
439 1484 623 1527 societas
656 1484 845 1528 inuicem
875 1485 1156 1542 diligentium
1187 1484 1379 1527 fratrum
1410 1489 1490 1528 aut
1519 1499 1617 1542 pro-

158 1552 332 1609 phetiae
362 1553 508 1610 gratia
539 1556 606 1596 est
637 1554 684 1596 in
716 1554 864 1598 electis
895 1554 1128 1611 culpabilis
1157 1558 1237 1597 aut
1266 1554 1540 1611 apostolatus
1571 1555 1617 1596 in

158 1621 359 1665 fidelibus
391 1623 735 1680 contemptibilis
766 1627 848 1667 aut
881 1623 1113 1681 disciplina
1149 1624 1317 1667 Christi
1357 1638 1436 1680 per
1471 1625 1618 1666 uarios

158 1763 179 1799 7
204 1757 379 1791 secuntur
394 1755 489 1791 CSM
634 1765 675 1801 17
702 1759 759 1793 est
775 1759 905 1793 sancta
925 1756 956 1791 A

205 1857 238 1892 2,
272 1858 293 1893 3
322 1849 523 1885 Heremitae
556 1852 652 1886 etc.:
689 1862 720 1886 v.
754 1850 907 1886 Hieron.
941 1851 1014 1897 Ep.
1045 1849 1135 1886 xxii.
1166 1850 1223 1894 36,
1256 1849 1348 1885 lviii.
1384 1859 1415 1895 5,
1453 1861 1558 1885 cxxv.
1595 1859 1615 1893 7

160 1893 303 1942 (Migne
329 1897 370 1931 P.
400 1897 444 1932 L.
477 1896 569 1934 xxii.
596 1908 676 1942 421,
707 1899 783 1944 583,
815 1899 933 1943 1076).
1076 1908 1099 1941 4
1128 1898 1277 1934 Fratres
1313 1898 1474 1942 Templi:
1515 1896 1617 1933 Ordo

152 1953 357 2025 paufimm
389 1946 666 1999 commilitonum
693 1946 830 1981 Christi
859 1946 1046 1992 templique
1077 1946 1295 1981 Salomom’ci
1326 1944 1426 1980 circa
1457 1956 1491 1981 a.
1528 1946 1617 2011 1118.

159 1988 208 2025 ab
335 2002 383 2027 ne
400 1990 445 2028 de
463 1992 626 2038 Pagams
642 1992 821 2029 fundatus
838 1995 905 2030 est.
1032 2004 1066 2037 4,
1085 2002 1102 2038 5
1131 1993 1406 2028 Machabeomm
1435 1994 1613 2038 exemplo.

161 2035 208 2072 cf.
233 2035 269 2072 S.
329 2048 406 2074 ern.
433 2041 482 2075 ad
504 2041 586 2076 Mil.
612 2040 694 2076 Tem
721 2042 745 2078 l.
763 2052 794 2077 c.
812 2051 835 2085 4
856 2039 1004 2086 (Migne
1020 2041 1062 2078 P.
1081 2041 1124 2076 L.
1150 2039 1302 2075 clxxxii.
1331 2041 1427 2084 927),
1459 2039 1618 2076 Frctelli

160 2083 239 2119 Lib.
266 2085 347 2121 Loo.
374 2086 436 2122 SS.
470 2087 600 2141 Terrae
657 2053 723 2124 rol).
755 2088 900 2134 (Migne
917 2089 958 2124 P.
985 2089 1028 2123 L.
1054 2087 1122 2124 clv.
1155 2098 1245 2133 1039
1257 2092 1347 2133 seq.)
1379 2087 1616 2123 Hadrianum

158 2141 197 2167 ιν
213 2141 255 2166 ιιι
277 2132 347 2178 Ep.
368 2141 432 2186 15]
451 2133 596 2181 (Migne
643 2162 652 2171 .
670 2137 711 2171 L.
729 2135 918 2172 clxxxviii.
941 2144 1027 2181 1537
1040 2136 1144 2180 seq).
1322 2143 1338 2180 5
1359 2140 1503 2181 ponunt
1521 2137 1591 2171 etc.
1607 2147 1616 2169 ε

159 2189 191 2214 v.
214 2188 227 2213 1
248 2177 378 2215 Ioann.
396 2179 450 2216 ui.
471 2181 524 2218 16.
571 2181 713 2219 Eadem
730 2183 842 2219 verba
857 2182 952 2220 citat
962 2184 1045 2228 Περ.
1060 2184 1140 2218 Mil.
1161 2183 1300 2228 Templi
1318 2182 1364 2225 (c.
1380 2184 1425 2227 48
1444 2182 1617 2218 Holsten.

164 2224 247 2262 Coa.
269 2226 351 2271 Ray.
369 2227 467 2263 Mon.
484 2233 517 2264 et
535 2230 670 2266 Canon.
688 2230 746 2267 ed.
767 2239 866 2277 1759,
889 2229 928 2266 ii.
953 2231 1047 2275 4383
1074 2242 1104 2266 0.
1123 2238 1166 2276 45
1186 2230 1245 2266 ed.
1261 2228 1433 2273 Schfirer,
1450 2242 1487 2276 p.
1510 2229 1615 2275 146):

160 2271 266 2329 Quod
297 2273 346 2308 ad
376 2273 689 2313 Machabaeorum
721 2278 936 2324 exemplum
964 2277 1116 2319 attinet,
1149 2278 1197 2314 of.
1225 2288 1238 2314 1
1277 2277 1448 2313 Machab.
1474 2276 1524 2314 ix.
1562 2287 1614 2319 ιο,

160 2330 360 2356 moriamur
380 2322 421 2356 in
444 2325 579 2359 uirtute
597 2330 748 2371 propter
753 2327 895 2370 fratres
921 2331 1069 2361 nostroe.
1243 2326 1266 2361 6
1290 2326 1497 2360 xenodochi
1522 2326 1617 2361 etc.:

159 2365 276 2421 Anno·
295 2377 393 2422 1104,
411 2372 454 2405 ut
476 2369 633 2415 videtur,
653 2372 693 2408 in
710 2372 900 2419 Hospitali
918 2371 953 2409 S.
974 2371 1128 2408 Ioannis
1149 2371 1190 2407 in
1207 2371 1476 2417 Hierosolymis
1495 2372 1617 2415 (cuius

161 2413 212 2467 de
224 2424 366 2468 ᾳηςιιιθ
382 2415 430 2452 cf.
449 2416 556 2464 Heyd
577 2419 695 2455 Gesch.
713 2422 773 2455 des
788 2421 1092 2456 Levantehamlels
1106 2419 1131 2455 i.
1155 2420 1235 2465 117)
1254 2420 1434 2455 fundatus
1451 2422 1510 2456 est
1527 2419 1617 2456 ordo

161 2459 335 2496 mihtin-1⁵
350 2462 454 2498 cuius
468 2465 609 2510 primus
630 2467 811 2514 magister
828 2466 1011 2504 Gerardus
1033 2467 1117 2509 fuit,
1136 2466 1202 2513 qui
1226 2466 1391 2503 eiusdem
1417 2467 1618 2513 hospitalis

163 2517 206 2544 eo
228 2508 396 2562 tempore
416 2511 622 2566 gardianus
645 2525 708 2550 seu
733 2517 857 2551 custos
882 2514 1048 2552 exstitit:
1082 2515 1131 2551 cf.
1159 2514 1324 2560 Regulae
1347 2525 1370 2550 a
1393 2514 1616 2560 Raymundo

161 2553 532 2611 de·Pod1·o‚Gerard1
550 2572 767 2603 successore,
791 2562 966 2599 conditae
991 2567 1067 2608 (ap.
1092 2562 1266 2598 Holsten.
1292 2562 1332 2597 ii.
1354 2563 1440 2608 445)
1466 2574 1497 2598 c.
1527 2573 1540 2599 1
1568 2565 1616 2598 In

157 2613 292 2647 promte
311 2604 411 2639 iubeo
430 2608 522 2651 quod
542 2619 659 2644 omnes
673 2610 823 2646 Fratres
842 2611 891 2645 ad
904 2611 1095 2646 seruitium
1110 2613 1293 2645 uenientes
1307 2622 1514 2655 pauperum
1529 2612 1614 2652 tria,

162 2660 251 2706 qyae
266 2653 486 2694 promittunt
498 2655 582 2698 Deo,
600 2660 742 2692 teneant
761 2669 842 2692 cum
858 2658 928 2693 Dei
943 2659 1095 2699 auxilio,
1114 2669 1160 2692 sc.
1185 2660 1383 2693 castitatem
1404 2663 1436 2692 et
1459 2658 1616 2693 obedien-

162 2700 250 2731 tiam
268 2700 300 2731 a
315 2723 325 2734 .
342 2723 355 2750 ·.
368 2724 377 2733 .
395 2701 472 2735 sine
482 2705 632 2748 proprio
646 2705 780 2739 uiuere.
937 2706 1188 2750 Apostolorum
1201 2706 1295 2740 etc.:
1319 2716 1348 2740 v.
1364 2705 1450 2740 Act.
1463 2704 1559 2751 App.
1573 2704 1614 2740 ii.

161 2752 326 2798 1²4⁸qu
343 2754 391 2780 IV·
408 2756 451 2791 32
459 2759 559 2794 seqq.
674 2760 694 2796 7
718 2753 767 2787 ad
779 2753 1009 2797 perfectionis
1023 2753 1115 2788 etc.:
1139 2763 1170 2787 v.
1188 2752 1300 2787 Matt.
1317 2750 1395 2787 xix.
1413 2762 1469 2788 21.
1572 2762 1614 2797 13

162 2801 204 2824 m
217 2791 349 2836 primis
363 2793 431 2828 etc.
446 2804 455 2828 :
480 2806 512 2831 v,
529 2795 623 2833 Gen.
634 2796 681 2833 iv·
695 2799 728 2835 8.
825 2809 869 2843 14
920 2800 1101 2844 rophetam
1112 2800 1318 2852 reprobum:
1344 2811 1377 2835 v.
1395 2809 1415 2844 3
1431 2798 1521 2844 Reg.
1535 2798 1614 2834 xiii.

166 2846 220 2880 14,
242 2845 281 2893 15
307 2842 503 2893 apostolum
523 2845 759 2888 proditorem:
785 2844 812 2880 i.
827 2857 859 2882 e.
885 2811 1018 2881 fudam
1044 2845 1286 2888 Iscanotem3
1311 2858 1343 2881 v.
1369 2845 1457 2882 Luc.
1483 2846 1530 2881 vi.
1560 2848 1614 2882 16.

166 2892 206 2929 15
233 2885 425 2929 discipulos
444 2890 579 2926 Christi
587 2893 766 2937 perfidos:
792 2903 825 2928 v.
845 2893 975 2930 Ioann.
989 2892 1036 2929 vi.
1053 2894 1112 2937 67.

221 2966 300 2984 wne
315 2965 336 2984 ιι
850 2964 873 2992 C
902 2965 923 2991 0
1441 2967 1505 3002 ι93
