1988 3250
184 219 284 255 ou.
299 205 372 267 x1]
687 199 1125 248 POLIGRATIOVS
1662 205 1740 251 ⁷⁵²
1756 194 1788 237 d

184 327 263 385 qui
295 325 497 370 exclusus
527 322 672 367 tacuit
701 324 748 365 et
777 320 987 364 iniuriam
1018 333 1145 361 suam
1176 331 1310 361 uersu
1340 318 1511 375 tragico
1544 331 1646 362 con·

185 395 354 440 solatus
391 396 471 437 est.
550 390 738 448 Gorgias
785 388 937 432 rethor
984 386 1149 430 librum
1197 386 1542 444 pulcherrimum
1591 386 1647 429 de

183 463 416 510 concordia
455 459 606 506 Grecis
655 461 762 502 tunc
811 458 930 500 inter
978 469 1024 498 se
1073 454 1390 497 dissidentibus
1439 455 1647 499 recitauit

185 532 414 590 Olimpiae.
474 529 559 574 Cui
579 527 820 572 Melantias
839 525 1045 569 inimicus
1065 523 1159 566 eius
1177 541 1186 567 ε
1218 523 1305 565 Hic
1325 523 1465 576 nobis,
1486 524 1645 580 inquit,

145 619 166 655 5
183 603 239 647 de
257 599 488 647 concordia
507 597 723 656 praecipit
748 596 825 653 qui
849 610 895 638 se
921 607 1106 638 uxorem
1126 595 1172 636 et
1190 591 1457 643 ancillulam,
1476 596 1568 635 tres
1599 594 1646 636 in

151 667 154 671 ’
184 685 274 715 una
311 670 452 720 domo,
487 667 749 712 concordare
788 679 878 708 non
917 662 1075 721 potuit.
1150 661 1445 704 Emulabatur
1483 662 1647 719 quippe

184 754 299 784 uxor
336 739 431 782 eius
469 736 702 781 ancillulae
740 731 1030 792 pulcritudini
1069 733 1115 774 et
1153 730 1450 773 castissimum
1498 730 1646 773 uirum

183 808 416 854 cotidianis
445 806 602 864 iurgiis
630 803 899 862 exagitabat.
971 800 1111 851 Vnde,
1140 802 1194 843 ut
1228 803 1368 843 cesset
1398 799 1571 841 inuidia
1602 803 1647 843 et

182 878 308 936 quies
334 876 628 920 matrimoniis
651 874 930 924 reformetur,
951 870 1186 914 ditioribus
1213 869 1259 912 in
1284 869 1646 913 consuetudinem
1663 878 1742 920 753
1762 880 1793 909 a

125 967 168 996 ιο
183 961 362 992 uersum
382 949 450 991 est
469 961 524 990 ne
545 959 678 1003 quam
699 944 746 986 in
764 942 894 986 domo
914 941 1108 984 habeant
1127 938 1405 997 pulcriorem.
1445 938 1649 983 Socrates

183 1031 284 1061 cum
323 1016 512 1062 duarum
551 1028 742 1058 uxorum
792 1011 939 1069 iurgia
977 1010 1112 1054 uellet
1162 1009 1412 1066 reprimere,
1451 1008 1498 1051 in
1547 1023 1649 1052 eum

183 1086 421 1131 nouissime
451 1085 683 1129 uerterunt
711 1082 927 1139 impetum
958 1083 1004 1124 et
1039 1079 1153 1122 male
1192 1078 1433 1123 multatum
1474 1077 1648 1135 fugien-

183 1158 360 1213 temque
380 1155 458 1198 diu
484 1155 738 1212 persecutae
765 1154 870 1195 sunt
897 1154 943 1194 et
969 1165 996 1193 a
1020 1149 1141 1200 solio,
1161 1148 1208 1191 in
1233 1162 1320 1205 quo
1346 1147 1648 1199 morabantur,

140 1258 142 1261 -
183 1224 463 1283 postmodum
483 1223 591 1267 lotio
617 1221 922 1280 perfuderunt.
982 1219 1037 1262 In
1058 1218 1318 1262 muliebrem
1338 1217 1568 1260 leuitatem
1588 1218 1646 1260 ab

126 1310 166 1346 15
184 1294 437 1339 auctoribus
463 1293 626 1351 passim
645 1291 789 1335 multa
812 1290 1077 1334 scribuntur.
1138 1288 1342 1331 Fortasse
1371 1286 1484 1330 falso
1511 1287 1647 1330 inter-

182 1363 291 1409 dum
324 1363 556 1421 finguntur
585 1361 800 1419 plurima;
842 1359 978 1403 nichil
1018 1362 1167 1402 tamen
1203 1357 1390 1415 impedit
1429 1356 1647 1399 ridentem

183 1433 326 1479 dicere
355 1447 511 1476 uerum
540 1435 586 1476 et
615 1430 828 1474 fabulosis
857 1428 1200 1478 narrationibus,
1230 1442 1340 1485 quas
1369 1426 1648 1484 philosophia

182 1517 272 1547 non
301 1502 439 1555 reicit,
469 1501 714 1559 exprimere
745 1500 852 1558 quid
882 1500 1032 1543 obesse
1063 1498 1202 1555 possit
1230 1497 1279 1540 in
1308 1496 1516 1540 moribus.
1577 1496 1647 1540 Ex

183 1572 239 1619 iis
258 1572 376 1616 enim
399 1572 539 1629 liquet
563 1586 696 1628 quam
723 1569 852 1614 facile
878 1572 1042 1620 ament,
1061 1571 1231 1625 quanta
1256 1566 1432 1610 oderint
1451 1566 1649 1618 leuitate,

125 1661 170 1689 ao
185 1655 318 1699 quam
342 1641 431 1685 cito
450 1640 792 1692 obliuiscantur3
821 1640 1059 1684 affectuum
1089 1641 1135 1681 et
1164 1640 1351 1680 naturae
1372 1636 1650 1680 immemores

182 1710 406 1757 interdum
427 1710 475 1754 in
494 1710 608 1754 filios
627 1713 870 1761 armantur,
886 1709 1110 1752 interdum
1131 1708 1178 1751 in
1199 1708 1370 1751 uiscera
1389 1722 1480 1751 sua.
1530 1706 1649 1750 Sunt

182 1779 355 1838 aliquae
374 1780 693 1838 pudicissimae,
713 1780 816 1824 licet
835 1779 1040 1823 satiricus
1061 1778 1180 1821 dicat
1200 1778 1410 1835 quoniam
1665 1780 1694 1819 b

354 1888 456 1921 rara
484 1878 582 1921 auis
610 1877 658 1920 in
686 1878 818 1921 terris
846 1877 1061 1934 nigroque
1090 1875 1316 1919 simillima
1344 1875 1474 1932 cigno

183 1975 342 2021 mulier
365 1977 546 2020 exactae
571 1975 802 2025 castitatis,
831 1976 877 2018 et
903 1974 1098 2031 tragicus
1122 1973 1291 2015 nullam
1321 1987 1414 2015 esse
1435 1971 1648 2015 feminam

126 2061 169 2096 ²5
184 2046 278 2088 tam
296 2044 501 2102 pudicam
521 2059 633 2102 quae
653 2059 742 2088 non
762 2043 995 2103 peregrina
1014 2043 1198 2086 libidine
1214 2057 1353 2099 usque
1374 2041 1430 2084 ad
1452 2041 1648 2084 furorem
1706 2056 1709 2059 ·

185 2113 456 2159 incendatur.
516 2114 720 2159 Matrona
755 2114 971 2171 quaedam
1006 2112 1226 2156 referente
1267 2111 1474 2155 Petronio
1514 2111 1649 2154 Effesi

184 2185 278 2226 tam
311 2184 441 2226 notae
475 2187 571 2227 erat
605 2183 843 2241 pudicitiae
877 2186 931 2226 ut
962 2182 1209 2226 uicinarum
1240 2196 1413 2238 quoque
1444 2181 1647 2238 gentium

185 2250 373 2295 feminas
410 2252 468 2295 ad
505 2252 800 2310 spectaculum
840 2252 909 2295 sui
949 2254 1164 2296 euocaret.
1237 2250 1359 2294 Haec
1399 2265 1514 2307 erg0,
1546 2265 1647 2293 cum

185 2320 332 2364 uirum
353 2321 594 2374 extulisset,
612 2337 702 2365 non
721 2325 929 2368 contenta
948 2321 1125 2380 uulgari
1144 2335 1264 2363 more
1285 2319 1422 2363 funus
1442 2320 1648 2377 prosequi

187 2474 515 2529 2·pucherrimum
532 2474 557 2519 S
673 2486 694 2523 3
718 2475 846 2523 gregis
862 2475 1039 2513 OBAS¹M
1157 2477 1186 2530 8·
1204 2474 1426 2513 cottidianis
1442 2473 1491 2509 A¹
1605 2485 1649 2522 19

186 2521 262 2558 hus
277 2521 310 2557 A
325 2534 334 2559 :
359 2521 418 2557 his
435 2521 476 2558 M
617 2524 663 2561 26
687 2523 915 2561 accendatur
930 2523 964 2560 A
1058 2522 1190 2570 ephesi
1205 2523 1240 2559 A

238 2662 282 2688 10
305 2653 466 2688 Socrates
481 2653 555 2688 etc.
572 2662 581 2688 :
606 2664 638 2688 v.
657 2651 808 2690 Hieron.
826 2652 897 2689 loc.
914 2664 1025 2700 supra
1041 2652 1106 2689 cit.
1331 2653 1384 2695 16,
1407 2661 1449 2695 17
1474 2653 1650 2687 ridentem

187 2701 303 2735 dicere
320 2709 469 2734 uerum:
493 2699 581 2735 Hor.
598 2701 671 2735 Sat.
689 2699 713 2736 i.
734 2710 765 2736 1.
783 2710 839 2746 24.
998 2711 1042 2746 23
1069 2701 1170 2736 Rara
1187 2701 1271 2735 auis
1287 2701 1381 2736 ete.:
1409 2699 1488 2735 Iuv.
1508 2700 1583 2735 Sat.
1599 2698 1647 2733 vi.

191 2748 270 2793 ¹65·
382 2755 427 2789 24
451 2748 608 2791 traqicus
622 2748 715 2784 etc.:
741 2746 768 2784 i.
781 2758 814 2785 e.
833 2746 1040 2793 Eumolpus
1056 2747 1097 2784 in
1114 2747 1264 2783 Petron.
1281 2749 1355 2784 Sat.
1417 2757 1430 2783 1
1441 2757 1494 2783 10.
1603 2746 1650 2781 26

187 2795 362 2887 glatrona
399 2794 575 2840 quaedam
614 2795 688 2831 etc.
727 2805 845 2841 usque
885 2795 934 2831 ad
981 2807 1120 2832 crucem
1161 2796 1248 2841 (754
1261 2794 1329 2840 D):
1409 2796 1529 2830 etron.
1569 2794 1645 2829 Sat.

231 2850 309 2879 111.

1457 2920 1521 2956 30¹
