1988 3250
280 229 366 277 653
382 226 414 267 b

387 569 413 600 c

381 1603 411 1645 d

753 225 1016 271 IOANNIS
1057 221 1572 271 SARESBERIENSIS
1702 223 1815 286 [mn.
1829 235 1902 270 vn

430 346 720 391 structionem
749 349 1032 405 acceperant;
1070 360 1293 391 summum
1322 346 1489 390 bonum
1522 346 1571 390 in
1599 347 1771 390 uirtute
1799 361 1902 390 con-

429 416 676 460 stituerunt
715 431 803 475 quo
841 417 973 475 plane
1012 417 1150 460 nichil
1189 415 1347 459 melius
1386 418 1455 459 est
1488 416 1575 459 nisi
1610 415 1702 459 frui
1737 431 1788 460 eo
1823 416 1901 473 qui

429 499 600 530 summe
619 487 761 530 bonus
781 490 828 530 et
846 501 1068 530 summum
1095 487 1261 529 bonum
1286 488 1365 529 est.
1425 486 1543 529 Vsus
1570 486 1690 529 enim
1713 485 1899 529 uirtutis

430 556 625 613 optimus
655 559 735 607 est,
763 560 809 600 et
838 557 996 600 utendi
1026 557 1147 600 Deus
1177 557 1272 614 ipse
1304 559 1372 600 est
1403 555 1589 600 fructus.
1648 556 1763 600 Cum
1793 569 1900 613 ergo

428 625 576 668 uirtus
604 626 698 669 sola
726 626 907 669 beatum
937 626 1087 677 faciat,
1108 626 1165 669 ad
1196 626 1408 669 thronum
1439 626 1545 677 eius,
1569 629 1748 683 sumpta
1777 640 1900 669 occa·
1917 637 1939 672 5

427 694 550 738 sione
570 710 627 738 ex
646 695 963 739 traditionibus
983 696 1240 747 doctiorum,
1258 709 1338 753 per
1351 695 1500 739 uarios
1515 695 1647 739 calles
1666 695 1901 739 ascendere

426 764 574 808 conati
604 768 723 808 sunt.
784 764 960 808 Stoicus
989 765 1120 816 enim,
1140 768 1194 808 ut
1223 779 1372 808 rerum
1402 767 1705 822 contemptum
1734 765 1901 816 doceat,

427 833 476 875 in
505 833 662 877 mortis
687 833 976 877 meditatione
1000 837 1207 877 uersatur
1219 848 1229 886 ;
1258 834 1610 891 Peripatheticus
1638 834 1687 877 in
1715 833 1900 892 inquisi-

427 903 550 946 tione
570 903 692 955 ueri;
722 903 955 947 uolutatur
974 904 1021 946 in
1041 903 1350 960 uoluptatibus
1371 902 1612 961 Epicurus3
1642 907 1699 956 et,
1719 903 1823 947 licet
1842 903 1902 946 ad

427 984 569 1015 unum
600 971 801 1023 tendant,
832 972 982 1015 uarias
1021 973 1265 1015 sententias
1305 972 1432 1029 quasi
1471 972 1570 1016 uias
1609 972 1902 1016 beatitudinis
1920 985 1962 1012 ιο

428 1041 707 1084 auditoribus
727 1041 819 1084 suis
846 1042 1067 1098 aperiunt.
1127 1041 1195 1084 De
1214 1042 1376 1099 quibus
1395 1041 1601 1085 dubitare
1621 1044 1667 1085 et
1690 1056 1902 1099 quaerere

427 1110 618 1153 liberum
657 1113 736 1162 est,
775 1111 914 1154 donec
954 1126 1011 1154 ex
1049 1111 1283 1155 collatione
1322 1111 1650 1169 propositorum
1681 1111 1808 1168 quasi
1843 1126 1901 1155 ex

428 1179 621 1236 quadam
647 1180 871 1223 rationum
890 1180 1114 1223 collisione
1138 1181 1305 1224 ueritas
1334 1181 1572 1224 illucescat.
1633 1180 1722 1224 Sed
1749 1180 1804 1224 de
1829 1180 1902 1224 his

427 1248 565 1292 latius
584 1248 632 1291 in
651 1249 938 1306 sequentibus
965 1249 1149 1295 dicetur.
1207 1250 1340 1293 Nunc
1369 1250 1560 1294 sufficiat
1585 1250 1828 1294 ostendisse
1852 1250 1898 1293 in

428 1318 590 1376 quibus
610 1318 926 1362 Achademicos
946 1319 1207 1363 uacillantes
1226 1319 1358 1363 liceat
1377 1319 1557 1363 imitari.
1919 1333 1961 1369 13

427 1459 534 1518 Cap.
557 1475 595 1517 9.
626 1461 690 1504 De
708 1460 982 1518 arroyantz'a
1001 1461 1326 1505 multitudinis
1344 1461 1584 1518 imperitae
1596 1477 1615 1510 ;
1645 1465 1684 1505 et
1704 1462 1902 1518 qualiter

543 1529 730 1586 leyenda
758 1534 868 1573 sunt
898 1544 950 1573 ea
978 1544 1094 1586 quae
1115 1530 1319 1587 prodesse
1343 1535 1563 1588 poterunt
1590 1533 1629 1575 et
1658 1530 1792 1575 obesse
1803 1550 1823 1583 ,·
1860 1535 1900 1576 et

544 1598 666 1656 quod
693 1599 881 1655 i‘nyenio
910 1598 987 1642 uel
1016 1599 1221 1643 eaercitio
1250 1599 1349 1643 eine
1374 1600 1531 1657 qratia
1550 1600 1783 1656 sapientia
1804 1615 1900 1645 non

544 1667 779 1725 cominqit.

485 1759 620 1803 Pauci
656 1763 806 1803 tamen
837 1762 944 1803 sunt
974 1759 1050 1817 qui
1086 1759 1480 1804 Achademicorum
1519 1760 1766 1805 imitatores
1806 1777 1900 1806 esse
1919 1775 1963 1801 20

426 1828 680 1886 dignentur,
700 1844 800 1872 cum
820 1829 1123 1886 unusquisque
1144 1844 1224 1887 pro
1244 1829 1376 1872 libitu
1403 1830 1552 1887 potius
1573 1844 1707 1887 quam
1727 1831 1900 1875 ratione

428 1898 567 1956 eligat
596 1898 703 1956 quid
732 1902 957 1955 sequatur.
1018 1899 1109 1941 Alii
1130 1914 1321 1957 namque
1348 1899 1551 1956 propriis,
1572 1900 1649 1942 alii
1670 1900 1901 1944 doctorum

428 1968 722 2026 opinionibus,
742 1967 818 2010 alii
839 1968 1141 2012 multitudinis
1159 1969 1379 2012 consortio
1398 1969 1723 2015 distrahuntur.
1782 1970 1902 2024 Quid

429 2034 547 2078 enim
568 2034 747 2077 dubitat
766 2034 842 2091 qui
868 2034 1040 2077 iuratus
1060 2035 1107 2078 in
1131 2035 1269 2078 uerba
1294 2035 1497 2093 magistri
1521 2050 1611 2078 non
1637 2037 1745 2093 quid
1771 2037 1848 2080 sed
1873 2052 1902 2081 a

429 2118 517 2161 quo
537 2103 644 2160 quid
665 2103 840 2146 dicatur
858 2103 1085 2148 attendit?
1144 2103 1334 2157 Quiduis
1353 2104 1470 2147 enim
1491 2104 1654 2148 elatrat
1673 2106 1835 2149 acriter
1854 2110 1900 2150 et
1917 2125 1961 2160 οε

429 2187 517 2230 quo
538 2172 711 2215 imbuta
730 2175 798 2215 est
818 2172 999 2230 puerilis
1020 2176 1126 2223 etas,
1146 2173 1199 2216 de
1221 2173 1390 2216 intimis
1412 2174 1714 2231 philosophiae
1734 2175 1901 2219 abditis

429 2245 607 2284 erutum
652 2243 794 2298 putat.
855 2241 1042 2284 Paratus
1082 2245 1127 2285 et
1166 2242 1220 2285 de
1262 2242 1364 2285 lana
1403 2243 1584 2300 caprina
1623 2245 1901 2298 contendere,

429 2311 611 2355 credens
631 2310 901 2368 inopinabile
925 2311 962 2354 si
991 2311 1098 2368 quid
1128 2311 1330 2369 ignotum
1361 2312 1543 2355 auribus
1570 2314 1664 2356 eius
1691 2314 1903 2367 insonuit,

430 2395 510 2425 nec
538 2381 785 2423 rationibus
811 2380 1057 2437 adquiescit
1083 2396 1214 2438 quem
1245 2381 1436 2425 doctoris
1462 2382 1712 2439 captiuauit
1738 2384 1902 2442 opinio.

429 2521 448 2560 5
476 2514 629 2549 tronum
649 2511 708 2549 As
874 2521 894 2557 7
921 2511 1079 2559 Stoyeua
1097 2511 1127 2548 A
1296 2514 1317 2549 8
1344 2512 1622 2560 Peripateticus
1639 2513 1750 2552 GBS:
1777 2515 1902 2553 Perhi-

428 2559 617 2607 pateticu·
633 2559 665 2595 A
812 2569 849 2596 11
878 2571 1037 2606 querere
1058 2562 1096 2597 et
1113 2559 1288 2597 dubitare
1307 2560 1351 2596 Αι
1497 2562 1543 2598 26
1568 2562 1841 2610 phylosophiae
1859 2562 1901 2600 M

477 2686 497 2722 3
523 2687 659 2712 tumme
687 2676 801 2710 bonus
828 2679 860 2710 et
886 2685 1065 2709 nummum
1092 2675 1247 2710 bonum:
1286 2674 1333 2711 cf.
1363 2674 1456 2721 Aug.
1487 2681 1611 2712 contra
1638 2678 1709 2724 Ep.
1736 2679 1898 2717 Mancoh.

428 2735 459 2761 ⁰·
478 2732 521 2806 3⁷
542 2725 559 2769 ⁹
579 2733 626 2805 ⁴1}
647 2720 1173 2817 ‘Mffisffl1issi¹¹“‘²⁰²’‘24
1199 2724 1363 2805 sidia?
1361 2728 1419 2805 31¹
1418 2725 1854 2810 ἑζῖἴρἀᾷἱῖᾞῖἕέὛῖἴ
1856 2738 1898 2810 ‘r‘

428 2782 595 2864 &poili-1.
619 2779 694 2862 {1⁴⁸7
817 2826 860 2863 25
887 2796 1017 2870 elatrat
1035 2818 1186 2852 acriter:
1215 2828 1247 2852 v.
1270 2816 1359 2853 Hor.
1379 2819 1448 2864 Ep.
1466 2817 1490 2855 i.
1514 2820 1567 2856 18.
1590 2784 1643 2857 lig.
1721 2799 1730 2809 ·
1780 2800 1831 2867 '27
1844 2785 1902 2858 odd

428 2869 517 2903 cuna
534 2867 711 2911 capr-ina:
738 2864 825 2902 nor.
843 2865 913 2911 Ep.
931 2875 956 2901 ι.
979 2866 1029 2901 18.
1054 2873 1106 2911 15.
