<?xml version="1.0" encoding="UTF-8"?>
<!DOCTYPE html PUBLIC "-//W3C//DTD XHTML 1.0 Transitional//EN"
    "http://www.w3.org/TR/xhtml1/DTD/xhtml1-transitional.dtd">
<html xmlns="http://www.w3.org/1999/xhtml" xml:lang="en" lang="en">
 <head>
  <title>
</title>
<meta http-equiv="Content-Type" content="text/html;charset=utf-8" />
  <meta name='ocr-system' content='tesseract 3.04.00' />
  <meta name='ocr-capabilities' content='ocr_page ocr_carea ocr_par ocr_line ocrx_word'/>
</head>
<body>
  <div class='ocr_page' id='page_1' title='image "./policraticisived02john_0023.png"; bbox 0 0 1988 3250; ppageno 0'>
   <div class='ocr_carea' id='block_1_1' title="bbox 125 212 1090 274">
    <p class='ocr_par' dir='ltr' id='par_1_1' title="bbox 125 212 1090 274">
     <span class='ocr_line' id='line_1_1' title="bbox 125 212 1090 274; baseline 0.002 -14"><span class='ocrx_word' id='word_1_1' title='bbox 125 223 226 260; x_wconf 75' lang='lat' dir='ltr'>cAP.</span> <span class='ocrx_word' id='word_1_2' title='bbox 241 212 322 274; x_wconf 88' lang='grc' dir='ltr'><strong>ιιι]</strong></span> <span class='ocrx_word' id='word_1_3' title='bbox 649 215 1090 262; x_wconf 88' lang='lat' dir='ltr'>POLICRATICVS</span> 
     </span>
    </p>
   </div>
   <div class='ocr_carea' id='block_1_2' title="bbox 0 334 1597 2131">
    <p class='ocr_par' dir='ltr' id='par_1_2' title="bbox 0 334 1597 2131">
     <span class='ocr_line' id='line_1_2' title="bbox 124 334 1597 394; baseline 0.005 -18"><span class='ocrx_word' id='word_1_4' title='bbox 124 334 383 388; x_wconf 85' lang='lat' dir='ltr'>reseruauit‚</span> <span class='ocrx_word' id='word_1_5' title='bbox 421 335 578 379; x_wconf 86' lang='lat' dir='ltr'>ceteris</span> <span class='ocrx_word' id='word_1_6' title='bbox 623 349 680 378; x_wconf 84' lang='lat' dir='ltr'>ex</span> <span class='ocrx_word' id='word_1_7' title='bbox 719 336 891 380; x_wconf 87' lang='lat' dir='ltr'>ratione</span> <span class='ocrx_word' id='word_1_8' title='bbox 929 337 1094 394; x_wconf 91' lang='lat' dir='ltr'>populo</span> <span class='ocrx_word' id='word_1_9' title='bbox 1132 337 1396 383; x_wconf 70' lang='lat' dir='ltr'>distributis.</span> <span class='ocrx_word' id='word_1_10' title='bbox 1475 340 1597 384; x_wconf 90' lang='lat' dir='ltr'>Vicit</span> 
     </span>
     <span class='ocr_line' id='line_1_3' title="bbox 124 403 1595 466; baseline 0.005 -21"><span class='ocrx_word' id='word_1_11' title='bbox 124 417 229 462; x_wconf 87' lang='lat' dir='ltr'>ergo</span> <span class='ocrx_word' id='word_1_12' title='bbox 259 403 602 448; x_wconf 86' lang='lat' dir='ltr'>innumerabiles</span> <span class='ocrx_word' id='word_1_13' title='bbox 640 404 836 448; x_wconf 85' lang='lat' dir='ltr'>hostium</span> <span class='ocrx_word' id='word_1_14' title='bbox 875 406 1024 463; x_wconf 89' lang='lat' dir='ltr'>copias</span> <span class='ocrx_word' id='word_1_15' title='bbox 1054 407 1102 449; x_wconf 92' lang='lat' dir='ltr'>in</span> <span class='ocrx_word' id='word_1_16' title='bbox 1131 408 1341 464; x_wconf 82' lang='lat' dir='ltr'>expedita</span> <span class='ocrx_word' id='word_1_17' title='bbox 1370 410 1595 466; x_wconf 72' lang='lat' dir='ltr'>paucitate</span> 
     </span>
     <span class='ocr_line' id='line_1_4' title="bbox 122 472 1595 531; baseline 0.004 -15"><span class='ocrx_word' id='word_1_18' title='bbox 122 472 322 516; x_wconf 86' lang='lat' dir='ltr'>uirorum</span> <span class='ocrx_word' id='word_1_19' title='bbox 361 472 547 516; x_wconf 82' lang='lat' dir='ltr'>fortium</span> <span class='ocrx_word' id='word_1_20' title='bbox 587 488 697 531; x_wconf 89' lang='lat' dir='ltr'>quos</span> <span class='ocrx_word' id='word_1_21' title='bbox 735 489 825 518; x_wconf 89' lang='lat' dir='ltr'>non</span> <span class='ocrx_word' id='word_1_22' title='bbox 865 474 996 519; x_wconf 79' lang='lat' dir='ltr'>facile</span> <span class='ocrx_word' id='word_1_23' title='bbox 1033 476 1295 519; x_wconf 84' lang='lat' dir='ltr'>crediderim</span> <span class='ocrx_word' id='word_1_24' title='bbox 1338 477 1387 520; x_wconf 90' lang='lat' dir='ltr'>in</span> <span class='ocrx_word' id='word_1_25' title='bbox 1426 478 1595 522; x_wconf 89' lang='lat' dir='ltr'>deliciis</span> 
     </span>
     <span class='ocr_line' id='line_1_5' title="bbox 122 541 1593 602; baseline 0.003 -18"><span class='ocrx_word' id='word_1_26' title='bbox 122 541 301 585; x_wconf 89' lang='lat' dir='ltr'>urbium</span> <span class='ocrx_word' id='word_1_27' title='bbox 335 546 416 586; x_wconf 84' lang='lat' dir='ltr'>aut</span> <span class='ocrx_word' id='word_1_28' title='bbox 454 543 677 601; x_wconf 86' lang='lat' dir='ltr'>regalibus</span> <span class='ocrx_word' id='word_1_29' title='bbox 707 544 850 601; x_wconf 89' lang='lat' dir='ltr'>epulis</span> <span class='ocrx_word' id='word_1_30' title='bbox 880 544 1202 602; x_wconf 80' lang='lat' dir='ltr'>cotidianisque</span> <span class='ocrx_word' id='word_1_31' title='bbox 1231 547 1451 589; x_wconf 88' lang='lat' dir='ltr'>conuiuiis</span> <span class='ocrx_word' id='word_1_32' title='bbox 1481 547 1593 590; x_wconf 92' lang='lat' dir='ltr'>didi-</span> 
     </span>
     <span class='ocr_line' id='line_1_6' title="bbox 83 611 1595 673; baseline 0.004 -19"><span class='ocrx_word' id='word_1_33' title='bbox 83 628 104 664; x_wconf 76' lang='lat'><strong><em>5</em></strong></span> <span class='ocrx_word' id='word_1_34' title='bbox 121 611 231 655; x_wconf 90' lang='lat' dir='ltr'>cisse</span> <span class='ocrx_word' id='word_1_35' title='bbox 257 614 309 655; x_wconf 91' lang='lat' dir='ltr'>ut</span> <span class='ocrx_word' id='word_1_36' title='bbox 333 626 495 669; x_wconf 87' lang='lat' dir='ltr'>aquam</span> <span class='ocrx_word' id='word_1_37' title='bbox 522 613 780 664; x_wconf 80' lang='lat' dir='ltr'>lamberent,</span> <span class='ocrx_word' id='word_1_38' title='bbox 801 614 919 657; x_wconf 86' lang='lat' dir='ltr'>unde</span> <span class='ocrx_word' id='word_1_39' title='bbox 948 629 1022 658; x_wconf 92' lang='lat' dir='ltr'>eos</span> <span class='ocrx_word' id='word_1_40' title='bbox 1052 614 1271 658; x_wconf 85' lang='lat' dir='ltr'>Dominus</span> <span class='ocrx_word' id='word_1_41' title='bbox 1300 630 1407 673; x_wconf 84' lang='lat' dir='ltr'>prae</span> <span class='ocrx_word' id='word_1_42' title='bbox 1436 618 1595 661; x_wconf 85' lang='lat' dir='ltr'>ceteris</span> 
     </span>
     <span class='ocr_line' id='line_1_7' title="bbox 121 681 1595 743; baseline 0.003 -19"><span class='ocrx_word' id='word_1_43' title='bbox 121 681 293 725; x_wconf 88' lang='lat' dir='ltr'>censuit</span> <span class='ocrx_word' id='word_1_44' title='bbox 332 681 570 739; x_wconf 87' lang='lat' dir='ltr'>eligendos.</span> <span class='ocrx_word' id='word_1_45' title='bbox 627 682 678 726; x_wconf 88' lang='lat' dir='ltr'>Si</span> <span class='ocrx_word' id='word_1_46' title='bbox 717 686 869 726; x_wconf 87' lang='lat' dir='ltr'>tamen</span> <span class='ocrx_word' id='word_1_47' title='bbox 908 683 1134 727; x_wconf 91' lang='lat' dir='ltr'>interdum</span> <span class='ocrx_word' id='word_1_48' title='bbox 1175 685 1413 728; x_wconf 82' lang='lat' dir='ltr'>necessitas</span> <span class='ocrx_word' id='word_1_49' title='bbox 1453 686 1595 743; x_wconf 82' lang='lat' dir='ltr'>exigit</span> 
     </span>
     <span class='ocr_line' id='line_1_8' title="bbox 120 750 1595 812; baseline 0.003 -19"><span class='ocrx_word' id='word_1_50' title='bbox 120 750 313 794; x_wconf 87' lang='lat' dir='ltr'>urbanos</span> <span class='ocrx_word' id='word_1_51' title='bbox 339 751 702 810; x_wconf 86' lang='lat' dir='ltr'>delicatioresque</span> <span class='ocrx_word' id='word_1_52' title='bbox 729 753 786 796; x_wconf 83' lang='lat' dir='ltr'>ad</span> <span class='ocrx_word' id='word_1_53' title='bbox 812 768 938 796; x_wconf 89' lang='lat' dir='ltr'>arma</span> <span class='ocrx_word' id='word_1_54' title='bbox 961 754 1175 811; x_wconf 91' lang='lat' dir='ltr'>compelli,</span> <span class='ocrx_word' id='word_1_55' title='bbox 1195 768 1252 797; x_wconf 89' lang='lat' dir='ltr'>ex</span> <span class='ocrx_word' id='word_1_56' title='bbox 1282 769 1371 811; x_wconf 93' lang='lat' dir='ltr'>quo</span> <span class='ocrx_word' id='word_1_57' title='bbox 1399 755 1595 812; x_wconf 91' lang='lat' dir='ltr'>primum</span> 
     </span>
     <span class='ocr_line' id='line_1_9' title="bbox 119 820 1596 882; baseline 0.003 -19"><span class='ocrx_word' id='word_1_58' title='bbox 119 834 280 864; x_wconf 89' lang='lat' dir='ltr'>nomen</span> <span class='ocrx_word' id='word_1_59' title='bbox 309 820 468 864; x_wconf 88' lang='lat' dir='ltr'>dedere</span> <span class='ocrx_word' id='word_1_60' title='bbox 498 821 696 872; x_wconf 88' lang='lat' dir='ltr'>militiae,</span> <span class='ocrx_word' id='word_1_61' title='bbox 723 822 924 866; x_wconf 89' lang='lat' dir='ltr'>laborare</span> <span class='ocrx_word' id='word_1_62' title='bbox 950 823 1182 867; x_wconf 86' lang='lat' dir='ltr'>decurrere</span> <span class='ocrx_word' id='word_1_63' title='bbox 1213 828 1391 881; x_wconf 86' lang='lat' dir='ltr'>portare</span> <span class='ocrx_word' id='word_1_64' title='bbox 1421 825 1596 882; x_wconf 89' lang='lat' dir='ltr'>pondus</span> 
     </span>
     <span class='ocr_line' id='line_1_10' title="bbox 121 890 1596 951; baseline 0.003 -18"><span class='ocrx_word' id='word_1_65' title='bbox 121 892 167 933; x_wconf 89' lang='lat' dir='ltr'>et</span> <span class='ocrx_word' id='word_1_66' title='bbox 186 890 321 934; x_wconf 89' lang='lat' dir='ltr'>solem</span> <span class='ocrx_word' id='word_1_67' title='bbox 341 891 658 948; x_wconf 82' lang='lat' dir='ltr'>pulueremque</span> <span class='ocrx_word' id='word_1_68' title='bbox 678 890 796 935; x_wconf 85' lang='lat' dir='ltr'>ferre</span> <span class='ocrx_word' id='word_1_69' title='bbox 816 892 1086 945; x_wconf 83' lang='lat' dir='ltr'>condiscant,</span> <span class='ocrx_word' id='word_1_70' title='bbox 1107 908 1242 951; x_wconf 89' lang='lat' dir='ltr'>parco</span> <span class='ocrx_word' id='word_1_71' title='bbox 1261 894 1386 937; x_wconf 88' lang='lat' dir='ltr'>uictu</span> <span class='ocrx_word' id='word_1_72' title='bbox 1406 898 1596 950; x_wconf 87' lang='lat' dir='ltr'>utantur</span> 
     </span>
     <span class='ocr_line' id='line_1_11' title="bbox 62 960 1595 1021; baseline 0.005 -22"><span class='ocrx_word' id='word_1_73' title='bbox 62 973 105 1000; x_wconf 86' lang='grc' dir='ltr'><strong>ιο</strong></span> <span class='ocrx_word' id='word_1_74' title='bbox 121 964 166 1004; x_wconf 85' lang='lat' dir='ltr'>et</span> <span class='ocrx_word' id='word_1_75' title='bbox 197 960 374 1011; x_wconf 89' lang='lat' dir='ltr'>rustico,</span> <span class='ocrx_word' id='word_1_76' title='bbox 402 960 629 1004; x_wconf 88' lang='lat' dir='ltr'>interdum</span> <span class='ocrx_word' id='word_1_77' title='bbox 658 961 742 1004; x_wconf 88' lang='lat' dir='ltr'>sub</span> <span class='ocrx_word' id='word_1_78' title='bbox 771 961 889 1015; x_wconf 89' lang='lat' dir='ltr'>diuo,</span> <span class='ocrx_word' id='word_1_79' title='bbox 919 962 1146 1006; x_wconf 88' lang='lat' dir='ltr'>interdum</span> <span class='ocrx_word' id='word_1_80' title='bbox 1174 963 1260 1006; x_wconf 90' lang='lat' dir='ltr'>sub</span> <span class='ocrx_word' id='word_1_81' title='bbox 1293 963 1595 1021; x_wconf 84' lang='lat' dir='ltr'>papilionibus</span> 
     </span>
     <span class='ocr_line' id='line_1_12' title="bbox 118 1030 1593 1077; baseline 0.002 -4"><span class='ocrx_word' id='word_1_82' title='bbox 118 1032 456 1074; x_wconf 83' lang='lat' dir='ltr'>commorentur.</span> <span class='ocrx_word' id='word_1_83' title='bbox 516 1030 639 1075; x_wconf 90' lang='lat' dir='ltr'>Tunc</span> <span class='ocrx_word' id='word_1_84' title='bbox 678 1030 856 1074; x_wconf 89' lang='lat' dir='ltr'>demum</span> <span class='ocrx_word' id='word_1_85' title='bbox 896 1032 954 1074; x_wconf 85' lang='lat' dir='ltr'>ad</span> <span class='ocrx_word' id='word_1_86' title='bbox 988 1046 1119 1076; x_wconf 89' lang='lat' dir='ltr'>usum</span> <span class='ocrx_word' id='word_1_87' title='bbox 1151 1032 1415 1076; x_wconf 83' lang='lat' dir='ltr'>erudiantur</span> <span class='ocrx_word' id='word_1_88' title='bbox 1448 1048 1593 1077; x_wconf 88' lang='lat' dir='ltr'>armo·</span> 
     </span>
     <span class='ocr_line' id='line_1_13' title="bbox 118 1099 1593 1160; baseline 0.003 -19"><span class='ocrx_word' id='word_1_89' title='bbox 118 1112 219 1142; x_wconf 92' lang='lat' dir='ltr'>rum</span> <span class='ocrx_word' id='word_1_90' title='bbox 230 1112 241 1152; x_wconf 92' lang='grc'><strong>;</strong></span> <span class='ocrx_word' id='word_1_91' title='bbox 268 1102 325 1152; x_wconf 90' lang='lat' dir='ltr'>et,</span> <span class='ocrx_word' id='word_1_92' title='bbox 345 1099 383 1142; x_wconf 87' lang='lat' dir='ltr'>si</span> <span class='ocrx_word' id='word_1_93' title='bbox 403 1099 578 1158; x_wconf 86' lang='lat' dir='ltr'>longior</span> <span class='ocrx_word' id='word_1_94' title='bbox 597 1100 823 1158; x_wconf 85' lang='lat' dir='ltr'>expeditio</span> <span class='ocrx_word' id='word_1_95' title='bbox 842 1101 1043 1159; x_wconf 87' lang='lat' dir='ltr'>emergit,</span> <span class='ocrx_word' id='word_1_96' title='bbox 1064 1102 1111 1144; x_wconf 91' lang='lat' dir='ltr'>in</span> <span class='ocrx_word' id='word_1_97' title='bbox 1132 1103 1330 1159; x_wconf 87' lang='lat' dir='ltr'>angariis</span> <span class='ocrx_word' id='word_1_98' title='bbox 1349 1102 1593 1160; x_wconf 89' lang='lat' dir='ltr'>plurimum</span> 
     </span>
     <span class='ocr_line' id='line_1_14' title="bbox 117 1167 1593 1227; baseline 0.003 -16"><span class='ocrx_word' id='word_1_99' title='bbox 117 1167 347 1212; x_wconf 87' lang='lat' dir='ltr'>detinendi</span> <span class='ocrx_word' id='word_1_100' title='bbox 369 1172 476 1212; x_wconf 87' lang='lat' dir='ltr'>sunt</span> <span class='ocrx_word' id='word_1_101' title='bbox 502 1170 742 1227; x_wconf 90' lang='lat' dir='ltr'>proculque</span> <span class='ocrx_word' id='word_1_102' title='bbox 765 1170 958 1214; x_wconf 88' lang='lat' dir='ltr'>habendi</span> <span class='ocrx_word' id='word_1_103' title='bbox 986 1172 1045 1214; x_wconf 89' lang='lat' dir='ltr'>ab</span> <span class='ocrx_word' id='word_1_104' title='bbox 1070 1172 1288 1216; x_wconf 87' lang='lat' dir='ltr'>illecebris</span> <span class='ocrx_word' id='word_1_105' title='bbox 1313 1172 1512 1216; x_wconf 86' lang='lat' dir='ltr'>ciuitatis</span> <span class='ocrx_word' id='word_1_106' title='bbox 1539 1176 1593 1216; x_wconf 90' lang='lat' dir='ltr'>ut</span> 
     </span>
     <span class='ocr_line' id='line_1_15' title="bbox 117 1238 1591 1297; baseline 0.004 -16"><span class='ocrx_word' id='word_1_107' title='bbox 117 1251 170 1281; x_wconf 90' lang='lat' dir='ltr'>eo</span> <span class='ocrx_word' id='word_1_108' title='bbox 189 1238 319 1282; x_wconf 92' lang='lat' dir='ltr'>modo</span> <span class='ocrx_word' id='word_1_109' title='bbox 339 1242 385 1282; x_wconf 87' lang='lat' dir='ltr'>et</span> <span class='ocrx_word' id='word_1_110' title='bbox 402 1239 659 1297; x_wconf 89' lang='lat' dir='ltr'>corporibus</span> <span class='ocrx_word' id='word_1_111' title='bbox 678 1255 830 1283; x_wconf 89' lang='lat' dir='ltr'>eorum</span> <span class='ocrx_word' id='word_1_112' title='bbox 851 1241 988 1284; x_wconf 89' lang='lat' dir='ltr'>robur</span> <span class='ocrx_word' id='word_1_113' title='bbox 1006 1242 1187 1286; x_wconf 83' lang='lat' dir='ltr'>accedat</span> <span class='ocrx_word' id='word_1_114' title='bbox 1207 1245 1253 1285; x_wconf 90' lang='lat' dir='ltr'>et</span> <span class='ocrx_word' id='word_1_115' title='bbox 1271 1242 1444 1286; x_wconf 86' lang='lat' dir='ltr'>animis.</span> <span class='ocrx_word' id='word_1_116' title='bbox 1496 1242 1591 1288; x_wconf 88' lang='lat' dir='ltr'>Nec</span> 
     </span>
     <span class='ocr_line' id='line_1_16' title="bbox 59 1306 1591 1367; baseline 0.003 -16"><span class='ocrx_word' id='word_1_117' title='bbox 59 1306 401 1357; x_wconf 61' lang='lat' dir='ltr'>uinfitiandum</span> <span class='ocrx_word' id='word_1_118' title='bbox 425 1312 493 1353; x_wconf 91' lang='lat' dir='ltr'>est</span> <span class='ocrx_word' id='word_1_119' title='bbox 516 1312 617 1367; x_wconf 89' lang='lat' dir='ltr'>post</span> <span class='ocrx_word' id='word_1_120' title='bbox 643 1310 798 1353; x_wconf 91' lang='lat' dir='ltr'>urbem</span> <span class='ocrx_word' id='word_1_121' title='bbox 821 1311 1046 1354; x_wconf 87' lang='lat' dir='ltr'>conditam</span> <span class='ocrx_word' id='word_1_122' title='bbox 1075 1311 1296 1355; x_wconf 88' lang='lat' dir='ltr'>Romanos</span> <span class='ocrx_word' id='word_1_123' title='bbox 1323 1326 1379 1356; x_wconf 87' lang='lat' dir='ltr'>ex</span> <span class='ocrx_word' id='word_1_124' title='bbox 1405 1312 1591 1356; x_wconf 89' lang='lat' dir='ltr'>ciuitate</span> 
     </span>
     <span class='ocr_line' id='line_1_17' title="bbox 115 1377 1590 1435; baseline 0.004 -15"><span class='ocrx_word' id='word_1_125' title='bbox 115 1391 289 1435; x_wconf 87' lang='lat' dir='ltr'>semper</span> <span class='ocrx_word' id='word_1_126' title='bbox 316 1377 538 1435; x_wconf 85' lang='lat' dir='ltr'>profectos</span> <span class='ocrx_word' id='word_1_127' title='bbox 567 1394 660 1423; x_wconf 89' lang='lat' dir='ltr'>esse</span> <span class='ocrx_word' id='word_1_128' title='bbox 690 1379 747 1423; x_wconf 84' lang='lat' dir='ltr'>ad</span> <span class='ocrx_word' id='word_1_129' title='bbox 776 1380 969 1434; x_wconf 88' lang='lat' dir='ltr'>bellum;</span> <span class='ocrx_word' id='word_1_130' title='bbox 1012 1381 1090 1425; x_wconf 88' lang='lat' dir='ltr'>sed</span> <span class='ocrx_word' id='word_1_131' title='bbox 1119 1384 1227 1426; x_wconf 88' lang='lat' dir='ltr'>tunc</span> <span class='ocrx_word' id='word_1_132' title='bbox 1255 1381 1391 1424; x_wconf 91' lang='lat' dir='ltr'>nullis</span> <span class='ocrx_word' id='word_1_133' title='bbox 1420 1382 1590 1426; x_wconf 88' lang='lat' dir='ltr'>deliciis</span> 
     </span>
     <span class='ocr_line' id='line_1_18' title="bbox 107 1445 1588 1508; baseline 0.005 -19"><span class='ocrx_word' id='word_1_134' title='bbox 107 1445 432 1505; x_wconf 85' lang='lat' dir='ltr'>¹fungebantur,</span> <span class='ocrx_word' id='word_1_135' title='bbox 472 1448 678 1492; x_wconf 88' lang='lat' dir='ltr'>sudorem</span> <span class='ocrx_word' id='word_1_136' title='bbox 717 1464 850 1493; x_wconf 91' lang='lat' dir='ltr'>cursu</span> <span class='ocrx_word' id='word_1_137' title='bbox 888 1454 935 1493; x_wconf 90' lang='lat' dir='ltr'>et</span> <span class='ocrx_word' id='word_1_138' title='bbox 975 1451 1211 1508; x_wconf 84' lang='lat' dir='ltr'>campestri</span> <span class='ocrx_word' id='word_1_139' title='bbox 1251 1452 1463 1496; x_wconf 85' lang='lat' dir='ltr'>exercitio</span> <span class='ocrx_word' id='word_1_140' title='bbox 1502 1453 1588 1496; x_wconf 89' lang='lat' dir='ltr'>col·</span> 
     </span>
     <span class='ocr_line' id='line_1_19' title="bbox 115 1514 1588 1565; baseline 0.004 -6"><span class='ocrx_word' id='word_1_141' title='bbox 115 1514 279 1560; x_wconf 88' lang='lat' dir='ltr'>lectum</span> <span class='ocrx_word' id='word_1_142' title='bbox 318 1517 455 1561; x_wconf 91' lang='lat' dir='ltr'>nandi</span> <span class='ocrx_word' id='word_1_143' title='bbox 494 1532 580 1562; x_wconf 90' lang='lat' dir='ltr'>usu</span> <span class='ocrx_word' id='word_1_144' title='bbox 619 1518 831 1563; x_wconf 86' lang='lat' dir='ltr'>iuuentus</span> <span class='ocrx_word' id='word_1_145' title='bbox 873 1520 1084 1564; x_wconf 89' lang='lat' dir='ltr'>abluebat</span> <span class='ocrx_word' id='word_1_146' title='bbox 1129 1520 1177 1563; x_wconf 89' lang='lat' dir='ltr'>in</span> <span class='ocrx_word' id='word_1_147' title='bbox 1221 1520 1381 1564; x_wconf 87' lang='lat' dir='ltr'>Tiberi.</span> <span class='ocrx_word' id='word_1_148' title='bbox 1461 1522 1588 1565; x_wconf 87' lang='lat' dir='ltr'>Idem</span> 
     </span>
     <span class='ocr_line' id='line_1_20' title="bbox 114 1584 1590 1647; baseline 0.005 -19"><span class='ocrx_word' id='word_1_149' title='bbox 114 1584 304 1629; x_wconf 86' lang='lat' dir='ltr'>bellator</span> <span class='ocrx_word' id='word_1_150' title='bbox 322 1586 527 1644; x_wconf 88' lang='lat' dir='ltr'>idemque</span> <span class='ocrx_word' id='word_1_151' title='bbox 546 1588 762 1646; x_wconf 75' lang='lat' dir='ltr'>agricola-3</span> <span class='ocrx_word' id='word_1_152' title='bbox 791 1588 869 1632; x_wconf 86' lang='lat' dir='ltr'>sed</span> <span class='ocrx_word' id='word_1_153' title='bbox 895 1604 1059 1647; x_wconf 83' lang='lat' dir='ltr'>genera</span> <span class='ocrx_word' id='word_1_154' title='bbox 1084 1592 1262 1633; x_wconf 86' lang='lat' dir='ltr'>tantum</span> <span class='ocrx_word' id='word_1_155' title='bbox 1286 1592 1590 1635; x_wconf 85' lang='lat' dir='ltr'>commutabat</span> 
     </span>
     <span class='ocr_line' id='line_1_21' title="bbox 0 1656 1589 1715; baseline 0.005 -18"><span class='ocrx_word' id='word_1_156' title='bbox 0 1679 1 1684; x_wconf 66' lang='lat'><em>=</em></span> <span class='ocrx_word' id='word_1_157' title='bbox 55 1668 100 1696; x_wconf 73' lang='lat' dir='ltr'>ao</span> <span class='ocrx_word' id='word_1_158' title='bbox 117 1669 352 1700; x_wconf 85' lang='lat' dir='ltr'>armorum.</span> <span class='ocrx_word' id='word_1_159' title='bbox 413 1656 543 1710; x_wconf 84' lang='lat' dir='ltr'>Quod</span> <span class='ocrx_word' id='word_1_160' title='bbox 566 1672 707 1715; x_wconf 86' lang='lat' dir='ltr'>usque</span> <span class='ocrx_word' id='word_1_161' title='bbox 731 1659 842 1702; x_wconf 86' lang='lat' dir='ltr'>adeo</span> <span class='ocrx_word' id='word_1_162' title='bbox 870 1673 1027 1703; x_wconf 86' lang='lat' dir='ltr'>uerum</span> <span class='ocrx_word' id='word_1_163' title='bbox 1055 1663 1124 1704; x_wconf 87' lang='lat' dir='ltr'>est</span> <span class='ocrx_word' id='word_1_164' title='bbox 1153 1664 1206 1704; x_wconf 89' lang='lat' dir='ltr'>ut</span> <span class='ocrx_word' id='word_1_165' title='bbox 1229 1661 1377 1704; x_wconf 82' lang='lat' dir='ltr'>aranti</span> <span class='ocrx_word' id='word_1_166' title='bbox 1402 1661 1589 1715; x_wconf 84' lang='lat' dir='ltr'>Quintio</span> 
     </span>
     <span class='ocr_line' id='line_1_22' title="bbox 116 1723 1092 1780; baseline 0.002 -10"><span class='ocrx_word' id='word_1_167' title='bbox 116 1723 382 1770; x_wconf 84' lang='lat' dir='ltr'>Cincinnato</span> <span class='ocrx_word' id='word_1_168' title='bbox 403 1726 672 1771; x_wconf 87' lang='lat' dir='ltr'>dictaturam</span> <span class='ocrx_word' id='word_1_169' title='bbox 693 1731 865 1772; x_wconf 88' lang='lat' dir='ltr'>constet</span> <span class='ocrx_word' id='word_1_170' title='bbox 884 1728 1092 1780; x_wconf 85' lang='lat' dir='ltr'>oblatam,</span> 
     </span>
     <span class='ocr_line' id='line_1_23' title="bbox 230 1807 1499 1865; baseline 0.005 -16"><span class='ocrx_word' id='word_1_171' title='bbox 230 1821 362 1865; x_wconf 87' lang='lat' dir='ltr'>quem</span> <span class='ocrx_word' id='word_1_172' title='bbox 391 1807 568 1865; x_wconf 87' lang='lat' dir='ltr'>trepida</span> <span class='ocrx_word' id='word_1_173' title='bbox 596 1811 703 1852; x_wconf 87' lang='lat' dir='ltr'>ante</span> <span class='ocrx_word' id='word_1_174' title='bbox 731 1809 866 1853; x_wconf 89' lang='lat' dir='ltr'>boues</span> <span class='ocrx_word' id='word_1_175' title='bbox 895 1809 1164 1854; x_wconf 83' lang='lat' dir='ltr'>dictaturam</span> <span class='ocrx_word' id='word_1_176' title='bbox 1194 1810 1345 1855; x_wconf 88' lang='lat' dir='ltr'>induit</span> <span class='ocrx_word' id='word_1_177' title='bbox 1373 1826 1499 1863; x_wconf 82' lang='lat' dir='ltr'>uxor,</span> 
     </span>
     <span class='ocr_line' id='line_1_24' title="bbox 231 1866 1085 1912; baseline 0.005 -4"><span class='ocrx_word' id='word_1_178' title='bbox 231 1868 278 1909; x_wconf 86' lang='lat' dir='ltr'>et</span> <span class='ocrx_word' id='word_1_179' title='bbox 307 1880 388 1909; x_wconf 87' lang='lat' dir='ltr'>sua</span> <span class='ocrx_word' id='word_1_180' title='bbox 418 1869 568 1910; x_wconf 84' lang='lat' dir='ltr'>aratra</span> <span class='ocrx_word' id='word_1_181' title='bbox 597 1866 778 1910; x_wconf 89' lang='lat' dir='ltr'>domum</span> <span class='ocrx_word' id='word_1_182' title='bbox 808 1867 938 1912; x_wconf 87' lang='lat' dir='ltr'>lictor</span> <span class='ocrx_word' id='word_1_183' title='bbox 966 1868 1085 1912; x_wconf 78' lang='lat' dir='ltr'>tulit.</span> 
     </span>
     <span class='ocr_line' id='line_1_25' title="bbox 114 1944 1586 2007; baseline 0.005 -18"><span class='ocrx_word' id='word_1_184' title='bbox 114 1944 184 1989; x_wconf 86' lang='lat' dir='ltr'>Ex</span> <span class='ocrx_word' id='word_1_185' title='bbox 213 1946 334 2004; x_wconf 86' lang='lat' dir='ltr'>agris</span> <span class='ocrx_word' id='word_1_186' title='bbox 363 1960 469 2004; x_wconf 88' lang='lat' dir='ltr'>ergo</span> <span class='ocrx_word' id='word_1_187' title='bbox 498 1946 634 1990; x_wconf 91' lang='lat' dir='ltr'>robur</span> <span class='ocrx_word' id='word_1_188' title='bbox 662 1947 884 1992; x_wconf 83' lang='lat' dir='ltr'>exercitus</span> <span class='ocrx_word' id='word_1_189' title='bbox 917 1949 1152 2006; x_wconf 89' lang='lat' dir='ltr'>praecipue</span> <span class='ocrx_word' id='word_1_190' title='bbox 1180 1949 1477 2007; x_wconf 90' lang='lat' dir='ltr'>supplendum</span> <span class='ocrx_word' id='word_1_191' title='bbox 1508 1954 1586 1996; x_wconf 84' lang='lat' dir='ltr'>est.</span> 
     </span>
     <span class='ocr_line' id='line_1_26' title="bbox 52 2013 1587 2078; baseline 0.002 -17"><span class='ocrx_word' id='word_1_192' title='bbox 52 2022 98 2061; x_wconf 73' lang='lat'>⁸³</span> <span class='ocrx_word' id='word_1_193' title='bbox 113 2013 176 2059; x_wconf 87' lang='lat' dir='ltr'>Vt</span> <span class='ocrx_word' id='word_1_194' title='bbox 209 2015 327 2059; x_wconf 82' lang='lat' dir='ltr'>enim</span> <span class='ocrx_word' id='word_1_195' title='bbox 357 2015 446 2059; x_wconf 87' lang='lat' dir='ltr'>ait:</span> <span class='ocrx_word' id='word_1_196' title='bbox 486 2015 647 2060; x_wconf 86' lang='lat' dir='ltr'>Nescio</span> <span class='ocrx_word' id='word_1_197' title='bbox 676 2031 765 2073; x_wconf 90' lang='lat' dir='ltr'>quo</span> <span class='ocrx_word' id='word_1_198' title='bbox 795 2020 926 2074; x_wconf 89' lang='lat' dir='ltr'>pacto</span> <span class='ocrx_word' id='word_1_199' title='bbox 955 2021 1144 2062; x_wconf 89' lang='lat' dir='ltr'>mortem</span> <span class='ocrx_word' id='word_1_200' title='bbox 1172 2018 1322 2063; x_wconf 87' lang='lat' dir='ltr'>minus</span> <span class='ocrx_word' id='word_1_201' title='bbox 1352 2020 1482 2064; x_wconf 88' lang='lat' dir='ltr'>timet</span> <span class='ocrx_word' id='word_1_202' title='bbox 1509 2020 1587 2078; x_wconf 89' lang='lat' dir='ltr'>qui</span> 
     </span>
     <span class='ocr_line' id='line_1_27' title="bbox 113 2084 921 2131; baseline 0.002 -2"><span class='ocrx_word' id='word_1_203' title='bbox 113 2084 371 2130; x_wconf 87' lang='lat' dir='ltr'>deliciarum</span> <span class='ocrx_word' id='word_1_204' title='bbox 401 2085 549 2129; x_wconf 90' lang='lat' dir='ltr'>minus</span> <span class='ocrx_word' id='word_1_205' title='bbox 578 2085 707 2129; x_wconf 89' lang='lat' dir='ltr'>nouit</span> <span class='ocrx_word' id='word_1_206' title='bbox 736 2086 784 2129; x_wconf 93' lang='lat' dir='ltr'>in</span> <span class='ocrx_word' id='word_1_207' title='bbox 814 2086 921 2131; x_wconf 86' lang='lat' dir='ltr'>uita.</span> 
     </span>
    </p>
   </div>
   <div class='ocr_carea' id='block_1_3' title="bbox 142 2221 1545 2283">
    <p class='ocr_par' dir='ltr' id='par_1_3' title="bbox 142 2221 1545 2283">
     <span class='ocr_line' id='line_1_28' title="bbox 142 2221 1545 2283; baseline 0.003 -15"><span class='ocrx_word' id='word_1_208' title='bbox 142 2221 250 2283; x_wconf 86' lang='lat' dir='ltr'>Cap.</span> <span class='ocrx_word' id='word_1_209' title='bbox 273 2237 314 2281; x_wconf 86' lang='lat'>3.</span> <span class='ocrx_word' id='word_1_210' title='bbox 342 2223 406 2267; x_wconf 79' lang='lat' dir='ltr'>De</span> <span class='ocrx_word' id='word_1_211' title='bbox 425 2222 655 2267; x_wconf 75' lang='lat' dir='ltr'>militibus</span> <span class='ocrx_word' id='word_1_212' title='bbox 672 2224 878 2282; x_wconf 75' lang='lat' dir='ltr'>ylorz’osis</span> <span class='ocrx_word' id='word_1_213' title='bbox 896 2226 980 2283; x_wconf 82' lang='lat' dir='ltr'>qui</span> <span class='ocrx_word' id='word_1_214' title='bbox 998 2227 1196 2271; x_wconf 72' lang='lat' dir='ltr'>militiae</span> <span class='ocrx_word' id='word_1_215' title='bbox 1215 2227 1403 2272; x_wconf 74' lang='lat' dir='ltr'>inutiles</span> <span class='ocrx_word' id='word_1_216' title='bbox 1422 2232 1545 2272; x_wconf 76' lang='lat' dir='ltr'>sunt.</span> 
     </span>
    </p>
   </div>
   <div class='ocr_carea' id='block_1_4' title="bbox 111 2314 1584 2455">
    <p class='ocr_par' dir='ltr' id='par_1_4' title="bbox 111 2314 1584 2455">
     <span class='ocr_line' id='line_1_29' title="bbox 170 2314 1584 2376; baseline 0.004 -18"><span class='ocrx_word' id='word_1_217' title='bbox 170 2314 442 2359; x_wconf 85' lang='lat' dir='ltr'>Erubescent</span> <span class='ocrx_word' id='word_1_218' title='bbox 471 2314 588 2359; x_wconf 81' lang='lat' dir='ltr'>forte</span> <span class='ocrx_word' id='word_1_219' title='bbox 617 2316 783 2360; x_wconf 90' lang='lat' dir='ltr'>milites</span> <span class='ocrx_word' id='word_1_220' title='bbox 805 2317 970 2375; x_wconf 88' lang='lat' dir='ltr'>glorios</span> <span class='ocrx_word' id='word_1_221' title='bbox 1010 2322 1057 2362; x_wconf 91' lang='lat' dir='ltr'>et</span> <span class='ocrx_word' id='word_1_222' title='bbox 1080 2319 1158 2376; x_wconf 92' lang='lat' dir='ltr'>qui</span> <span class='ocrx_word' id='word_1_223' title='bbox 1187 2319 1427 2363; x_wconf 74' lang='lat' dir='ltr'>Tra-sonem</span> <span class='ocrx_word' id='word_1_224' title='bbox 1450 2320 1584 2364; x_wconf 89' lang='lat' dir='ltr'>comi-</span> 
     </span>
     <span class='ocr_line' id='line_1_30' title="bbox 111 2384 1584 2455; baseline 0.003 -26"><span class='ocrx_word' id='word_1_225' title='bbox 111 2398 212 2429; x_wconf 88' lang='lat' dir='ltr'>cum</span> <span class='ocrx_word' id='word_1_226' title='bbox 243 2385 393 2443; x_wconf 90' lang='lat' dir='ltr'>potius</span> <span class='ocrx_word' id='word_1_227' title='bbox 422 2384 520 2428; x_wconf 90' lang='lat' dir='ltr'>uita</span> <span class='ocrx_word' id='word_1_228' title='bbox 553 2388 599 2429; x_wconf 90' lang='lat' dir='ltr'>et</span> <span class='ocrx_word' id='word_1_229' title='bbox 632 2386 831 2436; x_wconf 86' lang='lat' dir='ltr'>moribus</span> <span class='ocrx_word' id='word_1_230' title='bbox 860 2402 1008 2455; x_wconf 42' lang='lat' dir='ltr'>quam·</span> <span class='ocrx_word' id='word_1_231' title='bbox 1028 2388 1301 2446; x_wconf 85' lang='lat' dir='ltr'>professione</span> <span class='ocrx_word' id='word_1_232' title='bbox 1331 2393 1377 2434; x_wconf 90' lang='lat' dir='ltr'>et</span> <span class='ocrx_word' id='word_1_233' title='bbox 1405 2390 1584 2434; x_wconf 90' lang='lat' dir='ltr'>nomine</span> 
     </span>
    </p>
   </div>
   <div class='ocr_carea' id='block_1_5' title="bbox 113 2504 1583 2600">
    <p class='ocr_par' dir='ltr' id='par_1_5' title="bbox 113 2504 1583 2600">
     <span class='ocr_line' id='line_1_31' title="bbox 113 2504 1583 2599; baseline 0.003 -57"><span class='ocrx_word' id='word_1_234' title='bbox 113 2504 309 2590; x_wconf 50' lang='lat' dir='ltr'>&amp;SBXyberi</span> <span class='ocrx_word' id='word_1_235' title='bbox 324 2505 398 2599; x_wconf 69' lang='lat' dir='ltr'>A24</span> <span class='ocrx_word' id='word_1_236' title='bbox 421 2564 438 2590; x_wconf 53' lang='grc' dir='ltr'>ι</span> <span class='ocrx_word' id='word_1_237' title='bbox 467 2515 511 2589; x_wconf 57' lang='grc' dir='ltr'><strong>Ἴ</strong></span> <span class='ocrx_word' id='word_1_238' title='bbox 540 2506 772 2591; x_wconf 36' lang='lat' dir='ltr'>caucin-{ato</span> <span class='ocrx_word' id='word_1_239' title='bbox 789 2507 830 2544; x_wconf 83' lang='lat' dir='ltr'>M</span> <span class='ocrx_word' id='word_1_240' title='bbox 902 2509 1053 2546; x_wconf 77' lang='lat' dir='ltr'>constat</span> <span class='ocrx_word' id='word_1_241' title='bbox 1066 2508 1107 2546; x_wconf 79' lang='lat' dir='ltr'>M</span> <span class='ocrx_word' id='word_1_242' title='bbox 1225 2520 1271 2557; x_wconf 82' lang='lat'>23</span> <span class='ocrx_word' id='word_1_243' title='bbox 1295 2508 1410 2548; x_wconf 85' lang='lat' dir='ltr'>lictor</span> <span class='ocrx_word' id='word_1_244' title='bbox 1425 2510 1583 2547; x_wconf 89' lang='lat' dir='ltr'>domum</span> 
     </span>
     <span class='ocr_line' id='line_1_32' title="bbox 440 2565 651 2600; baseline 0.005 -10"><span class='ocrx_word' id='word_1_245' title='bbox 440 2565 493 2600; x_wconf 88' lang='lat' dir='ltr'>up</span> <span class='ocrx_word' id='word_1_246' title='bbox 509 2565 558 2590; x_wconf 82' lang='lat' dir='ltr'>en</span> <span class='ocrx_word' id='word_1_247' title='bbox 586 2565 651 2591; x_wconf 85' lang='lat' dir='ltr'>um</span> 
     </span>
    </p>
   </div>
   <div class='ocr_carea' id='block_1_6' title="bbox 2 2664 1582 2901">
    <p class='ocr_par' dir='ltr' id='par_1_6' title="bbox 2 2664 1582 2901">
     <span class='ocr_line' id='line_1_33' title="bbox 160 2664 1582 2719; baseline 0.001 -16"><span class='ocrx_word' id='word_1_248' title='bbox 160 2666 186 2703; x_wconf 88' lang='grc'>6</span> <span class='ocrx_word' id='word_1_249' title='bbox 208 2666 393 2701; x_wconf 59' lang='grc' dir='ltr'>διαπίνω</span> <span class='ocrx_word' id='word_1_250' title='bbox 409 2666 482 2702; x_wconf 86' lang='lat' dir='ltr'>etc.</span> <span class='ocrx_word' id='word_1_251' title='bbox 503 2664 635 2719; x_wconf 82' lang='lat' dir='ltr'>(usque</span> <span class='ocrx_word' id='word_1_252' title='bbox 653 2664 703 2702; x_wconf 81' lang='lat' dir='ltr'>ad</span> <span class='ocrx_word' id='word_1_253' title='bbox 718 2664 835 2702; x_wconf 85' lang='lat' dir='ltr'>finem</span> <span class='ocrx_word' id='word_1_254' title='bbox 851 2664 1050 2712; x_wconf 82' lang='lat' dir='ltr'>capituli).</span> <span class='ocrx_word' id='word_1_255' title='bbox 1074 2665 1207 2713; x_wconf 80' lang='lat' dir='ltr'>Veget.</span> <span class='ocrx_word' id='word_1_256' title='bbox 1224 2666 1249 2704; x_wconf 86' lang='lat' dir='ltr'>i.</span> <span class='ocrx_word' id='word_1_257' title='bbox 1270 2677 1302 2713; x_wconf 87' lang='lat'>3.</span> <span class='ocrx_word' id='word_1_258' title='bbox 1415 2677 1459 2704; x_wconf 87' lang='lat'>22</span> <span class='ocrx_word' id='word_1_259' title='bbox 1477 2679 1582 2714; x_wconf 74' lang='lat' dir='ltr'>quem</span> 
     </span>
     <span class='ocr_line' id='line_1_34' title="bbox 110 2711 1581 2767; baseline 0.002 -19"><span class='ocrx_word' id='word_1_260' title='bbox 110 2713 252 2767; x_wconf 73' lang='lat' dir='ltr'>tnpida</span> <span class='ocrx_word' id='word_1_261' title='bbox 269 2713 364 2749; x_wconf 77' lang='lat' dir='ltr'>etc-z</span> <span class='ocrx_word' id='word_1_262' title='bbox 389 2711 490 2750; x_wconf 82' lang='lat' dir='ltr'>Pers.</span> <span class='ocrx_word' id='word_1_263' title='bbox 513 2714 588 2749; x_wconf 72' lang='lat' dir='ltr'>Sat.</span> <span class='ocrx_word' id='word_1_264' title='bbox 614 2711 639 2748; x_wconf 90' lang='lat' dir='ltr'>i.</span> <span class='ocrx_word' id='word_1_265' title='bbox 665 2721 724 2757; x_wconf 89' lang='lat'>74,</span> <span class='ocrx_word' id='word_1_266' title='bbox 750 2722 807 2767; x_wconf 85' lang='grc'>75.</span> <span class='ocrx_word' id='word_1_267' title='bbox 855 2713 959 2750; x_wconf 84' lang='lat' dir='ltr'>Haec</span> <span class='ocrx_word' id='word_1_268' title='bbox 984 2713 1103 2750; x_wconf 83' lang='lat' dir='ltr'>Persii</span> <span class='ocrx_word' id='word_1_269' title='bbox 1126 2714 1252 2759; x_wconf 81' lang='lat' dir='ltr'>verba,</span> <span class='ocrx_word' id='word_1_270' title='bbox 1278 2725 1375 2760; x_wconf 78' lang='lat' dir='ltr'>quae</span> <span class='ocrx_word' id='word_1_271' title='bbox 1399 2714 1442 2751; x_wconf 88' lang='lat' dir='ltr'>in</span> <span class='ocrx_word' id='word_1_272' title='bbox 1466 2718 1581 2752; x_wconf 83' lang='lat' dir='ltr'>textu</span> 
     </span>
     <span class='ocr_line' id='line_1_35' title="bbox 112 2742 1581 2814; baseline 0.002 -19"><span class='ocrx_word' id='word_1_273' title='bbox 112 2757 266 2814; x_wconf 81' lang='lat' dir='ltr'>Vegetii</span> <span class='ocrx_word' id='word_1_274' title='bbox 288 2758 459 2813; x_wconf 83' lang='lat' dir='ltr'>genuino</span> <span class='ocrx_word' id='word_1_275' title='bbox 483 2759 631 2806; x_wconf 84' lang='lat' dir='ltr'>desunt,</span> <span class='ocrx_word' id='word_1_276' title='bbox 654 2759 791 2796; x_wconf 88' lang='lat' dir='ltr'>inserit</span> <span class='ocrx_word' id='word_1_277' title='bbox 815 2761 935 2797; x_wconf 85' lang='lat' dir='ltr'>codex</span> <span class='ocrx_word' id='word_1_278' title='bbox 960 2760 1167 2805; x_wconf 82' lang='lat' dir='ltr'>Palatinus,</span> <span class='ocrx_word' id='word_1_279' title='bbox 1192 2742 1290 2799; x_wconf 76' lang='lat' dir='ltr'>tes&#39;te</span> <span class='ocrx_word' id='word_1_280' title='bbox 1315 2760 1447 2798; x_wconf 84' lang='lat' dir='ltr'>carolo</span> <span class='ocrx_word' id='word_1_281' title='bbox 1473 2762 1581 2810; x_wconf 81' lang='lat' dir='ltr'>Lang</span> 
     </span>
     <span class='ocr_line' id='line_1_36' title="bbox 2 2805 1581 2855; baseline 0 -9"><span class='ocrx_word' id='word_1_282' title='bbox 2 2836 7 2846; x_wconf 81' lang='lat'><em>.</em></span> <span class='ocrx_word' id='word_1_283' title='bbox 35 2827 38 2831; x_wconf 93' lang='lat'>·</span> <span class='ocrx_word' id='word_1_284' title='bbox 111 2805 228 2843; x_wconf 83' lang='lat' dir='ltr'>ined.</span> <span class='ocrx_word' id='word_1_285' title='bbox 245 2805 518 2843; x_wconf 80' lang='lat' dir='ltr'>Teubneriana.</span> <span class='ocrx_word' id='word_1_286' title='bbox 637 2816 681 2853; x_wconf 83' lang='lat'>25</span> <span class='ocrx_word' id='word_1_287' title='bbox 710 2810 787 2844; x_wconf 79' lang='lat' dir='ltr'>ait:</span> <span class='ocrx_word' id='word_1_288' title='bbox 811 2819 860 2845; x_wconf 82' lang='lat' dir='ltr'>sc.</span> <span class='ocrx_word' id='word_1_289' title='bbox 876 2808 1070 2855; x_wconf 78' lang='lat' dir='ltr'>Vegetius.</span> <span class='ocrx_word' id='word_1_290' title='bbox 1191 2810 1239 2846; x_wconf 84' lang='lat'>28</span> <span class='ocrx_word' id='word_1_291' title='bbox 1263 2810 1397 2844; x_wconf 70' lang='lat' dir='ltr'>milites</span> <span class='ocrx_word' id='word_1_292' title='bbox 1408 2811 1581 2855; x_wconf 74' lang='lat' dir='ltr'>ylor-iosi:</span> 
     </span>
     <span class='ocr_line' id='line_1_37' title="bbox 110 2852 1524 2901; baseline 0.003 -12"><span class='ocrx_word' id='word_1_293' title='bbox 110 2864 144 2889; x_wconf 81' lang='lat' dir='ltr'>v.</span> <span class='ocrx_word' id='word_1_294' title='bbox 162 2852 246 2892; x_wconf 79' lang='lat' dir='ltr'>Ter.</span> <span class='ocrx_word' id='word_1_295' title='bbox 263 2855 362 2891; x_wconf 79' lang='lat' dir='ltr'>Eun.</span> <span class='ocrx_word' id='word_1_296' title='bbox 379 2853 476 2901; x_wconf 81' lang='lat' dir='ltr'>prol.</span> <span class='ocrx_word' id='word_1_297' title='bbox 495 2863 552 2900; x_wconf 81' lang='lat'>31.</span> <span class='ocrx_word' id='word_1_298' title='bbox 651 2855 846 2892; x_wconf 73' lang='lat' dir='ltr'>Tmonem</span> <span class='ocrx_word' id='word_1_299' title='bbox 863 2857 1057 2893; x_wconf 80' lang='lat' dir='ltr'>comicum:</span> <span class='ocrx_word' id='word_1_300' title='bbox 1084 2855 1127 2892; x_wconf 92' lang='lat' dir='ltr'>in</span> <span class='ocrx_word' id='word_1_301' title='bbox 1143 2855 1316 2893; x_wconf 86' lang='lat' dir='ltr'>Terentii</span> <span class='ocrx_word' id='word_1_302' title='bbox 1331 2857 1524 2893; x_wconf 82' lang='lat' dir='ltr'>Eunucho.</span> 
     </span>
    </p>
   </div>
   <div class='ocr_carea' id='block_1_7' title="bbox 1429 2937 1468 2962">
    <p class='ocr_par' dir='ltr' id='par_1_7' title="bbox 1429 2937 1468 2962">
     <span class='ocr_line' id='line_1_38' title="bbox 1429 2937 1468 2962; baseline -0.051 0"><span class='ocrx_word' id='word_1_303' title='bbox 1429 2937 1468 2962; x_wconf 78' lang='lat'>11</span> 
     </span>
    </p>
   </div>
   <div class='ocr_carea' id='block_1_8' title="bbox 1612 220 1746 272">
    <p class='ocr_par' dir='ltr' id='par_1_8' title="bbox 1612 220 1746 272">
     <span class='ocr_line' id='line_1_39' title="bbox 1612 220 1746 272; baseline 0 0"><span class='ocrx_word' id='word_1_304' title='bbox 1612 230 1698 272; x_wconf 85' lang='lat'>593</span> <span class='ocrx_word' id='word_1_305' title='bbox 1717 220 1746 261; x_wconf 80' lang='lat' dir='ltr'>d</span> 
     </span>
    </p>
   </div>
   <div class='ocr_carea' id='block_1_9' title="bbox 1609 547 1756 590">
    <p class='ocr_par' dir='ltr' id='par_1_9' title="bbox 1609 547 1756 590">
     <span class='ocr_line' id='line_1_40' title="bbox 1609 547 1756 590; baseline 0.014 -2"><span class='ocrx_word' id='word_1_306' title='bbox 1609 547 1692 590; x_wconf 84' lang='lat'>594</span> <span class='ocrx_word' id='word_1_307' title='bbox 1713 549 1756 578; x_wconf 71' lang='lat' dir='ltr'>a·</span> 
     </span>
    </p>
   </div>
   <div class='ocr_carea' id='block_1_10' title="bbox 1605 1451 1636 1490">
    <p class='ocr_par' dir='ltr' id='par_1_10' title="bbox 1605 1451 1636 1490">
     <span class='ocr_line' id='line_1_41' title="bbox 1605 1451 1636 1490; baseline 0 0"><span class='ocrx_word' id='word_1_308' title='bbox 1605 1451 1636 1490; x_wconf 83' lang='lat' dir='ltr'>b</span> 
     </span>
    </p>
   </div>
  </div>
 </body>
</html>
