1988 3250
231 216 311 264 588
329 214 358 255 d
704 214 966 260 IOANNIS
1005 214 1520 260 SARESBERIENSIS
1665 212 1775 275 [Lm.
1790 224 1842 258 VI

374 351 456 395 ego
485 336 558 380 uir
586 337 784 395 plebeius
813 341 858 382 et
887 338 1091 382 indoctus
1119 337 1207 381 mei
1236 337 1455 381 similibus
1482 335 1716 395 praeconia
1745 335 1841 378 eius

372 407 524 450 fistula
542 407 751 451 stridenti
769 407 1039 465 dispertiam.
1099 407 1218 450 Nam
1238 407 1338 464 quis
1349 422 1376 450 a
1388 407 1671 464 semipagano
1682 405 1840 449 tibiam

372 476 590 520 orichalco
624 477 822 520 iunctam
855 480 901 521 et
934 477 1126 521 emulam
1158 478 1292 520 tubae
1323 476 1573 535 grandioris
1604 475 1840 533 expectet?

371 546 520 589 Adero
539 549 690 590 tamen
706 550 752 590 et
770 562 841 590 me
853 547 993 590 tantis
1005 547 1214 590 solenniis
1228 547 1451 604 ingeram;
1481 548 1526 589 et
1541 545 1660 603 quod
1671 543 1840 602 ingenii

371 630 488 660 uena
506 616 733 660 subtrahit
751 617 1000 660 deuotionis
1019 616 1146 674 copia
1164 615 1398 674 subplebit.
1858 634 1880 670 5

221 704 307 754 589
326 715 357 745 a
429 707 550 751 Dum
579 709 686 767 iuga
714 710 879 752 montis
907 724 1025 766 aper,
1054 709 1215 752 fluuios
1244 708 1351 751 dum
1380 707 1512 765 piscis
1541 707 1724 759 amabit,

429 766 624 823 dumque
652 767 795 810 thimo
823 770 1061 825 pascentur
1089 781 1205 824 apeS,
1235 767 1342 809 dum
1372 781 1471 809 rore
1499 766 1688 817 cicadae,

428 839 602 882 semper
629 826 768 869 honos
798 840 1045 882 nomenque
1075 840 1206 868 suum
1235 825 1475 881 laudesque
1504 824 1761 867 manebunt.

370 916 501 969 Quod
534 916 573 960 si
606 916 739 960 duces
773 917 821 959 in
852 917 1063 960 iniuriam
1096 931 1223 960 suam
1257 915 1427 973 aliquid
1458 915 1628 958 dictum
1661 918 1838 972 putant,

369 985 612 1029 doceantur
640 1001 669 1030 a
696 987 895 1045 principe
926 987 1032 1044 quia
1062 1001 1153 1029 non
1183 985 1232 1028 in
1266 985 1503 1043 perniciem
1540 985 1616 1028 sed
1647 985 1837 1028 salutem
1861 999 1903 1041 ιο

367 1056 669 1113 egrotantium
688 1057 985 1114 propinantur
1003 1071 1156 1099 amara
1174 1056 1430 1099 medicinae,
1480 1054 1566 1098 His
1585 1055 1838 1112 praemissis

366 1125 425 1168 ad
445 1126 616 1183 reliqua
634 1127 947 1184 progrediatur
965 1126 1121 1171 oratio.

409 1273 515 1331 Cap.
546 1287 582 1318 1.
611 1273 740 1327 Quod
768 1288 939 1318 manus
967 1274 1036 1319 rei
1059 1273 1270 1331 publicae
1299 1277 1383 1317 aut
1412 1276 1597 1317 armata
1626 1276 1686 1316 est
1713 1276 1796 1317 aut

522 1342 719 1386 inermis
730 1361 749 1394 ;
779 1347 818 1387 et
838 1357 954 1400 quae
972 1344 1030 1387 sit
1049 1343 1254 1395 inemis,
1275 1347 1312 1387 et
1334 1343 1387 1387 de
1407 1342 1545 1399 officio
1564 1342 1671 1386 eius.

426 1439 587 1483 Manus
618 1440 770 1497 itaque
799 1440 863 1483 rei
890 1441 1092 1498 publicae
1122 1443 1203 1484 aut
1231 1443 1405 1484 armata
1433 1443 1502 1483 est
1530 1442 1611 1482 aut
1639 1439 1834 1483 inermis.
1856 1450 1899 1486 15

366 1509 555 1552 Armata
585 1509 763 1566 quidem
793 1513 862 1552 est
889 1525 1001 1566 quae
1030 1513 1298 1553 castrensem
1326 1513 1372 1552 et
1400 1512 1629 1553 cruentam
1660 1513 1836 1553 exercet

368 1578 575 1622 militiam
583 1593 593 1631 3
613 1579 794 1622 inermis
808 1594 920 1636 quae
933 1580 1151 1623 iustitiam
1165 1579 1345 1636 expedit
1358 1582 1403 1622 et
1417 1579 1474 1622 ab
1486 1579 1622 1622 armis
1634 1579 1837 1623 feriando

321 1653 351 1692 b
369 1647 479 1691 iuris
498 1648 685 1691 militiae
704 1649 855 1691 seruit.
917 1648 1073 1706 Neque
1094 1649 1211 1692 enim
1232 1649 1295 1691 rei
1315 1648 1517 1706 publicae
1536 1648 1735 1692 militant
1753 1649 1836 1692 soli
1891 1674 1893 1677 <

367 1717 433 1759 illi
454 1718 530 1774 qui
550 1718 688 1775 galeis
703 1718 1012 1775 toracibusque
1033 1718 1196 1761 muniti
1212 1718 1259 1760 in
1279 1718 1428 1761 hostes
1443 1721 1651 1762 exercent
1663 1717 1836 1775 gladios

366 1790 447 1829 aut
476 1786 566 1830 tela
596 1787 829 1844 quaelibet,
859 1787 935 1830 sed
966 1791 1012 1831 et
1041 1788 1218 1844 patroni
1248 1802 1480 1830 causarum
1511 1787 1588 1844 qui
1617 1788 1834 1846 gloriosae
1855 1798 1900 1824 20

366 1856 487 1899 uocis
506 1857 658 1900 confisi
679 1857 923 1899 munimine
943 1857 1068 1914 lapsa
1082 1857 1272 1914 erigunt,
1285 1857 1478 1914 fatigata
1493 1860 1726 1915 reparant3
1755 1872 1836 1902 nec

366 1926 514 1970 minus
533 1927 771 1984 prouident
790 1927 984 1970 humano
1003 1927 1154 1984 generi
1171 1942 1303 1983 quam
1319 1927 1357 1970 si
1371 1927 1669 1970 laborantium
1681 1927 1836 1980 uitam,

364 2009 487 2051 spem
507 1999 792 2052 posterosque
811 2010 1035 2038 armorum
1056 1996 1276 2052 praesidio
1296 1996 1353 2038 ab
1373 1996 1575 2039 hostibus
1589 1998 1834 2040 tuerentur.

364 2065 565 2108 Militant
584 2069 630 2108 et
649 2066 873 2123 publicani
894 2066 1170 2122 apparitores
1190 2069 1236 2108 et
1262 2065 1467 2109 officiales
1493 2066 1691 2109 omnium
1718 2066 1832 2109 iudi·
1911 2066 1916 2070 ”

363 2149 475 2178 cum.
536 2135 663 2178 Sicut
682 2135 798 2178 enim
820 2135 908 2177 alia
927 2138 1033 2178 sunt
1052 2134 1193 2178 officia
1212 2135 1345 2192 pacis,
1364 2135 1453 2178 alia
1471 2135 1587 2187 belli,
1599 2135 1665 2179 ita
1680 2136 1832 2179 eadem
1853 2150 1896 2185 ²5

364 2219 538 2248 necesse
559 2208 626 2247 est
646 2219 725 2262 per
743 2204 853 2247 alios
874 2207 919 2247 et
938 2204 1048 2247 alios
1068 2204 1281 2261 expediri.

423 2276 611 2317 Armata
631 2274 781 2331 itaque
803 2289 960 2317 manus
988 2274 1035 2315 in
1059 2274 1230 2317 hostem
1259 2274 1497 2317 dumtaxat
1523 2277 1765 2328 exercetur,
1786 2277 1836 2318 at

364 2343 546 2387 inermis
566 2343 824 2386 extenditur
844 2347 889 2386 et
910 2344 955 2385 in
977 2343 1129 2386 ciuem.
1191 2344 1327 2386 Porro
1342 2344 1575 2401 utriusque
1590 2344 1836 2388 necessaria

364 2417 433 2458 est
467 2414 711 2471 disciplina,
744 2414 850 2470 quia
882 2414 1113 2470 utriusque
1153 2414 1265 2456 solet
1304 2413 1492 2472 insignis
1523 2428 1616 2458 esse
1649 2412 1834 2458 malitia.

364 2557 388 2592 4
412 2544 606 2584 sollemniis
623 2545 675 2581 A:
700 2544 908 2582 sollemniis
926 2543 950 2580 S
1095 2553 1112 2591 5
1140 2544 1335 2591 supplebit
1354 2544 1420 2580 SM
1642 2553 1663 2590 7
1688 2544 1784 2582 timo
1800 2543 1834 2580 A

363 2593 606 2680 ὲέἑειτίοηάο
625 2592 663 2629 Μ
835 2603 880 2639 23
906 2591 1025 2639 spem]
1045 2592 1170 2639 specie
1191 2595 1286 2639 (spe)
1305 2592 1426 2629 CBAS
1582 2603 1630 2638 24
1646 2591 1831 2629 iudicium

412 2773 432 2800 2
457 2763 711 2808 semipaqano:
739 2772 770 2798 v.
790 2760 888 2797 Pers.
905 2762 979 2797 Sat.
997 2759 1091 2807 prol.
1112 2761 1147 2797 6.
1272 2760 1398 2796 tibiam
1423 2762 1518 2797 etc.:
1543 2772 1576 2797 v.
1604 2759 1692 2797 Hor.
1717 2761 1765 2798 A.
1789 2760 1834 2798 P.

361 2820 571 2898 gangit:
597 2867 630 2893 v·
647 2810 737 2893 cog·
750 2809 951 2894 {11:3³⁸ssqu
969 2810 1037 2903 ξιξ.
1052 2807 1200 2901 uisere·
1217 2808 1295 2845 Ecl.
1306 2820 1337 2845 v.
1356 2809 1484 2853 76-78.
1644 2809 1685 2846 18
1711 2809 1832 2856 Neque
