1988 3250
295 224 368 274 716
389 231 420 264 a
763 223 1022 269 IOANNIS
1062 220 1574 268 SARESBERIENSIS
1676 218 1788 280 [ΜΒ.
1802 229 1895 263 vm

434 365 541 424 Cap.
562 379 600 424 3.
636 366 765 421 Quod
793 366 943 410 omnis
968 365 1181 423 professio
1210 379 1312 408 suos
1341 363 1557 408 Prasones
1584 363 1710 407 habet
1725 382 1743 415 ;
1774 366 1812 406 et
1842 362 1896 404 de

544 435 752 493 personis
771 450 887 492 quae
906 435 968 478 ad
994 434 1358 478 similitudinem
1385 433 1606 477 Eunuchi
1628 430 1896 476 Terentia-ni

548 506 643 549 sint
672 506 803 562 apud
828 505 1041 549 inaniter
1068 504 1313 562 yloria‘ntes
1325 522 1343 554 ;
1381 507 1420 546 et
1446 504 1566 560 quod
1591 517 1723 547 uana
1748 500 1898 559 yloria

549 575 800 619 meretricis
829 590 952 618 ‘more
982 575 1146 618 loculos
1175 573 1394 630 sequitur.

493 660 585 712 Est,
608 664 662 704 ut
689 661 896 712 diximus,
920 661 968 703 in
997 661 1155 717 quauis
1185 659 1456 716 professione
1483 659 1682 702 inuenire
1709 657 1895 700 militem
1915 675 1935 709 5

433 730 673 787 gloriosum
709 731 787 787 qui
818 730 1039 786 obsequiis
1071 732 1117 772 et
1148 728 1404 771 muneribus
1439 743 1564 770 suam
1596 727 1822 776 Tha-idem,
1851 725 1898 768 id

434 802 502 842 est
535 814 695 842 nomen
729 799 897 842 celebre
933 802 978 842 et
1013 799 1139 855 quasi
1177 797 1321 840 famae
1355 797 1547 855 gratiam
1586 798 1750 853 captat.
1810 794 1896 838 Sed

435 869 475 911 ei
495 882 575 910 nec
595 868 742 910 Gnato
762 871 814 910 ut
834 868 1038 924 decipiat,
1054 882 1133 910 nec
1150 867 1340 909 Phedria
1361 866 1437 923 qui
1453 865 1628 908 laudem
1643 864 1898 922 praeripiat,

435 951 515 980 nec
549 937 625 994 qui
665 937 782 979 dona
812 939 1066 993 corrumpat
1105 936 1355 979 adolescens
1387 938 1466 978 aut
1497 949 1651 978 seruus
1682 934 1897 977 Parmeno

435 1007 513 1063 qui
548 1006 834 1063 desipientem
867 1006 1062 1058 irrideat,
1092 1006 1224 1049 deest.
1284 1005 1418 1063 Apud
1450 1004 1712 1047 Eunuchum
1742 1003 1896 1047 comici
1917 1020 1959 1044 ιο

436 1076 541 1118 audi
569 1075 816 1119 Gnatonem
844 1078 890 1118 et
913 1091 970 1118 an
998 1076 1142 1133 ipsum
1171 1076 1218 1118 in
1242 1075 1415 1118 familia
1437 1073 1725 1132 gloriantium
1745 1072 1899 1116 uideas

389 1157 419 1195 b
436 1146 671 1203 diligenter
697 1145 888 1188 attende.

552 1224 633 1267 Est
663 1224 844 1282 (inquit)
878 1239 1018 1281 genus
1053 1225 1281 1267 hominum
1313 1224 1389 1281 qui
1418 1238 1510 1267 esse
1539 1223 1705 1280 primos
1733 1237 1779 1265 se
1809 1237 1899 1266 om-

608 1283 732 1325 nium
763 1298 909 1325 rerum
939 1283 1081 1325 uelint

551 1355 631 1384 nec
660 1343 788 1441 sun?
827 1341 907 1383 hos
937 1344 1183 1392 consector;
1218 1340 1336 1383 hisce
1366 1355 1447 1398 ego
1476 1355 1566 1383 non
1595 1354 1800 1397 comparo
1829 1354 1899 1382 me
1921 1351 1959 1385 ¹5

609 1401 661 1441 ut
690 1398 727 1440 ri
761 1401 887 1450 eant;

552 1456 629 1499 sed
649 1456 719 1499 his
742 1456 861 1499 ultro
884 1456 1057 1499 arrideo
1084 1458 1129 1498 et
1153 1470 1303 1498 eorum
1331 1455 1510 1512 ingenia
1536 1454 1732 1499 admiror
1757 1455 1900 1499 simul.

553 1514 773 1614 Quidcquid
807 1514 972 1565 dicunt,
1008 1514 1163 1566 laudo;
1203 1514 1250 1556 id
1280 1528 1456 1556 rursum
1491 1514 1528 1556 si
1559 1517 1736 1571 negant,
1769 1513 1902 1557 laudo

610 1588 627 1615 1
718 1587 747 1614 u
806 1586 884 1624 ue;

552 1587 823 1730 negqtkfiils,
848 1644 982 1687 nego:
1012 1630 1089 1681 ait,
1119 1630 1211 1682 aio;
1241 1632 1462 1687 postremo
1486 1629 1701 1687 impet-aui
1728 1632 1902 1688 egomet
1922 1642 1963 1666 ²0

611 1703 696 1731 mic
730 1703 744 1730 1

553 1746 702 1789 omnia
714 1746 930 1788 assentari
946 1759 955 1798 ;
980 1746 1018 1788 is
1033 1748 1242 1803 quaestus
1261 1760 1378 1789 nunc
1399 1748 1466 1789 est
1485 1746 1627 1789 multo
1641 1745 1902 1789 uberrimus.

437 1826 644 1870 Talemne
665 1826 819 1869 uidisti
844 1826 1037 1869 alicubi‘l
1067 1826 1210 1869 Immo
1237 1841 1316 1870 nec
1344 1827 1596 1884 quempiam
1621 1827 1798 1870 illorum
1826 1826 1903 1883 qui

438 1895 587 1939 felices
621 1910 713 1938 esse
746 1894 957 1938 uidentur
987 1895 1082 1938 sine
1117 1895 1367 1938 huiusmodi
1408 1896 1628 1953 mancipio
1666 1895 1902 1953 agnouisti,

438 1964 632 2021 adeoque
662 1964 820 2007 scitum
853 1963 1075 2007 hominem
1107 1964 1269 2021 ubique
1297 1965 1487 2021 reperies
1514 1965 1590 2021 qui
1618 1965 1817 2008 homines
1846 1979 1902 2007 ex
1923 1988 1963 2022 ²5

398 2053 422 2083 c
439 2034 601 2084 stultis,
633 2037 684 2076 ut
718 2034 784 2076 ait
820 2033 1046 2085 Parmeno,
1079 2048 1258 2091 prorsus
1289 2034 1467 2077 insanos
1503 2033 1648 2078 faciet.
1709 2034 1823 2077 Vide
1857 2036 1904 2078 et

440 2102 547 2160 quid
578 2102 744 2146 sentiat
773 2102 827 2145 de
857 2117 903 2145 se
933 2102 1082 2146 Traso.

499 2171 627 2215 Istud
658 2171 840 2230 (inquit)
870 2175 938 2215 est
967 2172 1121 2215 datum
1158 2171 1357 2229 profecto
1391 2176 1444 2215 ut
1477 2175 1607 2230 grata
1641 2173 1778 2216 michi
1813 2173 1905 2217 sint

440 2255 552 2298 quae
574 2240 689 2283 facio
715 2240 875 2283 omnia.
936 2240 1017 2284 Vel
1039 2256 1117 2283 rex
1138 2256 1310 2298 semper
1337 2241 1554 2285 maximas
1582 2242 1717 2285 michi
1743 2243 1906 2300 agebat

440 2310 609 2368 gratias
625 2309 834 2367 quicquid
853 2309 1052 2361 feceram,
1074 2310 1173 2353 aliis
1194 2326 1282 2353 non
1303 2311 1378 2354 ita.
1430 2311 1501 2353 Me
1521 2325 1693 2368 semper
1713 2312 1905 2356 habebat
1923 2332 1965 2366 30

442 2424 462 2450 2
489 2412 554 2459 qui
571 2411 734 2448 CBASM
831 2412 970 2449 enuchi
988 2411 1013 2448 S
1030 2414 1070 2448 ἐκ
1088 2413 1184 2448 rubr.
1203 2424 1280 2459 cap.
1293 2415 1413 2459 μητρί.
1511 2413 1723 2452 terentiane
1741 2413 1904 2452 GBASM

440 2472 463 2505 4
489 2462 671 2507 sequatur
688 2459 712 2495 S
730 2461 770 2495 in
787 2461 888 2495 rubr.
907 2473 985 2507 cap.
1001 2462 1119 2507 praes.
1281 2471 1304 2507 9
1328 2459 1572 2498 adholeacens
1588 2460 1635 2498 Αι
1787 2471 1832 2508 27
1857 2461 1904 2499 de

442 2519 481 2545 ιο
498 2506 639 2545 sentiat
658 2506 696 2542 M

491 2622 509 2660 5
535 2614 716 2649 dia-imus:
743 2623 774 2648 v.
799 2623 911 2672 supra
935 2610 981 2647 vi.
1009 2622 1028 2657 3
1047 2611 1132 2658 (594
1144 2621 1180 2654 Β,
1205 2612 1256 2653 ο).
1445 2614 1466 2649 8
1492 2625 1555 2648 nec
1583 2614 1700 2650 Gnato
1726 2614 1821 2651 etc.:
1846 2612 1905 2651 Ad

442 2671 621 2709 persona·
634 2658 845 2695 dramati-'l
856 2658 1045 2696 emntiani
1060 2659 1120 2695 cui
1135 2671 1272 2695 nomen
1292 2661 1350 2695 est
1363 2661 1564 2696 Eunuchus
1580 2659 1905 2707 respicitloannen

443 2712 579 2745 noster.
716 2716 729 2743 ι
735 2717 755 2752 3
781 2707 848 2743 Eut
862 2719 975 2752 penus
990 2709 1083 2743 eta:
1108 2705 1189 2742 Ter.
1208 2708 1305 2743 Eun.
1326 2706 1366 2743 ii.
1385 2718 1416 2743 2.
1439 2717 1560 2752 17-22.
1701 2718 1742 2753 ¹4
1767 2710 1904 2745 uelint:

442 2757 571 2793 uolunt
587 2754 670 2790 Ter.
853 2763 891 2801 15
919 2766 1107 2800 comparo:
1129 2765 1222 2799 paro
1238 2753 1321 2791 Ter.
1512 2764 1556 2800 25
1581 2756 1740 2791 homines
1755 2757 1847 2793 etc-2
1872 2768 1913 2795 vo

441 2803 525 2840 Ter.
544 2803 641 2885 fun.
644 2812 699 2885 '1¹¹⁸
719 2810 750 2837 2.
771 2811 825 2847 23.
940 2805 984 2838 28
1010 2802 1114 2837 Istud
1129 2804 1198 2838 etc.
1215 2814 1222 2837 ε
1249 2813 1278 2838 v.
1297 2801 1376 2839 Ter.
1396 2803 1494 2840 Eun.
1514 2801 1569 2839 iii.
1594 2812 1622 2839 1.
1641 2811 1747 2850 5-43.
1859 2814 1906 2850 30

443 2853 519 2887 ua:
560 2855 628 2885 tem
677 2859 729 2886 er.

554 2919 619 2962 236
