1988 3250
269 207 352 265 654
373 221 402 254 e
757 211 1019 256 10ANN1s
1058 200 1574 256 SA'RESBERIENSIS
1693 200 1806 271 [mn.
1820 215 1893 255 vu
1945 204 1949 208 ·

418 333 465 377 in
487 335 616 376 tanta
634 332 854 376 uarietate
874 332 1124 387 uerborum,
1138 334 1183 375 et
1202 331 1383 375 tandem
1407 332 1630 375 uincietur
1653 346 1785 375 sensu
1811 340 1892 374 suo

418 405 465 445 et
493 402 696 459 capietur
723 402 771 444 in
801 401 938 445 uerbo
967 401 1056 444 oris
1087 402 1168 452 sui,
1200 401 1238 444 si
1269 401 1566 444 substantiam
1596 416 1748 444 eorum
1780 413 1894 457 quae

419 471 632 514 dicuntur
675 471 880 529 attigeris
923 471 1198 527 firmiterque
1239 471 1446 515 tenueris.
1527 471 1592 513 Ea
1636 474 1799 522 tamen,
1838 469 1894 512 de

421 541 583 597 quibus
602 540 795 583 maxime
816 540 1102 596 disceptatur,
1123 540 1354 582 inutiliora
1383 542 1428 583 et
1458 540 1558 583 aliis
1586 539 1747 582 uiliora
1775 541 1894 588 sunt,

419 625 521 653 cum
541 610 783 666 patuerint.
845 609 894 652 Si
918 609 1209 666 progrederis,
1229 610 1267 652 si
1298 609 1436 666 pudet
1466 612 1511 652 et
1538 609 1661 666 piget
1687 609 1735 650 in
1761 608 1895 665 nugis
1925 620 1946 658 '5

420 679 591 722 diutius
620 678 836 735 occupari,
861 678 920 721 ad
949 678 1215 721 diuerticula
1244 679 1496 735 propositae
1527 678 1797 735 quaestionis
1827 692 1894 720 re-

420 747 589 791 labitur
608 751 654 791 et
673 748 799 805 quasi
827 747 885 790 ad
915 747 1063 790 sinum
1095 747 1252 790 matris
1278 762 1508 790 recurrens
1533 762 1654 790 more
1675 746 1811 790 Antei
1837 746 1896 789 ab

421 832 485 867 eo,
505 817 553 860 in
573 832 661 874 quo
681 817 860 874 genitus
881 819 926 859 et
955 816 1155 859 nutritus
1175 819 1254 867 est,
1274 816 1393 859 uires
1423 831 1628 873 reparare
1655 816 1896 860 contendit.

375 889 405 929 d
423 887 496 930 Sic
515 887 684 937 circuit,
704 890 774 930 tot
793 886 903 929 facit
923 885 1168 928 amfractus
1191 888 1244 928 ut
1269 885 1328 928 ad
1354 885 1523 928 usitata
1551 889 1762 937 recurrat,
1781 901 1833 931 ac
1857 886 1896 930 si

421 956 691 1000 laberintum
711 957 914 1013 oporteat
933 955 1121 998 circuiri.
1915 957 1959 992 τό

1063 1051 1279 1108 Serpente
1309 1052 1477 1095 ciconia
1506 1052 1651 1108 pullos

479 1111 626 1154 nutrit
655 1114 701 1154 et
730 1110 916 1154 inuenta
946 1125 1026 1167 per
1056 1110 1188 1152 deuia
1218 1125 1325 1153 rura
1355 1110 1548 1162 lacerta;

481 1169 547 1211 illi
577 1169 730 1212 eadem
760 1169 951 1226 sumptis
981 1171 1204 1225 quaerunt
1233 1169 1443 1211 animalia
1473 1169 1643 1226 pennis.

483 1227 660 1278 Vultur,
690 1227 889 1270 iumento
919 1230 965 1270 et
993 1227 1177 1270 canibus
1207 1227 1496 1283 crucibusque
1527 1227 1705 1279 relictis,

482 1286 541 1328 ad
571 1286 691 1328 fetus
721 1288 930 1342 properat
959 1288 1219 1351 partemque
1249 1285 1478 1328 cadaueris
1507 1285 1679 1337 adfert;
1917 1300 1957 1340 15

481 1344 553 1387 hic
584 1348 651 1386 est
681 1358 786 1400 ergo
816 1343 940 1387 cibus
970 1343 1122 1410 magni
1152 1358 1326 1400 quoque
1357 1343 1551 1386 uulturis
1582 1348 1627 1387 et
1657 1358 1703 1387 se

481 1402 712 1459 pascentis,
742 1401 921 1458 propria
949 1416 1050 1445 cum
1080 1401 1169 1443 iam
1200 1401 1310 1444 facit
1338 1401 1495 1444 arbore
1525 1401 1664 1445 nidos.

483 1459 571 1503 Sed
603 1460 795 1517 leporem
826 1463 906 1502 aut
935 1474 1138 1516 capream
1169 1459 1363 1502 famulae
1393 1460 1516 1502 Iouis
1546 1462 1591 1502 et
1620 1474 1858 1518 generosae

483 1519 531 1560 in
561 1518 680 1561 saltu
709 1521 932 1561 uenantur
960 1532 1078 1568 aues,
1107 1521 1215 1560 tunc
1244 1518 1410 1575 praeda
1438 1518 1573 1560 cubili

484 1577 689 1633 ponitur:
718 1576 822 1618 inde
842 1579 1005 1627 autem,
1035 1590 1135 1619 cum
1165 1590 1211 1618 se
1241 1579 1419 1619 matura
1448 1576 1617 1619 leuabit
1917 1597 1961 1621 20

484 1635 727 1692 progenies,
757 1634 1018 1677 stimulante
1048 1633 1167 1676 fame
1198 1633 1384 1677 festinat
1413 1634 1470 1677 ad
1500 1634 1623 1676 illam

484 1708 618 1750 quam
648 1693 838 1750 primam
868 1697 1001 1749 rupto
1030 1692 1240 1749 praedam
1269 1695 1532 1750 gustauerat
1561 1707 1659 1736 ouo.

280 1800 361 1847 655
380 1807 410 1837 a
427 1790 477 1834 Si
498 1805 603 1847 ergo
623 1804 697 1833 eos
716 1804 743 1832 a
763 1789 912 1832 uerbis
932 1789 1024 1832 suis
1044 1789 1337 1846 suspenderis,
1359 1789 1451 1832 fere
1476 1789 1523 1832 in
1545 1789 1665 1833 omni
1687 1789 1902 1834 facultate

427 1860 602 1917 inopiae
633 1874 784 1902 eorum
814 1858 981 1916 poteris
1011 1858 1221 1902 misereri.
1283 1858 1401 1902 Sunt
1425 1859 1543 1902 enim
1571 1859 1647 1916 qui
1675 1863 1902 1917 praestare

425 1930 666 1974 uideantur
685 1930 732 1972 in
757 1928 968 1986 singulis3
999 1931 1106 1971 sunt
1133 1928 1210 1984 qui
1239 1931 1389 1985 partes
1415 1928 1719 1986 philosophiae
1745 1930 1900 1973 uendi·
1920 1946 1962 1981 ²⁵

426 2002 529 2044 cent
551 1999 795 2048 uniuersas,
823 2012 902 2041 nec
933 1997 1080 2040 minus
1110 2000 1261 2041 tamen
1289 2000 1395 2041 sunt
1421 1998 1469 2040 in
1495 1998 1684 2056 singulis
1710 1999 1901 2056 philoso-
1953 2003 1957 2007 ’

427 2068 559 2126 phiae
603 2067 730 2125 eopia
773 2066 993 2110 destituti.
1055 2066 1174 2110 Sunt
1221 2066 1297 2123 qui
1348 2067 1404 2109 ab
1452 2081 1542 2110 una
1586 2067 1904 2124 perfectionem

427 2141 631 2196 sperent3
672 2140 779 2181 sunt
811 2137 887 2194 qui
913 2136 1133 2180 uniuersis
1163 2136 1413 2194 inuigilent,
1438 2136 1590 2194 inopes
1614 2137 1904 2195 singularum.

429 2206 534 2250 Non
555 2206 685 2250 facile
705 2209 856 2249 tamen
876 2205 1066 2248 dixerim
1088 2219 1197 2262 quos
1218 2205 1360 2263 magis
1379 2205 1553 2248 credam
1574 2220 1667 2248 esse
1687 2221 1905 2261 erroneos,

428 2290 529 2320 cum
560 2290 640 2319 nec
670 2275 728 2318 ab
756 2289 848 2318 una
876 2274 1091 2332 perfectio
1121 2277 1293 2317 constet
1323 2276 1370 2316 et
1398 2288 1527 2317 nemo
1556 2274 1747 2318 fideliter
1770 2279 1906 2333 queat
1923 2291 1967 2325 30

430 2344 635 2388 omnibus
649 2343 879 2387 inseruire.
940 2343 1028 2396 Qui
1050 2347 1199 2386 tamen
1220 2342 1277 2386 ab
1297 2356 1388 2385 una
1403 2342 1518 2400 petit
1533 2357 1696 2395 omnes,
1713 2344 1907 2403 ineptior

433 2498 456 2536 9
480 2487 673 2526 anfractus
689 2486 721 2523 A
908 2495 950 2523 12
975 2483 1119 2522 lacerto
1137 2485 1165 2523 C
1353 2495 1395 2532 14
1421 2485 1549 2523 Wltur
1565 2484 1638 2522 AM
1787 2497 1844 2536 25,
1860 2489 1906 2532 26

433 2534 643 2573 uendicent
659 2546 726 2571 om.
746 2533 778 2569 A

481 2674 501 2709 7
528 2665 658 2700 Antei:
684 2662 865 2699 Fabulam
884 2661 1021 2699 Antaei
1040 2665 1171 2699 narrat
1189 2662 1360 2699 Lucanus
1373 2664 1502 2700 Phara.
1520 2662 1567 2700 iv.
1582 2672 1647 2710 593
1660 2675 1763 2710 seqq.
1864 2676 1908 2703 10

431 2714 672 2749 labeo-imum:
699 2710 722 2747 i.
737 2723 768 2746 e
787 2711 1059 2756 labyrinthum·
1085 2722 1117 2746 v.
1137 2710 1248 2755 Verg.
1268 2712 1358 2746 Aen.
1376 2722 1407 2746 v.
1429 2712 1569 2757 588seq
1547 2723 1621 2757 qq
1643 2710 1708 2748 Ov.
1726 2713 1813 2749 Met.
1826 2712 1906 2752 viii.-

436 2770 639 2807 159neqq.;
666 2759 717 2795 of.
748 2757 912 2795 Macrob.
944 2759 1021 2794 Sat.
1048 2756 1110 2793 vii.
1144 2766 1161 2804 5
1194 2758 1212 2804 ξ
1245 2767 1266 2794 2
1294 2759 1462 2805 loquendi
1486 2760 1713 2804 labymnthie.
1863 2770 1903 2800 11

432 2811 602 2861 serpente
618 2809 712 2843 θεας
742 2804 815 2841 Iuv.
835 2808 909 2841 Sat.
935 2804 1008 2842 xiv.
1036 2806 1162 2852 74-85.
1356 2815 1403 2852 30
1427 2817 1527 2843 nemo
1542 2807 1709 2852 fideliter
1732 2809 1830 2845 etos
1855 2807 1906 2848 cf.

434 2854 546 2893 Μαι.
563 2853 609 2891 vi.
632 2863 697 2900 ²43
723 2853 811 2890 Luc.
829 2852 899 2889 xvi.
922 2862 973 2900 ¹3

554 2934 621 2970 ¹²⁴
