1988 3250
247 236 333 284 647
354 244 380 274 c
428 267 432 271 .
717 234 919 279 IOANN
920 234 978 279 IS
1019 234 1534 279 SARESBERIENSIS
1668 233 1867 295 [1213.le

398 355 590 399 officium
605 357 894 408 successisset,
910 357 1038 414 quasi
1057 357 1331 400 matutinum
1351 356 1474 400 sidus
1493 353 1659 400 effulsit
1678 356 1867 400 homini-

398 425 483 468 bus
503 428 549 469 et
568 426 833 482 quibusdam
853 426 1112 484 multiplicis
1138 426 1442 484 philosophiae
1469 426 1715 483 praeceptis
1741 426 1869 469 uelut

398 495 538 538 uariis
557 495 801 552 sapientiae
820 496 958 538 radiis
977 496 1223 539 illustrauit
1247 496 1409 547 orbem,
1430 498 1476 538 et
1505 498 1735 552 tamquam
1766 510 1868 539 ocu-

353 564 382 604 d
399 563 543 607 lorum
582 565 756 608 detersa
795 565 982 623 caligine
1014 566 1072 608 ad
1103 565 1399 609 contuendam
1433 565 1640 620 ueritatis
1675 565 1867 622 speciem

398 637 569 677 mentes
603 634 834 677 hominum
868 635 1107 692 reparauit.
1183 634 1360 678 Sectam
1389 634 1462 678 hic
1494 634 1868 691 Peripatheticam
1889 649 1908 683 5

396 703 608 755 condidit,
643 703 705 747 sic
745 704 901 760 utique
941 703 1106 747 dictam
1147 703 1266 760 quod
1305 703 1595 746 deambulans
1640 703 1869 760 disputare

396 776 698 823 consueuerat,
729 773 1030 830 plurimosque
1058 773 1297 830 discipulos
1327 772 1553 829 praeclara
1580 772 1702 815 fama
1727 773 1869 816 excel·

396 841 493 885 lens
523 845 568 884 et
607 845 704 885 arte
745 842 960 885 suadendi
999 842 1106 885 uiuo
1147 842 1292 885 adhuc
1331 844 1614 899 praeceptore
1653 842 1701 884 in
1741 856 1868 884 suam

397 911 572 954 heresin
616 912 915 969 congregauit.
995 911 1225 954 Tractauit
1270 911 1450 968 quidem
1489 926 1641 955 omnes
1675 911 1867 968 philoso-

395 981 527 1038 phiae
547 983 697 1037 partes
717 983 763 1023 et
781 983 1017 1038 praecepta
1036 980 1161 1023 dedit
1190 980 1238 1022 in
1267 980 1466 1038 singulas
1487 980 1563 1023 sed
1583 995 1690 1037 prae
1709 980 1868 1024 ceteris
1890 995 1933 1021 ιο

395 1050 459 1094 sic
489 1050 751 1094 rationalem
782 1050 954 1108 redegit
983 1050 1030 1092 in
1059 1051 1129 1093 ius
1158 1065 1288 1093 suum
1318 1053 1372 1093 ut
1396 1065 1423 1092 a
1446 1051 1718 1107 possessione
1746 1050 1868 1093 illius

396 1120 605 1163 uideatur
629 1135 780 1163 omnes
804 1120 914 1163 alios
939 1120 1185 1163 exclusisse.
1244 1120 1319 1162 Ita
1345 1123 1496 1163 tamen
1521 1119 1568 1162 in
1597 1119 1697 1163 aliis
1720 1119 1869 1178 uiguit

396 1195 450 1233 ut
469 1205 699 1233 commune
719 1205 880 1232 nomen
900 1190 1098 1232 omnium
1118 1190 1481 1247 philosophorum
1498 1189 1869 1241 anthonomasice,

397 1259 444 1302 id
465 1262 532 1302 est
552 1259 827 1309 excellenter,
848 1259 932 1302 sibi
953 1260 1182 1317 proprium
1203 1274 1295 1303 esse
1315 1260 1541 1303 meruerit.
1603 1259 1730 1303 Sicut
1750 1259 1869 1303 enim

247 1327 332 1377 648
351 1338 381 1368 a
397 1329 504 1372 urbs
536 1329 735 1380 Romam,
768 1329 995 1372 Maronem
1030 1333 1162 1386 poeta
1196 1330 1420 1387 exprimit,
1444 1330 1507 1373 sic
1539 1332 1585 1373 et
1616 1329 1867 1387 philosophi
1889 1341 1932 1377 15

396 1413 557 1441 nomen
586 1398 703 1441 circa
730 1398 1007 1441 Aristotilem
1035 1399 1260 1443 utentium
1290 1399 1454 1457 placito
1480 1402 1758 1443 contractum
1785 1402 1866 1444 est.

398 1468 504 1511 Fuit
524 1471 674 1511 autem
695 1467 914 1511 facundus
935 1468 1108 1526 eloquio
1129 1469 1206 1511 sed
1227 1469 1406 1512 uberior
1425 1469 1626 1512 sensibus
1647 1472 1702 1527 et·
1713 1469 1869 1512 doctus

397 1538 596 1589 omnium
617 1538 850 1581 sententiis
869 1538 1063 1582 obuiare.
1124 1538 1211 1581 Hic
1232 1541 1299 1581 est
1323 1539 1399 1595 qui
1424 1539 1595 1595 primus
1619 1538 1868 1581 studiorum

397 1622 560 1666 genera
594 1608 642 1649 in
674 1607 948 1665 agroaticum
984 1611 1029 1650 et
1061 1608 1364 1651 exothericum
1397 1608 1562 1651 dicitur
1596 1607 1868 1652 distinxisse.

397 1677 518 1720 Nam
557 1679 603 1720 et
643 1676 885 1719 familiares
920 1680 966 1720 et
1000 1677 1126 1734 quasi
1162 1677 1390 1721 domestici
1431 1677 1786 1720 admittebantur
1820 1677 1868 1720 in
1890 1689 1936 1714 ²0

397 1747 635 1804 agroatica,
655 1746 909 1789 exotherica
929 1761 1035 1789 uero
1055 1762 1144 1790 non
1171 1747 1302 1790 modo
1326 1747 1552 1791 extraneis
1578 1747 1655 1790 sed
1682 1747 1876 1804 hospiti-.

398 1817 481 1859 bus
524 1815 739 1873 patebant
785 1819 830 1859 et
876 1816 1133 1873 peregrinis.
1208 1817 1409 1860 Fuerunt
1448 1817 1525 1874 qui
1566 1831 1667 1860 eum
1711 1816 1870 1860 Incubi

398 1885 597 1929 demonis
626 1885 768 1928 filium
799 1886 1027 1928 crederent
1054 1889 1236 1944 propter
1262 1887 1510 1944 agilitatem
1538 1885 1744 1943 corporis,
1772 1901 1869 1943 per-

398 1995 419 2021 2
448 1982 720 2037 phylosophiae
736 1982 775 2018 Μ
870 1993 903 2027 9.
927 1993 970 2018 10
994 1983 1268 2038 phylosophiae
1281 1984 1321 2020 Μ
1422 1994 1464 2030 13
1489 1983 1812 2038 phylosophorum
1830 1984 1870 2021 M

397 2031 710 2069 anthonomasice
728 2030 775 2066 13²
791 2042 799 2066 :
826 2033 1109 2068 antonomasice
1127 2031 1160 2066 A
1307 2040 1347 2078 15
1374 2031 1603 2078 phylosoph1
1620 2031 1660 2067 M

448 2129 465 2166 5
493 2121 630 2154 Sectam
647 2120 720 2156 etc.
737 2130 745 2154 ε
773 2130 806 2153 v.
828 2119 921 2164 Aug.
941 2120 984 2153 de
1003 2119 1039 2156 C'.
1064 2121 1109 2154 D.
1127 2118 1203 2155 viii.
1228 2129 1282 2156 12.
1472 2128 1510 2155 11
1540 2120 1757 2155 rationalem
1773 2121 1871 2157 etc-t

398 2167 447 2204 cf.
466 2165 541 2203 Cic.
563 2167 648 2212 Top.
666 2177 686 2202 2
707 2165 725 2212 ξ
743 2167 790 2207 6;
817 2165 949 2202 Boeth.
971 2168 1102 2203 Comm.
1122 2168 1161 2202 in
1175 2168 1353 2220 fotphyr.
1373 2165 1397 2203 i.
1412 2165 1560 2214 (Migne
1574 2167 1616 2202 P.
1630 2168 1675 2203 L.
1693 2166 1782 2204 lxiv.
1796 2167 1870 2214 73).

401 2226 443 2261 13
461 2220 501 2249 ut
518 2226 699 2268 commune
713 2225 841 2248 nomen
855 2215 952 2267 οὓς.)
978 2213 1025 2267 ct}
1041 2215 1211 2250 Metalm.
1231 2216 1272 2250 16
1285 2215 1370 2259 (873
1383 2214 1435 2259 c).
1538 2225 1549 2250 1
1595 2215 1680 2250 urbs
1697 2216 1870 2252 Romam:

396 2263 443 2299 cf.
463 2261 620 2316 Quintil,
638 2263 726 2296 [nat.
749 2263 848 2297 Orat.
868 2272 944 2296 vm.
966 2271 983 2307 5
1005 2265 1074 2318 5-9.
1173 2263 1361 2297 Maronem
1375 2266 1502 2308 poeta:
1529 2273 1549 2298 c
1569 2288 1577 2297 .
1597 2261 1759 2319 Institi.
1778 2273 1812 2298 2.
1827 2273 1872 2320 ²?

397 2309 945 2394 ὶξηῗΐᾨέῗῗὲῗῦἓηῖἷῗὲἰῖ·
961 2310 1096 2401 ξ”ὶὲἓέ
1108 2310 1519 2410 Ξῖᾋῧῖᾗξέερῳω.
1531 2310 1872 2401 ’ἑὴῆἒέἒὲξῗοέἔὲ

399 2406 483 2450 (983
499 2410 555 2462 Β).
642 2405 682 2440 18
701 2404 771 2439 Hic
785 2408 834 2438 eet
846 2405 909 2449 que*
919 2405 991 2439 etc.
1009 2414 1017 2439 ι
1038 2403 1091 2438 De
1106 2403 1546 2465 distinctione-librorum
1558 2406 1822 2458 acroaticorum
1832 2407 1872 2442 et

396 2458 704 2536 amam&
723 2450 986 2545 2332¹‘r{¹,¹‚'1‚{}1.
1038 2452 1453 2534 ἕὲηέἔῗίἓῖζὶἅῆἰ·
1467 2450 1872 2536 ἐηῗὲΐαάἕΐὲῗὲἓὲῗὲὲ

397 2546 544 2593 origine
578 2545 780 2593 Apollinea
814 2546 861 2581 ad
896 2545 1136 2582 Aristotelem
1170 2544 1360 2582 translata
1397 2547 1481 2600 erat
1510 2547 1548 2582 et
1582 2546 1629 2582 ad
1657 2545 1870 2593 priscorum

397 2594 700 2631 Christianorum
730 2596 895 2630 mentem
924 2592 1227 2648 intellegebatur,
1247 2592 1558 2647 qui-Apollinem
1591 2605 1657 2640 pro
1687 2594 1871 2648 daemone

396 2642 622 2679 habuerunt.
683 2640 821 2677 Forsan
841 2641 939 2686 quod
957 2640 1003 2677 de
1021 2641 1107 2676 alus
1124 2644 1216 2677 artis
1234 2652 1402 2687 magicae
1421 2643 1553 2686 peritis
1575 2643 1620 2685 (e.
1633 2654 1669 2688 g.
1689 2642 1869 2688 Merhno)

396 2690 630 2733 credebatur,
658 2689 705 2726 de
735 2688 949 2743 4riqtotule.
981 2700 1104 2743 quem·
1124 2700 1191 2735 pro
1226 2700 1337 2734 mago
1372 2687 1514 2743 insigni
1550 2690 1729 2734 reputant
1757 2689 1870 2727 fictae

394 2736 601 2773 Alexandri
629 2748 758 2783 magni
788 2735 970 2772 historiae
1000 2738 1300 2779 concinnatores,
1329 2738 1446 2773 etiam
1481 2736 1725 2774 referebatur.
1784 2736 1871 2774 Non

395 2784 618 2821 incredibile
637 2786 694 2820 est
713 2782 823 2819 huius
842 2782 914 2819 loci
935 2795 1137 2820 memorem
1158 2782 1395 2819 Franciscum
1411 2783 1605 2819 Buconum
1620 2782 1868 2828 Antichristo,

395 2833 458 2879 qui
484 2831 590 2869 iuxta
608 2831 827 2878 opinionem
848 2830 1143 2877 vulgatissimam
1162 2830 1302 2866 diaboli
1330 2829 1427 2866 filius
1446 2832 1593 2866 futurus
1610 2834 1701 2875 crat,
1719 2830 1869 2869 Aristo-

395 2881 509 2918 telem
529 2881 576 2917 ob
597 2878 740 2926 gloriae
758 2878 975 2926 appetitum
996 2879 1053 2926 (de
1070 2879 1202 2925 Auqm.
1220 2880 1290 2916 Sci.
1310 2877 1363 2915 iii.
1382 2878 1420 2925 4)
1439 2877 1653 2915 contulisse.
