<?xml version="1.0" encoding="UTF-8"?>
<!DOCTYPE html PUBLIC "-//W3C//DTD XHTML 1.0 Transitional//EN"
    "http://www.w3.org/TR/xhtml1/DTD/xhtml1-transitional.dtd">
<html xmlns="http://www.w3.org/1999/xhtml" xml:lang="en" lang="en">
 <head>
  <title>
</title>
<meta http-equiv="Content-Type" content="text/html;charset=utf-8" />
  <meta name='ocr-system' content='tesseract 3.04.00' />
  <meta name='ocr-capabilities' content='ocr_page ocr_carea ocr_par ocr_line ocrx_word'/>
</head>
<body>
  <div class='ocr_page' id='page_1' title='image "./policraticisived02john_0325.png"; bbox 0 0 1988 3250; ppageno 0'>
   <div class='ocr_carea' id='block_1_1' title="bbox 148 197 1756 260">
    <p class='ocr_par' dir='ltr' id='par_1_1' title="bbox 148 197 1756 260">
     <span class='ocr_line' id='line_1_1' title="bbox 148 197 1756 260; baseline -0.001 -15"><span class='ocrx_word' id='word_1_1' title='bbox 148 211 247 246; x_wconf 67' lang='lat' dir='ltr'><strong>oar.</strong></span> <span class='ocrx_word' id='word_1_2' title='bbox 262 197 355 260; x_wconf 86' lang='lat' dir='ltr'><strong>xn]</strong></span> <span class='ocrx_word' id='word_1_3' title='bbox 677 197 1112 244; x_wconf 84' lang='lat' dir='ltr'>POLICRATICVS</span> <span class='ocrx_word' id='word_1_4' title='bbox 1625 211 1708 254; x_wconf 84' lang='lat'><strong>⁷59</strong></span> <span class='ocrx_word' id='word_1_5' title='bbox 1725 201 1756 243; x_wconf 78' lang='lat' dir='ltr'><strong>d</strong></span> 
     </span>
    </p>
   </div>
   <div class='ocr_carea' id='block_1_2' title="bbox 93 317 1763 1203">
    <p class='ocr_par' dir='ltr' id='par_1_2' title="bbox 93 317 1763 1203">
     <span class='ocr_line' id='line_1_2' title="bbox 149 317 1609 376; baseline 0.002 -14"><span class='ocrx_word' id='word_1_6' title='bbox 149 319 315 376; x_wconf 80' lang='lat' dir='ltr'><strong>impelli</strong></span> <span class='ocrx_word' id='word_1_7' title='bbox 346 331 472 376; x_wconf 88' lang='lat' dir='ltr'><strong>posse</strong></span> <span class='ocrx_word' id='word_1_8' title='bbox 502 317 751 361; x_wconf 90' lang='lat' dir='ltr'><strong>litteratum</strong></span> <span class='ocrx_word' id='word_1_9' title='bbox 789 319 843 360; x_wconf 86' lang='lat' dir='ltr'><strong>ut</strong></span> <span class='ocrx_word' id='word_1_10' title='bbox 881 317 1162 360; x_wconf 76' lang='lat' dir='ltr'><strong>histrioniam</strong></span> <span class='ocrx_word' id='word_1_11' title='bbox 1201 319 1474 376; x_wconf 85' lang='lat' dir='ltr'><strong>profiteatur,</strong></span> <span class='ocrx_word' id='word_1_12' title='bbox 1504 320 1609 366; x_wconf 92' lang='lat' dir='ltr'><strong>licet</strong></span> 
     </span>
     <span class='ocr_line' id='line_1_3' title="bbox 149 385 1611 446; baseline 0.002 -15"><span class='ocrx_word' id='word_1_13' title='bbox 149 387 278 431; x_wconf 78' lang='lat' dir='ltr'><strong>facile</strong></span> <span class='ocrx_word' id='word_1_14' title='bbox 308 387 595 430; x_wconf 87' lang='lat' dir='ltr'><strong>inueniantur</strong></span> <span class='ocrx_word' id='word_1_15' title='bbox 629 385 943 443; x_wconf 82' lang='lat' dir='ltr'><strong>quamplurimi</strong></span> <span class='ocrx_word' id='word_1_16' title='bbox 975 400 1085 443; x_wconf 91' lang='lat' dir='ltr'><strong>quos</strong></span> <span class='ocrx_word' id='word_1_17' title='bbox 1116 401 1206 430; x_wconf 90' lang='lat' dir='ltr'><strong>non</strong></span> <span class='ocrx_word' id='word_1_18' title='bbox 1237 388 1375 444; x_wconf 92' lang='lat' dir='ltr'><strong>pudet</strong></span> <span class='ocrx_word' id='word_1_19' title='bbox 1404 404 1534 446; x_wconf 87' lang='lat' dir='ltr'><strong>agere</strong></span> <span class='ocrx_word' id='word_1_20' title='bbox 1564 393 1611 434; x_wconf 86' lang='lat' dir='ltr'><strong>et</strong></span> 
     </span>
     <span class='ocr_line' id='line_1_4' title="bbox 148 454 1610 514; baseline 0.002 -15"><span class='ocrx_word' id='word_1_21' title='bbox 148 456 330 514; x_wconf 91' lang='lat' dir='ltr'><strong>implere</strong></span> <span class='ocrx_word' id='word_1_22' title='bbox 358 455 583 498; x_wconf 90' lang='lat' dir='ltr'><strong>sordidum</strong></span> <span class='ocrx_word' id='word_1_23' title='bbox 613 454 886 508; x_wconf 74' lang='lat' dir='ltr'><strong>histrionem,</strong></span> <span class='ocrx_word' id='word_1_24' title='bbox 913 457 1066 512; x_wconf 87' lang='lat' dir='ltr'><strong>gestus</strong></span> <span class='ocrx_word' id='word_1_25' title='bbox 1095 455 1314 512; x_wconf 81' lang='lat' dir='ltr'><strong>siquidem</strong></span> <span class='ocrx_word' id='word_1_26' title='bbox 1341 458 1610 514; x_wconf 90' lang='lat' dir='ltr'><strong>exprimunt,</strong></span> 
     </span>
     <span class='ocr_line' id='line_1_5' title="bbox 149 523 1763 585; baseline 0.001 -17"><span class='ocrx_word' id='word_1_27' title='bbox 149 539 297 568; x_wconf 90' lang='lat' dir='ltr'><strong>rerum</strong></span> <span class='ocrx_word' id='word_1_28' title='bbox 332 524 530 568; x_wconf 86' lang='lat' dir='ltr'><strong>utilitate</strong></span> <span class='ocrx_word' id='word_1_29' title='bbox 561 523 763 567; x_wconf 87' lang='lat' dir='ltr'><strong>deducta.</strong></span> <span class='ocrx_word' id='word_1_30' title='bbox 835 523 997 566; x_wconf 84' lang='lat' dir='ltr'><strong>Fertur</strong></span> <span class='ocrx_word' id='word_1_31' title='bbox 1034 523 1192 567; x_wconf 85' lang='lat' dir='ltr'><strong>beatus</strong></span> <span class='ocrx_word' id='word_1_32' title='bbox 1232 524 1480 569; x_wconf 90' lang='lat' dir='ltr'><strong>Ieronimus</strong></span> <span class='ocrx_word' id='word_1_33' title='bbox 1519 530 1610 570; x_wconf 89' lang='lat' dir='ltr'><strong>tres</strong></span> <span class='ocrx_word' id='word_1_34' title='bbox 1628 535 1712 585; x_wconf 88' lang='lat'><strong>760</strong></span> <span class='ocrx_word' id='word_1_35' title='bbox 1732 544 1763 574; x_wconf 85' lang='lat' dir='ltr'><strong>a</strong></span> 
     </span>
     <span class='ocr_line' id='line_1_6' title="bbox 111 592 1611 650; baseline 0.001 -13"><span class='ocrx_word' id='word_1_36' title='bbox 111 608 132 642; x_wconf 76' lang='lat'><strong>5</strong></span> <span class='ocrx_word' id='word_1_37' title='bbox 149 608 176 638; x_wconf 85' lang='lat' dir='ltr'><strong>a</strong></span> <span class='ocrx_word' id='word_1_38' title='bbox 203 608 356 637; x_wconf 90' lang='lat' dir='ltr'><strong>mensa</strong></span> <span class='ocrx_word' id='word_1_39' title='bbox 384 593 562 637; x_wconf 86' lang='lat' dir='ltr'><strong>clericos</strong></span> <span class='ocrx_word' id='word_1_40' title='bbox 591 592 839 642; x_wconf 81' lang='lat' dir='ltr'><strong>exclusisse,</strong></span> <span class='ocrx_word' id='word_1_41' title='bbox 859 592 965 649; x_wconf 84' lang='lat' dir='ltr'><strong>quia</strong></span> <span class='ocrx_word' id='word_1_42' title='bbox 994 592 1124 649; x_wconf 87' lang='lat' dir='ltr'><strong>ipsos·</strong></span> <span class='ocrx_word' id='word_1_43' title='bbox 1142 592 1454 650; x_wconf 90' lang='lat' dir='ltr'><strong>incompositos</strong></span> <span class='ocrx_word' id='word_1_44' title='bbox 1483 596 1611 647; x_wconf 87' lang='lat' dir='ltr'><strong>uidit,</strong></span> 
     </span>
     <span class='ocr_line' id='line_1_7' title="bbox 148 661 1612 721; baseline 0 -13"><span class='ocrx_word' id='word_1_45' title='bbox 148 666 278 721; x_wconf 88' lang='lat' dir='ltr'><strong>turpe</strong></span> <span class='ocrx_word' id='word_1_46' title='bbox 291 663 454 706; x_wconf 90' lang='lat' dir='ltr'><strong>ducens</strong></span> <span class='ocrx_word' id='word_1_47' title='bbox 473 662 657 706; x_wconf 85' lang='lat' dir='ltr'><strong>honesto</strong></span> <span class='ocrx_word' id='word_1_48' title='bbox 677 664 724 704; x_wconf 88' lang='lat' dir='ltr'><strong>et</strong></span> <span class='ocrx_word' id='word_1_49' title='bbox 741 661 870 719; x_wconf 84' lang='lat' dir='ltr'><strong>graui</strong></span> <span class='ocrx_word' id='word_1_50' title='bbox 890 661 989 704; x_wconf 90' lang='lat' dir='ltr'><strong>uiro</strong></span> <span class='ocrx_word' id='word_1_51' title='bbox 1012 661 1061 704; x_wconf 93' lang='lat' dir='ltr'><strong>in</strong></span> <span class='ocrx_word' id='word_1_52' title='bbox 1076 661 1171 704; x_wconf 89' lang='lat' dir='ltr'><strong>eius</strong></span> <span class='ocrx_word' id='word_1_53' title='bbox 1185 663 1405 706; x_wconf 89' lang='lat' dir='ltr'><strong>consortio</strong></span> <span class='ocrx_word' id='word_1_54' title='bbox 1419 663 1612 720; x_wconf 84' lang='lat' dir='ltr'><strong>aliquem</strong></span> 
     </span>
     <span class='ocr_line' id='line_1_8' title="bbox 148 730 1613 790; baseline 0.001 -14"><span class='ocrx_word' id='word_1_55' title='bbox 148 731 487 790; x_wconf 87' lang='lat' dir='ltr'><strong>incompositum</strong></span> <span class='ocrx_word' id='word_1_56' title='bbox 537 730 730 775; x_wconf 87' lang='lat' dir='ltr'><strong>inueniri</strong></span> <span class='ocrx_word' id='word_1_57' title='bbox 750 744 762 784; x_wconf 92' lang='lat'>;</span> <span class='ocrx_word' id='word_1_58' title='bbox 817 733 863 774; x_wconf 90' lang='lat' dir='ltr'><strong>et</strong></span> <span class='ocrx_word' id='word_1_59' title='bbox 914 730 1093 787; x_wconf 91' lang='lat' dir='ltr'><strong>quidem</strong></span> <span class='ocrx_word' id='word_1_60' title='bbox 1143 731 1226 774; x_wconf 91' lang='lat' dir='ltr'><strong>hoc</strong></span> <span class='ocrx_word' id='word_1_61' title='bbox 1275 730 1406 774; x_wconf 89' lang='lat' dir='ltr'><strong>laude</strong></span> <span class='ocrx_word' id='word_1_62' title='bbox 1455 733 1613 777; x_wconf 90' lang='lat' dir='ltr'><strong>maiori</strong></span> 
     </span>
     <span class='ocr_line' id='line_1_9' title="bbox 149 798 1614 859; baseline 0.001 -15"><span class='ocrx_word' id='word_1_63' title='bbox 149 801 334 859; x_wconf 86' lang='lat' dir='ltr'><strong>dignum</strong></span> <span class='ocrx_word' id='word_1_64' title='bbox 373 802 441 844; x_wconf 85' lang='lat' dir='ltr'><strong>est</strong></span> <span class='ocrx_word' id='word_1_65' title='bbox 487 814 619 857; x_wconf 91' lang='lat' dir='ltr'><strong>quam</strong></span> <span class='ocrx_word' id='word_1_66' title='bbox 659 799 710 851; x_wconf 88' lang='lat' dir='ltr'><strong>si,</strong></span> <span class='ocrx_word' id='word_1_67' title='bbox 743 802 796 842; x_wconf 92' lang='lat' dir='ltr'><strong>ut</strong></span> <span class='ocrx_word' id='word_1_68' title='bbox 833 798 891 842; x_wconf 88' lang='lat' dir='ltr'><strong>ab</strong></span> <span class='ocrx_word' id='word_1_69' title='bbox 928 799 991 842; x_wconf 89' lang='lat' dir='ltr'><strong>eis</strong></span> <span class='ocrx_word' id='word_1_70' title='bbox 1031 798 1300 850; x_wconf 76' lang='lat' dir='ltr'><strong>laudaretur,</strong></span> <span class='ocrx_word' id='word_1_71' title='bbox 1343 800 1614 845; x_wconf 87' lang='lat' dir='ltr'><strong>admitteret.</strong></span> 
     </span>
     <span class='ocr_line' id='line_1_10' title="bbox 150 868 1615 926; baseline -0.001 -11"><span class='ocrx_word' id='word_1_72' title='bbox 150 870 274 915; x_wconf 90' lang='lat' dir='ltr'><strong>Licet</strong></span> <span class='ocrx_word' id='word_1_73' title='bbox 302 873 452 914; x_wconf 91' lang='lat' dir='ltr'><strong>autem</strong></span> <span class='ocrx_word' id='word_1_74' title='bbox 481 869 631 926; x_wconf 86' lang='lat' dir='ltr'><strong>aliqua</strong></span> <span class='ocrx_word' id='word_1_75' title='bbox 659 869 720 912; x_wconf 87' lang='lat' dir='ltr'><strong>sit</strong></span> <span class='ocrx_word' id='word_1_76' title='bbox 749 868 957 926; x_wconf 84' lang='lat' dir='ltr'><strong>uoluptas</strong></span> <span class='ocrx_word' id='word_1_77' title='bbox 990 869 1217 912; x_wconf 88' lang='lat' dir='ltr'><strong>oculorum</strong></span> <span class='ocrx_word' id='word_1_78' title='bbox 1247 869 1295 912; x_wconf 89' lang='lat' dir='ltr'><strong>in</strong></span> <span class='ocrx_word' id='word_1_79' title='bbox 1327 870 1503 922; x_wconf 89' lang='lat' dir='ltr'><strong>talibus,</strong></span> <span class='ocrx_word' id='word_1_80' title='bbox 1533 871 1615 914; x_wconf 87' lang='lat' dir='ltr'><strong>uix</strong></span> 
     </span>
     <span class='ocr_line' id='line_1_11' title="bbox 93 937 1617 997; baseline 0 -15"><span class='ocrx_word' id='word_1_81' title='bbox 93 955 133 982; x_wconf 81' lang='grc' dir='ltr'><strong>ιο</strong></span> <span class='ocrx_word' id='word_1_82' title='bbox 150 939 245 984; x_wconf 91' lang='lat' dir='ltr'><strong>sine</strong></span> <span class='ocrx_word' id='word_1_83' title='bbox 276 938 555 997; x_wconf 86' lang='lat' dir='ltr'><strong>turpitudine</strong></span> <span class='ocrx_word' id='word_1_84' title='bbox 585 937 777 981; x_wconf 76' lang='lat' dir='ltr'><strong>exerceri</strong></span> <span class='ocrx_word' id='word_1_85' title='bbox 805 937 971 995; x_wconf 83' lang='lat' dir='ltr'><strong>poterit</strong></span> <span class='ocrx_word' id='word_1_86' title='bbox 999 938 1071 981; x_wconf 90' lang='lat' dir='ltr'><strong>uel</strong></span> <span class='ocrx_word' id='word_1_87' title='bbox 1101 939 1292 982; x_wconf 80' lang='lat' dir='ltr'><strong>admitti.</strong></span> <span class='ocrx_word' id='word_1_88' title='bbox 1353 938 1434 982; x_wconf 87' lang='lat' dir='ltr'><strong>Est</strong></span> <span class='ocrx_word' id='word_1_89' title='bbox 1464 942 1510 982; x_wconf 88' lang='lat' dir='ltr'><strong>et</strong></span> <span class='ocrx_word' id='word_1_90' title='bbox 1538 939 1617 982; x_wconf 89' lang='lat' dir='ltr'><strong>illa</strong></span> 
     </span>
     <span class='ocr_line' id='line_1_12' title="bbox 149 1006 1616 1066; baseline -0.001 -14"><span class='ocrx_word' id='word_1_91' title='bbox 149 1009 358 1066; x_wconf 88' lang='lat' dir='ltr'><strong>uoluptas</strong></span> <span class='ocrx_word' id='word_1_92' title='bbox 391 1008 438 1051; x_wconf 91' lang='lat' dir='ltr'><strong>in</strong></span> <span class='ocrx_word' id='word_1_93' title='bbox 470 1007 568 1050; x_wconf 88' lang='lat' dir='ltr'><strong>uiro</strong></span> <span class='ocrx_word' id='word_1_94' title='bbox 600 1006 730 1066; x_wconf 88' lang='lat' dir='ltr'><strong>graui</strong></span> <span class='ocrx_word' id='word_1_95' title='bbox 763 1006 972 1050; x_wconf 89' lang='lat' dir='ltr'><strong>notabilis</strong></span> <span class='ocrx_word' id='word_1_96' title='bbox 1003 1021 1061 1050; x_wconf 88' lang='lat' dir='ltr'><strong>ex</strong></span> <span class='ocrx_word' id='word_1_97' title='bbox 1094 1021 1227 1051; x_wconf 87' lang='lat' dir='ltr'><strong>causa</strong></span> <span class='ocrx_word' id='word_1_98' title='bbox 1261 1007 1476 1059; x_wconf 86' lang='lat' dir='ltr'><strong>luxuriae,</strong></span> <span class='ocrx_word' id='word_1_99' title='bbox 1503 1023 1616 1066; x_wconf 90' lang='lat' dir='ltr'><strong>quae</strong></span> 
     </span>
     <span class='ocr_line' id='line_1_13' title="bbox 151 1075 1619 1134; baseline 0 -13"><span class='ocrx_word' id='word_1_100' title='bbox 151 1080 357 1121; x_wconf 81' lang='lat' dir='ltr'><strong>ornatum</strong></span> <span class='ocrx_word' id='word_1_101' title='bbox 377 1091 506 1120; x_wconf 90' lang='lat' dir='ltr'><strong>suum</strong></span> <span class='ocrx_word' id='word_1_102' title='bbox 526 1076 574 1119; x_wconf 92' lang='lat' dir='ltr'><strong>in</strong></span> <span class='ocrx_word' id='word_1_103' title='bbox 599 1076 743 1134; x_wconf 90' lang='lat' dir='ltr'><strong>pretio</strong></span> <span class='ocrx_word' id='word_1_104' title='bbox 762 1075 955 1119; x_wconf 89' lang='lat' dir='ltr'><strong>uestium</strong></span> <span class='ocrx_word' id='word_1_105' title='bbox 982 1078 1063 1118; x_wconf 89' lang='lat' dir='ltr'><strong>aut</strong></span> <span class='ocrx_word' id='word_1_106' title='bbox 1089 1076 1232 1120; x_wconf 91' lang='lat' dir='ltr'><strong>colore</strong></span> <span class='ocrx_word' id='word_1_107' title='bbox 1259 1080 1339 1121; x_wconf 88' lang='lat' dir='ltr'><strong>aut</strong></span> <span class='ocrx_word' id='word_1_108' title='bbox 1366 1077 1511 1121; x_wconf 83' lang='lat' dir='ltr'><strong>forma</strong></span> <span class='ocrx_word' id='word_1_109' title='bbox 1537 1081 1619 1122; x_wconf 87' lang='lat' dir='ltr'><strong>aut</strong></span> 
     </span>
     <span class='ocr_line' id='line_1_14' title="bbox 151 1145 1538 1203; baseline 0 -12"><span class='ocrx_word' id='word_1_110' title='bbox 151 1161 259 1191; x_wconf 84' lang='lat' dir='ltr'><strong>usus</strong></span> <span class='ocrx_word' id='word_1_111' title='bbox 278 1146 478 1190; x_wconf 89' lang='lat' dir='ltr'><strong>nouitate</strong></span> <span class='ocrx_word' id='word_1_112' title='bbox 497 1145 734 1190; x_wconf 78' lang='lat' dir='ltr'><strong>consistere</strong></span> <span class='ocrx_word' id='word_1_113' title='bbox 753 1145 976 1203; x_wconf 86' lang='lat' dir='ltr'><strong>opinatur.</strong></span> <span class='ocrx_word' id='word_1_114' title='bbox 1037 1145 1100 1188; x_wconf 90' lang='lat' dir='ltr'><strong>Vt</strong></span> <span class='ocrx_word' id='word_1_115' title='bbox 1119 1146 1237 1189; x_wconf 88' lang='lat' dir='ltr'><strong>enim</strong></span> <span class='ocrx_word' id='word_1_116' title='bbox 1258 1147 1323 1190; x_wconf 84' lang='lat' dir='ltr'><strong>ait</strong></span> <span class='ocrx_word' id='word_1_117' title='bbox 1343 1147 1538 1191; x_wconf 88' lang='lat' dir='ltr'><strong>ethicus:</strong></span> 
     </span>
    </p>
   </div>
   <div class='ocr_carea' id='block_1_3' title="bbox 97 1236 1400 1355">
    <p class='ocr_par' dir='ltr' id='par_1_3' title="bbox 97 1236 1400 1355">
     <span class='ocr_line' id='line_1_15' title="bbox 268 1236 1374 1296; baseline 0 -14"><span class='ocrx_word' id='word_1_118' title='bbox 268 1238 483 1282; x_wconf 85' lang='lat' dir='ltr'><strong>Maltinus</strong></span> <span class='ocrx_word' id='word_1_119' title='bbox 510 1238 675 1281; x_wconf 86' lang='lat' dir='ltr'><strong>tunicis</strong></span> <span class='ocrx_word' id='word_1_120' title='bbox 705 1236 906 1280; x_wconf 86' lang='lat' dir='ltr'><strong>demissis</strong></span> <span class='ocrx_word' id='word_1_121' title='bbox 936 1237 1161 1291; x_wconf 82' lang='lat' dir='ltr'><strong>ambulat3</strong></span> <span class='ocrx_word' id='word_1_122' title='bbox 1199 1241 1267 1282; x_wconf 84' lang='lat' dir='ltr'><strong>est</strong></span> <span class='ocrx_word' id='word_1_123' title='bbox 1297 1239 1374 1296; x_wconf 91' lang='lat' dir='ltr'><strong>qui</strong></span> 
     </span>
     <span class='ocr_line' id='line_1_16' title="bbox 97 1295 1400 1355; baseline 0.002 -15"><span class='ocrx_word' id='word_1_124' title='bbox 97 1318 136 1354; x_wconf 81' lang='lat'><strong>¹⁵</strong></span> <span class='ocrx_word' id='word_1_125' title='bbox 268 1297 434 1355; x_wconf 87' lang='lat' dir='ltr'><strong>inguen</strong></span> <span class='ocrx_word' id='word_1_126' title='bbox 463 1296 520 1340; x_wconf 90' lang='lat' dir='ltr'><strong>ad</strong></span> <span class='ocrx_word' id='word_1_127' title='bbox 549 1297 784 1340; x_wconf 89' lang='lat' dir='ltr'><strong>obscenum</strong></span> <span class='ocrx_word' id='word_1_128' title='bbox 815 1295 1016 1339; x_wconf 88' lang='lat' dir='ltr'><strong>demissis</strong></span> <span class='ocrx_word' id='word_1_129' title='bbox 1046 1310 1185 1353; x_wconf 87' lang='lat' dir='ltr'><strong>usque</strong></span> <span class='ocrx_word' id='word_1_130' title='bbox 1215 1296 1400 1342; x_wconf 79' lang='lat' dir='ltr'><strong>facetus.</strong></span> 
     </span>
    </p>
   </div>
   <div class='ocr_carea' id='block_1_4' title="bbox 99 1388 1666 2072">
    <p class='ocr_par' dir='ltr' id='par_1_4' title="bbox 99 1388 1666 2072">
     <span class='ocr_line' id='line_1_17' title="bbox 154 1388 1666 1440; baseline 0.002 -7"><span class='ocrx_word' id='word_1_131' title='bbox 154 1389 283 1433; x_wconf 87' lang='lat' dir='ltr'><strong>Alter</strong></span> <span class='ocrx_word' id='word_1_132' title='bbox 308 1389 412 1433; x_wconf 88' lang='lat' dir='ltr'><strong>solis</strong></span> <span class='ocrx_word' id='word_1_133' title='bbox 438 1388 565 1432; x_wconf 91' lang='lat' dir='ltr'><strong>lineis</strong></span> <span class='ocrx_word' id='word_1_134' title='bbox 592 1389 774 1432; x_wconf 90' lang='lat' dir='ltr'><strong>brumae</strong></span> <span class='ocrx_word' id='word_1_135' title='bbox 801 1389 1005 1432; x_wconf 84' lang='lat' dir='ltr'><strong>horrores</strong></span> <span class='ocrx_word' id='word_1_136' title='bbox 1033 1388 1231 1432; x_wconf 88' lang='lat' dir='ltr'><strong>excludit</strong></span> <span class='ocrx_word' id='word_1_137' title='bbox 1258 1392 1314 1440; x_wconf 93' lang='lat' dir='ltr'><strong>et,</strong></span> <span class='ocrx_word' id='word_1_138' title='bbox 1335 1389 1442 1433; x_wconf 90' lang='lat' dir='ltr'><strong>dum</strong></span> <span class='ocrx_word' id='word_1_139' title='bbox 1469 1390 1619 1434; x_wconf 92' lang='lat' dir='ltr'><strong>omnia</strong></span> <span class='ocrx_word' id='word_1_140' title='bbox 1637 1398 1666 1437; x_wconf 91' lang='lat' dir='ltr'>b</span> 
     </span>
     <span class='ocr_line' id='line_1_18' title="bbox 153 1458 1621 1518; baseline 0.001 -16"><span class='ocrx_word' id='word_1_141' title='bbox 153 1458 258 1518; x_wconf 86' lang='lat' dir='ltr'><strong>gelu</strong></span> <span class='ocrx_word' id='word_1_142' title='bbox 294 1458 532 1503; x_wconf 88' lang='lat' dir='ltr'><strong>constricta</strong></span> <span class='ocrx_word' id='word_1_143' title='bbox 573 1458 731 1516; x_wconf 86' lang='lat' dir='ltr'><strong>rigent,</strong></span> <span class='ocrx_word' id='word_1_144' title='bbox 771 1458 898 1502; x_wconf 90' lang='lat' dir='ltr'><strong>tenui</strong></span> <span class='ocrx_word' id='word_1_145' title='bbox 939 1458 1072 1502; x_wconf 82' lang='lat' dir='ltr'><strong>sudat</strong></span> <span class='ocrx_word' id='word_1_146' title='bbox 1111 1458 1159 1500; x_wconf 89' lang='lat' dir='ltr'><strong>in</strong></span> <span class='ocrx_word' id='word_1_147' title='bbox 1198 1459 1374 1510; x_wconf 86' lang='lat' dir='ltr'><strong>ciclade,</strong></span> <span class='ocrx_word' id='word_1_148' title='bbox 1406 1464 1451 1504; x_wconf 89' lang='lat' dir='ltr'><strong>et</strong></span> <span class='ocrx_word' id='word_1_149' title='bbox 1499 1460 1621 1504; x_wconf 88' lang='lat' dir='ltr'><strong>illius</strong></span> 
     </span>
     <span class='ocr_line' id='line_1_19' title="bbox 155 1527 1621 1586; baseline 0.002 -15"><span class='ocrx_word' id='word_1_150' title='bbox 155 1527 332 1572; x_wconf 83' lang='lat' dir='ltr'><strong>delicias</strong></span> <span class='ocrx_word' id='word_1_151' title='bbox 362 1527 496 1570; x_wconf 92' lang='lat' dir='ltr'><strong>etiam</strong></span> <span class='ocrx_word' id='word_1_152' title='bbox 526 1527 802 1571; x_wconf 91' lang='lat' dir='ltr'><strong>bombicinus</strong></span> <span class='ocrx_word' id='word_1_153' title='bbox 831 1528 925 1570; x_wconf 85' lang='lat' dir='ltr'><strong>urit</strong></span> <span class='ocrx_word' id='word_1_154' title='bbox 959 1542 1134 1585; x_wconf 85' lang='lat' dir='ltr'><strong>pannus</strong></span> <span class='ocrx_word' id='word_1_155' title='bbox 1165 1531 1246 1571; x_wconf 85' lang='lat' dir='ltr'><strong>aut</strong></span> <span class='ocrx_word' id='word_1_156' title='bbox 1278 1529 1451 1586; x_wconf 89' lang='lat' dir='ltr'><strong>premit.</strong></span> <span class='ocrx_word' id='word_1_157' title='bbox 1523 1529 1621 1580; x_wconf 91' lang='lat' dir='ltr'><strong>Hic,</strong></span> 
     </span>
     <span class='ocr_line' id='line_1_20' title="bbox 155 1596 1622 1656; baseline 0 -14"><span class='ocrx_word' id='word_1_158' title='bbox 155 1610 262 1655; x_wconf 86' lang='lat' dir='ltr'><strong>cepa</strong></span> <span class='ocrx_word' id='word_1_159' title='bbox 305 1596 557 1647; x_wconf 88' lang='lat' dir='ltr'><strong>tunicatior,</strong></span> <span class='ocrx_word' id='word_1_160' title='bbox 592 1596 803 1640; x_wconf 89' lang='lat' dir='ltr'><strong>densatus</strong></span> <span class='ocrx_word' id='word_1_161' title='bbox 846 1597 1048 1654; x_wconf 88' lang='lat' dir='ltr'><strong>pellibus,</strong></span> <span class='ocrx_word' id='word_1_162' title='bbox 1078 1600 1124 1640; x_wconf 90' lang='lat' dir='ltr'><strong>et</strong></span> <span class='ocrx_word' id='word_1_163' title='bbox 1173 1597 1395 1656; x_wconf 88' lang='lat' dir='ltr'><strong>epytogiis</strong></span> <span class='ocrx_word' id='word_1_164' title='bbox 1444 1598 1622 1642; x_wconf 89' lang='lat' dir='ltr'><strong>clamidi</strong></span> 
     </span>
     <span class='ocr_line' id='line_1_21' title="bbox 99 1660 1622 1724; baseline 0.002 -16"><span class='ocrx_word' id='word_1_165' title='bbox 99 1660 141 1713; x_wconf 60' lang='grc' dir='ltr'><strong>’,ο</strong></span> <span class='ocrx_word' id='word_1_166' title='bbox 156 1665 363 1724; x_wconf 85' lang='lat' dir='ltr'><strong>penulam</strong></span> <span class='ocrx_word' id='word_1_167' title='bbox 383 1665 638 1723; x_wconf 86' lang='lat' dir='ltr'><strong>superducit</strong></span> <span class='ocrx_word' id='word_1_168' title='bbox 658 1668 704 1709; x_wconf 91' lang='lat' dir='ltr'><strong>et</strong></span> <span class='ocrx_word' id='word_1_169' title='bbox 724 1666 849 1723; x_wconf 87' lang='lat' dir='ltr'><strong>quasi</strong></span> <span class='ocrx_word' id='word_1_170' title='bbox 870 1666 1160 1723; x_wconf 87' lang='lat' dir='ltr'><strong>conglobatus</strong></span> <span class='ocrx_word' id='word_1_171' title='bbox 1181 1666 1228 1708; x_wconf 91' lang='lat' dir='ltr'><strong>in</strong></span> <span class='ocrx_word' id='word_1_172' title='bbox 1258 1667 1406 1710; x_wconf 90' lang='lat' dir='ltr'><strong>orbem</strong></span> <span class='ocrx_word' id='word_1_173' title='bbox 1435 1668 1622 1711; x_wconf 88' lang='lat' dir='ltr'><strong>rotulari</strong></span> 
     </span>
     <span class='ocr_line' id='line_1_22' title="bbox 157 1734 1622 1794; baseline 0.001 -16"><span class='ocrx_word' id='word_1_174' title='bbox 157 1749 290 1793; x_wconf 88' lang='lat' dir='ltr'><strong>quam</strong></span> <span class='ocrx_word' id='word_1_175' title='bbox 309 1735 507 1778; x_wconf 88' lang='lat' dir='ltr'><strong>incedere</strong></span> <span class='ocrx_word' id='word_1_176' title='bbox 526 1735 669 1792; x_wconf 88' lang='lat' dir='ltr'><strong>magis</strong></span> <span class='ocrx_word' id='word_1_177' title='bbox 688 1734 873 1778; x_wconf 90' lang='lat' dir='ltr'><strong>idoneus</strong></span> <span class='ocrx_word' id='word_1_178' title='bbox 894 1739 971 1778; x_wconf 87' lang='lat' dir='ltr'><strong>est.</strong></span> <span class='ocrx_word' id='word_1_179' title='bbox 1032 1735 1116 1778; x_wconf 92' lang='lat' dir='ltr'><strong>Ille</strong></span> <span class='ocrx_word' id='word_1_180' title='bbox 1136 1750 1254 1779; x_wconf 90' lang='lat' dir='ltr'><strong>nunc</strong></span> <span class='ocrx_word' id='word_1_181' title='bbox 1274 1736 1421 1779; x_wconf 89' lang='lat' dir='ltr'><strong>utitur</strong></span> <span class='ocrx_word' id='word_1_182' title='bbox 1447 1738 1622 1794; x_wconf 84' lang='lat' dir='ltr'><strong>penula,</strong></span> 
     </span>
     <span class='ocr_line' id='line_1_23' title="bbox 156 1799 1622 1862; baseline 0.001 -14"><span class='ocrx_word' id='word_1_183' title='bbox 156 1799 273 1848; x_wconf 89' lang='lat' dir='ltr'><strong>nunc</strong></span> <span class='ocrx_word' id='word_1_184' title='bbox 291 1804 549 1862; x_wconf 81' lang='lat' dir='ltr'><strong>campestri3</strong></span> <span class='ocrx_word' id='word_1_185' title='bbox 578 1804 625 1847; x_wconf 86' lang='lat' dir='ltr'><strong>id</strong></span> <span class='ocrx_word' id='word_1_186' title='bbox 645 1804 787 1847; x_wconf 92' lang='lat' dir='ltr'><strong>solum</strong></span> <span class='ocrx_word' id='word_1_187' title='bbox 807 1819 943 1862; x_wconf 88' lang='lat' dir='ltr'><strong>agens</strong></span> <span class='ocrx_word' id='word_1_188' title='bbox 963 1807 1016 1848; x_wconf 90' lang='lat' dir='ltr'><strong>ut</strong></span> <span class='ocrx_word' id='word_1_189' title='bbox 1035 1804 1136 1848; x_wconf 89' lang='lat' dir='ltr'><strong>aliis</strong></span> <span class='ocrx_word' id='word_1_190' title='bbox 1150 1804 1377 1848; x_wconf 87' lang='lat' dir='ltr'><strong>dissimilis</strong></span> <span class='ocrx_word' id='word_1_191' title='bbox 1392 1806 1622 1851; x_wconf 85' lang='lat' dir='ltr'><strong>habeatur.</strong></span> 
     </span>
     <span class='ocr_line' id='line_1_24' title="bbox 157 1873 1624 1931; baseline 0.001 -13"><span class='ocrx_word' id='word_1_192' title='bbox 157 1873 241 1918; x_wconf 91' lang='lat' dir='ltr'><strong>Ille</strong></span> <span class='ocrx_word' id='word_1_193' title='bbox 270 1876 420 1918; x_wconf 73' lang='lat' dir='ltr'><strong>tantas</strong></span> <span class='ocrx_word' id='word_1_194' title='bbox 455 1873 664 1931; x_wconf 87' lang='lat' dir='ltr'><strong>exquisiti</strong></span> <span class='ocrx_word' id='word_1_195' title='bbox 699 1877 883 1918; x_wconf 88' lang='lat' dir='ltr'><strong>ornatus</strong></span> <span class='ocrx_word' id='word_1_196' title='bbox 915 1875 1095 1918; x_wconf 86' lang='lat' dir='ltr'><strong>affectat</strong></span> <span class='ocrx_word' id='word_1_197' title='bbox 1124 1875 1368 1918; x_wconf 89' lang='lat' dir='ltr'><strong>munditias</strong></span> <span class='ocrx_word' id='word_1_198' title='bbox 1399 1878 1452 1919; x_wconf 94' lang='lat' dir='ltr'><strong>ut</strong></span> <span class='ocrx_word' id='word_1_199' title='bbox 1486 1876 1624 1920; x_wconf 90' lang='lat' dir='ltr'><strong>nimio</strong></span> 
     </span>
     <span class='ocr_line' id='line_1_25' title="bbox 159 1942 1624 2001; baseline 0.003 -16"><span class='ocrx_word' id='word_1_200' title='bbox 159 1942 387 2001; x_wconf 89' lang='lat' dir='ltr'><strong>splendore</strong></span> <span class='ocrx_word' id='word_1_201' title='bbox 434 1942 580 1987; x_wconf 90' lang='lat' dir='ltr'><strong>cultus</strong></span> <span class='ocrx_word' id='word_1_202' title='bbox 628 1943 799 2001; x_wconf 91' lang='lat' dir='ltr'><strong>operosi</strong></span> <span class='ocrx_word' id='word_1_203' title='bbox 850 1943 906 1986; x_wconf 87' lang='lat' dir='ltr'><strong>ad</strong></span> <span class='ocrx_word' id='word_1_204' title='bbox 956 1944 1105 1987; x_wconf 88' lang='lat' dir='ltr'><strong>sordes</strong></span> <span class='ocrx_word' id='word_1_205' title='bbox 1153 1944 1363 1987; x_wconf 88' lang='lat' dir='ltr'><strong>uideatur</strong></span> <span class='ocrx_word' id='word_1_206' title='bbox 1409 1946 1624 1990; x_wconf 87' lang='lat' dir='ltr'><strong>accedere.</strong></span> 
     </span>
     <span class='ocr_line' id='line_1_26' title="bbox 101 2011 1625 2072; baseline 0.001 -14"><span class='ocrx_word' id='word_1_207' title='bbox 101 2031 144 2067; x_wconf 67' lang='grc' dir='ltr'><strong>η</strong></span> <span class='ocrx_word' id='word_1_208' title='bbox 162 2011 380 2068; x_wconf 82' lang='lat' dir='ltr'><strong>Quicquid</strong></span> <span class='ocrx_word' id='word_1_209' title='bbox 400 2012 517 2054; x_wconf 88' lang='lat' dir='ltr'><strong>enim</strong></span> <span class='ocrx_word' id='word_1_210' title='bbox 543 2011 724 2056; x_wconf 88' lang='lat' dir='ltr'><strong>dedecet</strong></span> <span class='ocrx_word' id='word_1_211' title='bbox 750 2015 796 2056; x_wconf 90' lang='lat' dir='ltr'><strong>et</strong></span> <span class='ocrx_word' id='word_1_212' title='bbox 824 2013 1146 2070; x_wconf 90' lang='lat' dir='ltr'><strong>quodammodo</strong></span> <span class='ocrx_word' id='word_1_213' title='bbox 1175 2013 1337 2070; x_wconf 88' lang='lat' dir='ltr'><strong>polluit</strong></span> <span class='ocrx_word' id='word_1_214' title='bbox 1367 2018 1447 2057; x_wconf 89' lang='lat' dir='ltr'><strong>aut</strong></span> <span class='ocrx_word' id='word_1_215' title='bbox 1475 2015 1625 2072; x_wconf 88' lang='lat' dir='ltr'><strong>potius</strong></span> 
     </span>
    </p>
   </div>
   <div class='ocr_carea' id='block_1_5' title="bbox 161 2106 1629 2472">
    <p class='ocr_par' dir='ltr' id='par_1_5' title="bbox 161 2106 1627 2250">
     <span class='ocr_line' id='line_1_27' title="bbox 164 2106 1625 2159; baseline 0.003 -14"><span class='ocrx_word' id='word_1_216' title='bbox 164 2117 180 2145; x_wconf 85' lang='lat'>1</span> <span class='ocrx_word' id='word_1_217' title='bbox 208 2106 440 2155; x_wconf 79' lang='lat' dir='ltr'><strong>hystrionem</strong></span> <span class='ocrx_word' id='word_1_218' title='bbox 458 2108 499 2144; x_wconf 84' lang='lat' dir='ltr'>M</span> <span class='ocrx_word' id='word_1_219' title='bbox 644 2118 666 2155; x_wconf 84' lang='grc'><strong><em>3</em></strong></span> <span class='ocrx_word' id='word_1_220' title='bbox 691 2108 928 2156; x_wconf 85' lang='lat' dir='ltr'><strong>hystrionem</strong></span> <span class='ocrx_word' id='word_1_221' title='bbox 946 2109 986 2146; x_wconf 83' lang='lat' dir='ltr'><strong>M</strong></span> <span class='ocrx_word' id='word_1_222' title='bbox 1142 2119 1160 2157; x_wconf 81' lang='grc'><strong>5</strong></span> <span class='ocrx_word' id='word_1_223' title='bbox 1187 2110 1419 2158; x_wconf 74' lang='lat' dir='ltr'><strong>incopositos</strong></span> <span class='ocrx_word' id='word_1_224' title='bbox 1435 2111 1460 2148; x_wconf 85' lang='lat' dir='ltr'>S</span> <span class='ocrx_word' id='word_1_225' title='bbox 1603 2123 1625 2159; x_wconf 89' lang='lat'><strong><em>7</em></strong></span> 
     </span>
     <span class='ocr_line' id='line_1_28' title="bbox 161 2154 1627 2208; baseline 0.005 -17"><span class='ocrx_word' id='word_1_226' title='bbox 161 2154 298 2192; x_wconf 86' lang='lat' dir='ltr'><strong>maiori</strong></span> <span class='ocrx_word' id='word_1_227' title='bbox 314 2155 423 2192; x_wconf 85' lang='lat' dir='ltr'><strong>laude</strong></span> <span class='ocrx_word' id='word_1_228' title='bbox 437 2154 472 2191; x_wconf 88' lang='lat' dir='ltr'>A</span> <span class='ocrx_word' id='word_1_229' title='bbox 633 2166 656 2202; x_wconf 93' lang='lat'><strong>9</strong></span> <span class='ocrx_word' id='word_1_230' title='bbox 681 2156 896 2194; x_wconf 87' lang='lat' dir='ltr'><strong>occulorum</strong></span> <span class='ocrx_word' id='word_1_231' title='bbox 912 2157 959 2193; x_wconf 80' lang='grc' dir='ltr'><strong>Αι</strong></span> <span class='ocrx_word' id='word_1_232' title='bbox 1126 2167 1166 2205; x_wconf 82' lang='grc'><strong>15</strong></span> <span class='ocrx_word' id='word_1_233' title='bbox 1193 2159 1356 2196; x_wconf 81' lang='lat' dir='ltr'><strong>fascetus</strong></span> <span class='ocrx_word' id='word_1_234' title='bbox 1373 2160 1406 2195; x_wconf 89' lang='lat' dir='ltr'>A</span> <span class='ocrx_word' id='word_1_235' title='bbox 1581 2170 1627 2208; x_wconf 87' lang='lat'><strong>19</strong></span> 
     </span>
     <span class='ocr_line' id='line_1_29' title="bbox 163 2201 855 2250; baseline 0.001 -11"><span class='ocrx_word' id='word_1_236' title='bbox 163 2201 338 2249; x_wconf 82' lang='lat' dir='ltr'><strong>epitogiis</strong></span> <span class='ocrx_word' id='word_1_237' title='bbox 354 2202 427 2237; x_wconf 83' lang='grc' dir='ltr'><strong>ΒΜ</strong></span> <span class='ocrx_word' id='word_1_238' title='bbox 569 2213 610 2239; x_wconf 87' lang='lat'><strong>21</strong></span> <span class='ocrx_word' id='word_1_239' title='bbox 637 2204 808 2250; x_wconf 78' lang='lat' dir='ltr'><strong>ydoneus</strong></span> <span class='ocrx_word' id='word_1_240' title='bbox 825 2204 855 2240; x_wconf 94' lang='lat' dir='ltr'>B</span> 
     </span>
    </p>

    <p class='ocr_par' dir='ltr' id='par_1_6' title="bbox 163 2277 1629 2472">
     <span class='ocr_line' id='line_1_30' title="bbox 213 2277 1626 2329; baseline 0.006 -16"><span class='ocrx_word' id='word_1_241' title='bbox 213 2287 234 2324; x_wconf 89' lang='lat'>3</span> <span class='ocrx_word' id='word_1_242' title='bbox 257 2282 376 2322; x_wconf 65' lang='lat' dir='ltr'><strong>aestus</strong></span> <span class='ocrx_word' id='word_1_243' title='bbox 392 2278 486 2314; x_wconf 82' lang='lat' dir='ltr'><strong>etc.:</strong></span> <span class='ocrx_word' id='word_1_244' title='bbox 511 2277 558 2314; x_wconf 88' lang='lat' dir='ltr'><strong>cf.</strong></span> <span class='ocrx_word' id='word_1_245' title='bbox 576 2278 722 2324; x_wconf 86' lang='lat' dir='ltr'><strong>ps.-Oic.</strong></span> <span class='ocrx_word' id='word_1_246' title='bbox 741 2282 790 2315; x_wconf 82' lang='lat' dir='ltr'><strong>ad</strong></span> <span class='ocrx_word' id='word_1_247' title='bbox 806 2281 967 2317; x_wconf 80' lang='lat' dir='ltr'><strong>Herenn.</strong></span> <span class='ocrx_word' id='word_1_248' title='bbox 984 2279 1039 2318; x_wconf 89' lang='lat' dir='ltr'><strong>iii.</strong></span> <span class='ocrx_word' id='word_1_249' title='bbox 1060 2290 1100 2328; x_wconf 81' lang='lat'><strong>¹⁵</strong></span> <span class='ocrx_word' id='word_1_250' title='bbox 1121 2279 1140 2329; x_wconf 68' lang='grc' dir='ltr'><strong>ξ</strong></span> <span class='ocrx_word' id='word_1_251' title='bbox 1159 2282 1216 2318; x_wconf 88' lang='lat'><strong>26.</strong></span> <span class='ocrx_word' id='word_1_252' title='bbox 1332 2292 1356 2327; x_wconf 83' lang='lat'>4</span> <span class='ocrx_word' id='word_1_253' title='bbox 1380 2283 1517 2319; x_wconf 83' lang='lat' dir='ltr'><strong>Fertur</strong></span> <span class='ocrx_word' id='word_1_254' title='bbox 1530 2285 1626 2322; x_wconf 61' lang='lat' dir='ltr'><strong>eta:</strong></span> 
     </span>
     <span class='ocr_line' id='line_1_31' title="bbox 164 2324 1629 2374; baseline 0.005 -14"><span class='ocrx_word' id='word_1_255' title='bbox 164 2336 198 2361; x_wconf 86' lang='lat' dir='ltr'><strong>v.</strong></span> <span class='ocrx_word' id='word_1_256' title='bbox 229 2324 298 2360; x_wconf 78' lang='lat' dir='ltr'><strong>Vit.</strong></span> <span class='ocrx_word' id='word_1_257' title='bbox 324 2324 474 2361; x_wconf 78' lang='lat' dir='ltr'><strong>Hieron.</strong></span> <span class='ocrx_word' id='word_1_258' title='bbox 493 2324 636 2372; x_wconf 80' lang='lat' dir='ltr'><strong>(Migne</strong></span> <span class='ocrx_word' id='word_1_259' title='bbox 661 2328 701 2362; x_wconf 90' lang='lat' dir='ltr'><strong>P.</strong></span> <span class='ocrx_word' id='word_1_260' title='bbox 722 2328 764 2363; x_wconf 89' lang='lat' dir='ltr'><strong>L.</strong></span> <span class='ocrx_word' id='word_1_261' title='bbox 789 2327 882 2365; x_wconf 79' lang='lat' dir='ltr'><strong>xxii.</strong></span> <span class='ocrx_word' id='word_1_262' title='bbox 904 2327 996 2374; x_wconf 86' lang='lat'><strong>192).</strong></span> <span class='ocrx_word' id='word_1_263' title='bbox 1145 2338 1187 2374; x_wconf 82' lang='lat'><strong>14</strong></span> <span class='ocrx_word' id='word_1_264' title='bbox 1210 2330 1393 2366; x_wconf 75' lang='lat' dir='ltr'><strong>Maltinus</strong></span> <span class='ocrx_word' id='word_1_265' title='bbox 1416 2333 1512 2367; x_wconf 87' lang='lat' dir='ltr'><strong>etc.:</strong></span> <span class='ocrx_word' id='word_1_266' title='bbox 1539 2331 1629 2368; x_wconf 89' lang='lat' dir='ltr'><strong>Hor.</strong></span> 
     </span>
     <span class='ocr_line' id='line_1_32' title="bbox 163 2370 1626 2420; baseline 0.004 -12"><span class='ocrx_word' id='word_1_267' title='bbox 163 2372 240 2408; x_wconf 78' lang='lat' dir='ltr'><strong>Sat.</strong></span> <span class='ocrx_word' id='word_1_268' title='bbox 257 2370 282 2406; x_wconf 89' lang='lat' dir='ltr'><strong>i.</strong></span> <span class='ocrx_word' id='word_1_269' title='bbox 300 2381 335 2408; x_wconf 89' lang='lat'><strong>2.</strong></span> <span class='ocrx_word' id='word_1_270' title='bbox 353 2380 411 2418; x_wconf 84' lang='grc'><strong>25,</strong></span> <span class='ocrx_word' id='word_1_271' title='bbox 429 2372 485 2408; x_wconf 87' lang='lat'><strong>26.</strong></span> <span class='ocrx_word' id='word_1_272' title='bbox 577 2382 617 2420; x_wconf 81' lang='grc'><strong>15</strong></span> <span class='ocrx_word' id='word_1_273' title='bbox 635 2375 818 2410; x_wconf 67' lang='lat' dir='ltr'><strong>demissis:</strong></span> <span class='ocrx_word' id='word_1_274' title='bbox 844 2376 1027 2411; x_wconf 62' lang='lat' dir='ltr'><strong>subductis</strong></span> <span class='ocrx_word' id='word_1_275' title='bbox 1091 2375 1182 2412; x_wconf 90' lang='lat' dir='ltr'><strong>Hor.</strong></span> <span class='ocrx_word' id='word_1_276' title='bbox 1200 2385 1240 2420; x_wconf 89' lang='lat'><strong>17</strong></span> <span class='ocrx_word' id='word_1_277' title='bbox 1259 2379 1359 2412; x_wconf 79' lang='lat' dir='ltr'><strong>tenui</strong></span> <span class='ocrx_word' id='word_1_278' title='bbox 1375 2379 1446 2413; x_wconf 87' lang='lat' dir='ltr'><strong>etc.</strong></span> <span class='ocrx_word' id='word_1_279' title='bbox 1462 2389 1471 2414; x_wconf 90' lang='lat'>:</span> <span class='ocrx_word' id='word_1_280' title='bbox 1498 2390 1531 2414; x_wconf 80' lang='lat' dir='ltr'><strong>v.</strong></span> <span class='ocrx_word' id='word_1_281' title='bbox 1549 2379 1626 2414; x_wconf 88' lang='lat' dir='ltr'><strong>Iuv.</strong></span> 
     </span>
     <span class='ocr_line' id='line_1_33' title="bbox 168 2417 1628 2472; baseline 0.005 -17"><span class='ocrx_word' id='word_1_282' title='bbox 168 2420 244 2456; x_wconf 80' lang='lat' dir='ltr'><strong>Sat.</strong></span> <span class='ocrx_word' id='word_1_283' title='bbox 273 2417 322 2454; x_wconf 86' lang='lat' dir='ltr'><strong>vi.</strong></span> <span class='ocrx_word' id='word_1_284' title='bbox 351 2427 430 2465; x_wconf 84' lang='grc'><strong>259,</strong></span> <span class='ocrx_word' id='word_1_285' title='bbox 462 2419 542 2456; x_wconf 87' lang='lat'><strong>260.</strong></span> <span class='ocrx_word' id='word_1_286' title='bbox 698 2431 742 2467; x_wconf 89' lang='lat'><strong>19</strong></span> <span class='ocrx_word' id='word_1_287' title='bbox 774 2434 859 2468; x_wconf 79' lang='lat' dir='ltr'><strong>cepa</strong></span> <span class='ocrx_word' id='word_1_288' title='bbox 887 2425 1101 2459; x_wconf 71' lang='lat' dir='ltr'><strong>tunicatior:</strong></span> <span class='ocrx_word' id='word_1_289' title='bbox 1127 2435 1159 2460; x_wconf 86' lang='lat' dir='ltr'><strong>v.</strong></span> <span class='ocrx_word' id='word_1_290' title='bbox 1189 2423 1288 2460; x_wconf 85' lang='lat' dir='ltr'><strong>Pers.</strong></span> <span class='ocrx_word' id='word_1_291' title='bbox 1317 2425 1392 2460; x_wconf 84' lang='lat' dir='ltr'><strong>Sat.</strong></span> <span class='ocrx_word' id='word_1_292' title='bbox 1417 2424 1463 2461; x_wconf 77' lang='lat' dir='ltr'><strong>iv.</strong></span> <span class='ocrx_word' id='word_1_293' title='bbox 1489 2436 1546 2471; x_wconf 90' lang='lat'><strong>30,</strong></span> <span class='ocrx_word' id='word_1_294' title='bbox 1571 2437 1628 2472; x_wconf 89' lang='lat'><strong>31.</strong></span> 
     </span>
    </p>
   </div>
   <div class='ocr_carea' id='block_1_6' title="bbox 168 2465 1630 2802">
    <p class='ocr_par' dir='ltr' id='par_1_7' title="bbox 168 2465 1629 2690">
     <span class='ocr_line' id='line_1_34' title="bbox 212 2465 1627 2518; baseline 0.007 -19"><span class='ocrx_word' id='word_1_295' title='bbox 212 2466 341 2511; x_wconf 73' lang='lat' dir='ltr'><strong>ytoyiis</strong></span> <span class='ocrx_word' id='word_1_296' title='bbox 357 2478 365 2501; x_wconf 89' lang='lat'>:</span> <span class='ocrx_word' id='word_1_297' title='bbox 391 2465 474 2502; x_wconf 88' lang='lat' dir='ltr'><strong>Hoc</strong></span> <span class='ocrx_word' id='word_1_298' title='bbox 486 2466 708 2504; x_wconf 87' lang='lat' dir='ltr'><strong>vocabulum</strong></span> <span class='ocrx_word' id='word_1_299' title='bbox 721 2479 797 2504; x_wconf 88' lang='lat' dir='ltr'><strong>non</strong></span> <span class='ocrx_word' id='word_1_300' title='bbox 811 2469 974 2516; x_wconf 82' lang='lat' dir='ltr'><strong>reperies</strong></span> <span class='ocrx_word' id='word_1_301' title='bbox 991 2470 1094 2517; x_wconf 89' lang='lat' dir='ltr'><strong>apud</strong></span> <span class='ocrx_word' id='word_1_302' title='bbox 1110 2474 1283 2507; x_wconf 83' lang='lat' dir='ltr'><strong>auctores</strong></span> <span class='ocrx_word' id='word_1_303' title='bbox 1299 2471 1476 2518; x_wconf 82' lang='lat' dir='ltr'><strong>antiquos</strong></span> <span class='ocrx_word' id='word_1_304' title='bbox 1495 2485 1569 2509; x_wconf 80' lang='lat' dir='ltr'><strong>nisi</strong></span> <span class='ocrx_word' id='word_1_305' title='bbox 1586 2473 1627 2510; x_wconf 88' lang='lat' dir='ltr'><strong>in</strong></span> 
     </span>
     <span class='ocr_line' id='line_1_35' title="bbox 169 2477 1629 2565; baseline 0.008 -19"><span class='ocrx_word' id='word_1_306' title='bbox 169 2477 330 2556; x_wconf 53' lang='lat' dir='ltr'><strong>gistum.</strong></span> <span class='ocrx_word' id='word_1_307' title='bbox 354 2513 444 2548; x_wconf 74' lang='lat' dir='ltr'><strong>Inet.</strong></span> <span class='ocrx_word' id='word_1_308' title='bbox 468 2513 527 2550; x_wconf 85' lang='lat' dir='ltr'><strong>Or.</strong></span> <span class='ocrx_word' id='word_1_309' title='bbox 543 2512 570 2550; x_wconf 89' lang='lat' dir='ltr'><strong>i.</strong></span> <span class='ocrx_word' id='word_1_310' title='bbox 589 2523 607 2560; x_wconf 87' lang='grc'><strong><em>5</em></strong></span> <span class='ocrx_word' id='word_1_311' title='bbox 627 2513 646 2562; x_wconf 65' lang='grc' dir='ltr'><strong>ξ</strong></span> <span class='ocrx_word' id='word_1_312' title='bbox 665 2516 720 2558; x_wconf 89' lang='grc'><strong>68,</strong></span> <span class='ocrx_word' id='word_1_313' title='bbox 739 2515 844 2553; x_wconf 88' lang='lat' dir='ltr'><strong>inter</strong></span> <span class='ocrx_word' id='word_1_314' title='bbox 864 2517 978 2554; x_wconf 84' lang='lat' dir='ltr'><strong>verba</strong></span> <span class='ocrx_word' id='word_1_315' title='bbox 1001 2529 1047 2554; x_wconf 84' lang='lat' dir='ltr'><strong>ex</strong></span> <span class='ocrx_word' id='word_1_316' title='bbox 1073 2518 1275 2565; x_wconf 81' lang='lat' dir='ltr'><strong>peregrino</strong></span> <span class='ocrx_word' id='word_1_317' title='bbox 1301 2521 1339 2556; x_wconf 86' lang='lat' dir='ltr'><strong>et</strong></span> <span class='ocrx_word' id='word_1_318' title='bbox 1365 2519 1500 2556; x_wconf 67' lang='lat' dir='ltr'><strong>Iatino</strong></span> <span class='ocrx_word' id='word_1_319' title='bbox 1526 2532 1629 2557; x_wconf 90' lang='lat' dir='ltr'><strong>com·</strong></span> 
     </span>
     <span class='ocr_line' id='line_1_36' title="bbox 168 2559 1628 2607; baseline 0.008 -12"><span class='ocrx_word' id='word_1_320' title='bbox 168 2559 292 2606; x_wconf 90' lang='lat' dir='ltr'><strong>posita</strong></span> <span class='ocrx_word' id='word_1_321' title='bbox 317 2559 539 2596; x_wconf 83' lang='lat' dir='ltr'><strong>adhibitum.</strong></span> <span class='ocrx_word' id='word_1_322' title='bbox 727 2572 773 2599; x_wconf 91' lang='grc' dir='ltr'><strong>2ο</strong></span> <span class='ocrx_word' id='word_1_323' title='bbox 796 2565 975 2600; x_wconf 78' lang='lat' dir='ltr'><strong>rotulari:</strong></span> <span class='ocrx_word' id='word_1_324' title='bbox 1004 2563 1131 2601; x_wconf 86' lang='lat' dir='ltr'><strong>Etiam</strong></span> <span class='ocrx_word' id='word_1_325' title='bbox 1156 2566 1227 2602; x_wconf 93' lang='lat' dir='ltr'><strong>hoc</strong></span> <span class='ocrx_word' id='word_1_326' title='bbox 1255 2566 1478 2603; x_wconf 85' lang='lat' dir='ltr'><strong>vocabulum</strong></span> <span class='ocrx_word' id='word_1_327' title='bbox 1511 2569 1628 2607; x_wconf 81' lang='lat' dir='ltr'><strong>(unde</strong></span> 
     </span>
     <span class='ocr_line' id='line_1_37' title="bbox 168 2605 1629 2690; baseline 0.008 -49"><span class='ocrx_word' id='word_1_328' title='bbox 168 2605 340 2690; x_wconf 54' lang='lat' dir='ltr'><strong>{revenit</strong></span> <span class='ocrx_word' id='word_1_329' title='bbox 369 2605 466 2642; x_wconf 85' lang='lat' dir='ltr'><strong>Gall.</strong></span> <span class='ocrx_word' id='word_1_330' title='bbox 495 2607 627 2653; x_wconf 78' lang='lat' dir='ltr'><strong>muter)</strong></span> <span class='ocrx_word' id='word_1_331' title='bbox 656 2610 758 2656; x_wconf 87' lang='lat' dir='ltr'><strong>apud</strong></span> <span class='ocrx_word' id='word_1_332' title='bbox 785 2612 958 2648; x_wconf 84' lang='lat' dir='ltr'><strong>auctores</strong></span> <span class='ocrx_word' id='word_1_333' title='bbox 982 2612 1160 2658; x_wconf 84' lang='lat' dir='ltr'><strong>antiquos</strong></span> <span class='ocrx_word' id='word_1_334' title='bbox 1186 2625 1278 2659; x_wconf 90' lang='lat' dir='ltr'><strong>quos</strong></span> <span class='ocrx_word' id='word_1_335' title='bbox 1302 2614 1415 2651; x_wconf 89' lang='lat' dir='ltr'><strong>hodie</strong></span> <span class='ocrx_word' id='word_1_336' title='bbox 1445 2614 1629 2652; x_wconf 88' lang='lat' dir='ltr'><strong>habemus</strong></span> 
     </span>
    </p>

    <p class='ocr_par' dir='ltr' id='par_1_8' title="bbox 169 2654 1630 2802">
     <span class='ocr_line' id='line_1_38' title="bbox 195 2654 1628 2707; baseline 0.006 -17"><span class='ocrx_word' id='word_1_337' title='bbox 195 2655 295 2696; x_wconf 84' lang='lat' dir='ltr'><strong>eest;</strong></span> <span class='ocrx_word' id='word_1_338' title='bbox 319 2663 387 2690; x_wconf 89' lang='lat' dir='ltr'><strong>nec</strong></span> <span class='ocrx_word' id='word_1_339' title='bbox 403 2654 533 2690; x_wconf 81' lang='lat' dir='ltr'><strong>tamen</strong></span> <span class='ocrx_word' id='word_1_340' title='bbox 550 2654 679 2692; x_wconf 84' lang='lat' dir='ltr'><strong>dubito</strong></span> <span class='ocrx_word' id='word_1_341' title='bbox 697 2656 789 2702; x_wconf 85' lang='lat' dir='ltr'><strong>quin</strong></span> <span class='ocrx_word' id='word_1_342' title='bbox 804 2659 934 2695; x_wconf 82' lang='lat' dir='ltr'><strong>omnia</strong></span> <span class='ocrx_word' id='word_1_343' title='bbox 954 2659 1047 2696; x_wconf 86' lang='lat' dir='ltr'><strong>haec</strong></span> <span class='ocrx_word' id='word_1_344' title='bbox 1073 2671 1120 2696; x_wconf 87' lang='lat' dir='ltr'><strong>ex</strong></span> <span class='ocrx_word' id='word_1_345' title='bbox 1137 2660 1265 2697; x_wconf 89' lang='lat' dir='ltr'><strong>nescio</strong></span> <span class='ocrx_word' id='word_1_346' title='bbox 1287 2673 1361 2707; x_wconf 91' lang='lat' dir='ltr'><strong>quo</strong></span> <span class='ocrx_word' id='word_1_347' title='bbox 1378 2662 1516 2698; x_wconf 76' lang='lat' dir='ltr'><strong>aetatis</strong></span> <span class='ocrx_word' id='word_1_348' title='bbox 1533 2675 1628 2699; x_wconf 77' lang='lat' dir='ltr'><strong>saec.</strong></span> 
     </span>
     <span class='ocr_line' id='line_1_39' title="bbox 169 2699 1629 2751; baseline 0.007 -15"><span class='ocrx_word' id='word_1_349' title='bbox 169 2701 256 2747; x_wconf 87' lang='lat' dir='ltr'><strong>post</strong></span> <span class='ocrx_word' id='word_1_350' title='bbox 281 2699 365 2737; x_wconf 88' lang='lat' dir='ltr'><strong>Chr.</strong></span> <span class='ocrx_word' id='word_1_351' title='bbox 393 2702 497 2736; x_wconf 86' lang='lat' dir='ltr'><strong>sexto</strong></span> <span class='ocrx_word' id='word_1_352' title='bbox 525 2702 724 2740; x_wconf 83' lang='lat' dir='ltr'><strong>anterioris</strong></span> <span class='ocrx_word' id='word_1_353' title='bbox 752 2704 933 2751; x_wconf 83' lang='lat' dir='ltr'><strong>scriptore</strong></span> <span class='ocrx_word' id='word_1_354' title='bbox 963 2707 1094 2743; x_wconf 88' lang='lat' dir='ltr'><strong>desum</strong></span> <span class='ocrx_word' id='word_1_355' title='bbox 1123 2710 1165 2744; x_wconf 84' lang='lat' dir='ltr'><strong>ta</strong></span> <span class='ocrx_word' id='word_1_356' title='bbox 1189 2707 1277 2744; x_wconf 83' lang='lat' dir='ltr'><strong>sint.</strong></span> <span class='ocrx_word' id='word_1_357' title='bbox 1341 2708 1396 2746; x_wconf 89' lang='lat' dir='ltr'><strong>De</strong></span> <span class='ocrx_word' id='word_1_358' title='bbox 1435 2709 1629 2746; x_wconf 85' lang='lat' dir='ltr'><strong>Macrobio</strong></span> 
     </span>
     <span class='ocr_line' id='line_1_40' title="bbox 169 2746 1630 2802; baseline 0.007 -19"><span class='ocrx_word' id='word_1_359' title='bbox 169 2746 323 2794; x_wconf 87' lang='lat' dir='ltr'><strong>quidem</strong></span> <span class='ocrx_word' id='word_1_360' title='bbox 340 2746 526 2800; x_wconf 76' lang='lat' dir='ltr'><strong>cogitavi;</strong></span> <span class='ocrx_word' id='word_1_361' title='bbox 551 2749 616 2786; x_wconf 84' lang='lat' dir='ltr'><strong>sed</strong></span> <span class='ocrx_word' id='word_1_362' title='bbox 632 2749 696 2787; x_wconf 90' lang='lat' dir='ltr'><strong>ille</strong></span> <span class='ocrx_word' id='word_1_363' title='bbox 718 2763 786 2788; x_wconf 88' lang='lat' dir='ltr'><strong>nec</strong></span> <span class='ocrx_word' id='word_1_364' title='bbox 809 2752 979 2789; x_wconf 85' lang='lat' dir='ltr'><strong>Iuvenali</strong></span> <span class='ocrx_word' id='word_1_365' title='bbox 1004 2766 1073 2790; x_wconf 91' lang='lat' dir='ltr'><strong>nec</strong></span> <span class='ocrx_word' id='word_1_366' title='bbox 1130 2754 1225 2791; x_wconf 81' lang='lat' dir='ltr'><strong>ersio</strong></span> <span class='ocrx_word' id='word_1_367' title='bbox 1248 2754 1415 2792; x_wconf 81' lang='lat' dir='ltr'><strong>inlibris</strong></span> <span class='ocrx_word' id='word_1_368' title='bbox 1433 2757 1499 2802; x_wconf 92' lang='lat' dir='ltr'><strong>qui</strong></span> <span class='ocrx_word' id='word_1_369' title='bbox 1517 2757 1630 2794; x_wconf 87' lang='lat' dir='ltr'><strong>hodie</strong></span> 
     </span>
    </p>
   </div>
   <div class='ocr_carea' id='block_1_7' title="bbox 170 2794 1633 2942">
    <p class='ocr_par' dir='ltr' id='par_1_9' title="bbox 170 2794 1633 2942">
     <span class='ocr_line' id='line_1_41' title="bbox 170 2794 1633 2850; baseline 0.006 -18"><span class='ocrx_word' id='word_1_370' title='bbox 170 2796 322 2832; x_wconf 82' lang='lat' dir='ltr'><strong>exstant</strong></span> <span class='ocrx_word' id='word_1_371' title='bbox 344 2796 403 2830; x_wconf 80' lang='lat' dir='ltr'><strong>uti</strong></span> <span class='ocrx_word' id='word_1_372' title='bbox 427 2794 585 2832; x_wconf 76' lang='lat' dir='ltr'><strong>videtur.</strong></span> <span class='ocrx_word' id='word_1_373' title='bbox 726 2807 782 2843; x_wconf 86' lang='lat'><strong>21,</strong></span> <span class='ocrx_word' id='word_1_374' title='bbox 801 2809 846 2836; x_wconf 87' lang='lat'><strong>22</strong></span> <span class='ocrx_word' id='word_1_375' title='bbox 870 2812 968 2837; x_wconf 82' lang='lat' dir='ltr'><strong>nunc</strong></span> <span class='ocrx_word' id='word_1_376' title='bbox 991 2803 1110 2837; x_wconf 79' lang='lat' dir='ltr'><strong>utitur</strong></span> <span class='ocrx_word' id='word_1_377' title='bbox 1127 2803 1281 2848; x_wconf 76' lang='lat' dir='ltr'><strong>penula,</strong></span> <span class='ocrx_word' id='word_1_378' title='bbox 1298 2815 1397 2839; x_wconf 78' lang='lat' dir='ltr'><strong>nunc</strong></span> <span class='ocrx_word' id='word_1_379' title='bbox 1421 2807 1633 2850; x_wconf 75' lang='lat' dir='ltr'><strong>campestri:</strong></span> 
     </span>
     <span class='ocr_line' id='line_1_42' title="bbox 171 2841 612 2887; baseline 0.002 -8"><span class='ocrx_word' id='word_1_380' title='bbox 171 2841 220 2879; x_wconf 87' lang='lat' dir='ltr'><strong>cf.</strong></span> <span class='ocrx_word' id='word_1_381' title='bbox 239 2841 330 2878; x_wconf 89' lang='lat' dir='ltr'><strong>Hor.</strong></span> <span class='ocrx_word' id='word_1_382' title='bbox 348 2842 420 2887; x_wconf 80' lang='lat' dir='ltr'><strong>Ep.</strong></span> <span class='ocrx_word' id='word_1_383' title='bbox 437 2841 462 2878; x_wconf 90' lang='lat' dir='ltr'><strong>i.</strong></span> <span class='ocrx_word' id='word_1_384' title='bbox 483 2852 536 2879; x_wconf 88' lang='lat'><strong>11.</strong></span> <span class='ocrx_word' id='word_1_385' title='bbox 559 2843 612 2880; x_wconf 90' lang='lat'><strong>18.</strong></span> 
     </span>
     <span class='ocr_line' id='line_1_43' title="bbox 226 2912 927 2942; baseline 0.017 -11"><span class='ocrx_word' id='word_1_386' title='bbox 226 2912 308 2932; x_wconf 66' lang='lat' dir='ltr'><strong>wau</strong></span> <span class='ocrx_word' id='word_1_387' title='bbox 323 2912 344 2932; x_wconf 90' lang='grc' dir='ltr'><strong>ιι</strong></span> <span class='ocrx_word' id='word_1_388' title='bbox 865 2914 887 2942; x_wconf 81' lang='grc'>8</span> <span class='ocrx_word' id='word_1_389' title='bbox 905 2915 927 2942; x_wconf 77' lang='grc' dir='ltr'><strong>Β</strong></span> 
     </span>
    </p>
   </div>
   <div class='ocr_carea' id='block_1_8' title="bbox 1459 2921 1523 2957">
    <p class='ocr_par' dir='ltr' id='par_1_10' title="bbox 1459 2921 1523 2957">
     <span class='ocr_line' id='line_1_44' title="bbox 1459 2921 1523 2957; baseline 0.031 -2"><span class='ocrx_word' id='word_1_390' title='bbox 1459 2921 1523 2957; x_wconf 74' lang='lat'><strong>31³</strong></span> 
     </span>
    </p>
   </div>
  </div>
 </body>
</html>
