1988 3250
179 220 280 254 ou.
298 206 349 270 x]
689 207 1126 254 PoLICRAncvs
1659 222 1739 274 745
1755 211 1787 253 d

179 329 285 386 quia
317 327 478 372 uolunt
515 341 562 371 se
590 327 754 372 amicos
788 327 1047 371 numinibus
1085 328 1295 373 estimari.
1370 329 1420 373 Si
1458 344 1566 374 uero
1599 334 1645 374 et

177 411 313 441 senex
343 411 550 455 praesens
581 399 660 448 est,
691 397 828 440 habes
859 397 1130 440 occasionem
1169 412 1260 454 qua
1297 398 1539 455 plurimum
1579 399 1646 442 illi

177 466 414 519 contulisse
443 465 647 517 uidearis,
677 466 715 508 si
746 479 847 508 eum
876 466 1122 524 interroges
1156 466 1228 509 uel
1267 481 1381 523 quae
1421 467 1479 510 ad
1518 468 1646 511 illum

177 535 356 580 omnino
394 549 483 578 non
522 534 770 592 pertinent;
819 537 888 578 est
926 535 1044 578 enim
1095 535 1198 579 huic
1247 536 1358 578 etati
1402 535 1647 592 loquacitas

141 620 161 657 5
179 603 422 648 familiaris.
483 603 546 647 Vt
574 618 682 647 uero
710 603 768 647 ad
798 607 995 647 scomata
1023 604 1266 654 redeamus,
1293 604 1372 647 illa
1402 619 1516 661 quae
1545 604 1648 662 plus

177 672 447 717 urbanitatis
463 675 509 716 et
523 672 671 716 minus
685 673 998 716 amaritudinis
1018 673 1187 716 habent
1206 676 1313 716 sunt
1327 673 1647 717 inter-iacienda

177 741 408 794 conuiuiis,
420 745 472 786 ut
491 744 597 785 sunt
616 742 694 785 illa
714 757 826 799 quae
846 742 906 786 de·
926 742 1153 786 nonnullis
1172 756 1406 800 corporum
1422 742 1548 785 uitiis
1568 746 1649 786 aut

180 825 338 870 parum
377 813 458 854 aut
495 811 633 855 nichil
671 811 903 870 gignentia
946 811 1122 863 doloris,
1163 814 1216 854 ut
1250 811 1288 854 si
1328 811 1376 854 in
1415 811 1648 855 caluitium

178 881 439 938 cuiusquam
473 880 592 924 dicas
627 884 707 924 aut
745 895 902 924 nasum
934 881 1006 924 uel
1041 895 1225 926 cur-uam
1265 880 1530 924 erectionem
1570 895 1650 923 seu

120 965 164 998 ιο
180 949 449 995 Socraticam
494 950 831 1007 depressionem.
908 950 1031 994 Haec
1081 950 1199 993 enim
1248 953 1418 1007 quanto
1465 950 1650 993 minoris

180 1018 417 1062 infortunii
453 1022 570 1072 sunt,
599 1022 727 1063 tanto
759 1019 941 1063 suauius
973 1019 1141 1063 ledunt.
1218 1018 1386 1062 Contra
1420 1019 1647 1062 oculorum
1664 1024 1747 1073 746
1769 1029 1801 1063 a

180 1087 348 1132 orbitas
367 1103 457 1132 non
476 1089 571 1132 sine
591 1089 858 1133 excitatione
884 1089 1191 1133 commotionis
1210 1088 1414 1134 obicitur.
1473 1088 1649 1146 Quippe

180 1157 437 1216 Antigonus
470 1173 550 1202 rex
580 1158 830 1202 Teocritum
859 1158 1034 1209 Chium,
1062 1158 1118 1202 de
1153 1173 1240 1216 quo
1271 1158 1501 1202 iurauerat
1530 1158 1650 1215 quod

182 1227 224 1271 ei
258 1242 468 1286 parsurus
499 1231 624 1279 esset,
655 1228 815 1272 occidit
849 1231 1031 1285 propter
1062 1243 1210 1272 scoma
1240 1228 1298 1271 ab
1330 1227 1483 1271 eodem
1514 1227 1570 1271 de
1603 1242 1652 1271 se

126 1314 164 1350 ¹5
183 1296 362 1341 dictum.
435 1296 548 1342 Cum
579 1297 696 1340 enim
729 1297 855 1354 quasi
890 1298 1141 1355 puniendus
1172 1297 1230 1340 ad
1264 1297 1544 1355 Antigonum
1579 1311 1652 1340 ra-

182 1369 372 1425 peretur,
392 1366 636 1410 solantibus
660 1381 761 1410 eum
787 1366 939 1410 amicis
966 1381 1017 1410 ac
1044 1381 1166 1425 spem
1194 1366 1507 1424 pollicentibus
1532 1366 1650 1424 quod

182 1435 433 1480 omnimodo
452 1436 729 1480 clementiam
750 1436 867 1494 regis
882 1439 1148 1494 experturus
1168 1442 1283 1480 esset
1302 1450 1402 1480 cum
1423 1436 1482 1479 ad
1502 1436 1652 1480 oculos

182 1504 279 1549 eius
315 1505 521 1557 uenisset,
550 1506 799 1563 respondit:
840 1505 958 1564 Ergo
987 1506 1304 1564 impossibilem
1335 1506 1471 1549 michi
1502 1506 1652 1550 dicitis

181 1588 304 1632 spem
333 1574 501 1620 salutis.
562 1575 672 1619 Erat
700 1578 851 1619 autem
881 1575 1136 1633 Antigonus
1164 1590 1255 1619 uno
1284 1576 1468 1619 orbatus
1502 1575 1652 1628 oculo;

122 1661 165 1696 ,ο
183 1645 230 1687 et
258 1643 513 1702 importuna
540 1644 772 1688 urbanitas
800 1645 1109 1688 maledicacem
1141 1644 1237 1688 luce
1271 1645 1484 1703 priuauit.
1556 1645 1651 1690 Nec

182 1713 437 1772 negauerim
456 1713 738 1772 philosophos
754 1729 927 1772 quoque
947 1714 1183 1758 incurrisse
1203 1729 1283 1772 per
1298 1714 1653 1772 indignationem

182 1781 264 1831 hoc
297 1796 438 1840 genus
470 1783 689 1826 scomatis.
750 1783 868 1827 Nam
902 1798 1003 1827 cum
1036 1784 1153 1842 regis
1184 1784 1372 1827 libertus
1412 1784 1470 1828 ad
1510 1798 1652 1828 nouas

183 1849 366 1895 diuitias
394 1866 538 1910 nuper
566 1856 737 1896 erectus
772 1852 1055 1911 philosophos
1084 1853 1141 1896 ad
1171 1853 1428 1897 conuiuium
1467 1867 1650 1911 congre-

183 1923 330 1979 gasset
360 1923 406 1964 et
435 1921 660 1965 irridendo
691 1937 843 1966 eorum
878 1922 1123 1966 minutulas
1152 1922 1432 1980 quaestiones
1461 1923 1573 1966 scire
1602 1937 1648 1966 se
1666 1929 1697 1969 b

126 2009 168 2044 ²⁵
184 1988 298 2033 uelle
327 1989 512 2035 dixisset
539 2005 619 2035 cur
647 1994 694 2035 et
720 2006 776 2035 ex
803 1991 934 2049 nigra
960 1995 1006 2035 et
1032 2006 1089 2035 ex
1115 1992 1217 2035 alba
1237 1991 1343 2035 faba
1369 1991 1649 2049 pulmentum

146 2052 155 2059 ⁶
185 2057 318 2102 unius
355 2059 512 2103 coloris
541 2060 655 2111 edat,
684 2060 885 2104 Aridices
923 2060 1225 2118 philosophus,
1252 2060 1436 2118 indigne
1476 2060 1651 2105 ferens:

184 2125 254 2169 Tu
279 2127 416 2181 nobis,
436 2127 594 2185 inquit,
613 2129 792 2173 absolue
818 2144 898 2173 cur
924 2133 970 2173 et
996 2129 1052 2173 de
1078 2130 1191 2172 albis
1222 2133 1269 2173 et
1295 2130 1350 2173 de
1378 2130 1519 2187 nigris
1545 2130 1653 2174 loris

185 2195 349 2239 similes
367 2197 563 2241 maculae
581 2198 837 2256 gignantur.
897 2198 1190 2242 Commendat
1209 2213 1357 2243 scoma
1383 2202 1430 2243 et
1456 2200 1653 2244 conditio

185 2263 371 2309 dicentis
404 2265 442 2309 si
474 2266 523 2309 in
552 2267 703 2310 eadem
737 2282 869 2311 causa
897 2267 970 2321 sit,
990 2271 1044 2311 ut
1072 2268 1111 2310 si
1140 2268 1278 2311 alium
1303 2268 1358 2312 de
1387 2273 1653 2327 paupertate

128 2349 170 2385 30
186 2347 355 2392 pauper
383 2334 577 2387 irrideat,
608 2335 647 2380 si
685 2336 867 2380 obscure
907 2340 1063 2380 natum
1095 2340 1230 2380 natus
1260 2338 1455 2382 obscure.
1531 2338 1652 2382 Nam

190 2502 234 2539 ¹3
257 2492 483 2530 theocritum
499 2493 554 2531 A:
578 2494 810 2533 teochritum
826 2494 868 2532 M
990 2506 1035 2550 ¹⁴.
1056 2508 1231 2551 passurus
1246 2496 1309 2534 CB
1431 2507 1474 2543 17
1501 2499 1653 2536 occulos

187 2539 222 2575 A
365 2550 409 2587 19
432 2542 562 2579 occulo
576 2541 623 2578 ΑΙ
764 2552 809 2589 27
833 2543 881 2581 de
898 2549 982 2580 ante
998 2555 1119 2591 mgns
1136 2556 1203 2582 om.
1222 2545 1257 2580 A

237 2690 256 2729 5
282 2694 372 2728 quae
392 2684 481 2730 plus
503 2685 575 2722 etc.
599 2695 715 2731 usque
742 2684 792 2721 ad
818 2686 1019 2732 yiynantur
1045 2686 1131 2731 (746
1144 2686 1203 2731 B):
1246 2687 1412 2725 Macrob.
1435 2689 1511 2724 Sat.
1538 2687 1599 2725 vii.
1628 2699 1650 2735 3

190 2728 234 2776 ἐξ
269 2739 398 2775 11-13.
536 2731 570 2775 6,
587 2739 608 2776 7
631 2737 716 2768 eunt
738 2734 1000 2769 inter-iacienda
1032 2736 1236 2770 conuiuiis:
1268 2734 1515 2782 interpolavit
1543 2736 1653 2772 Ioan-

188 2787 264 2813 nes.
411 2785 449 2813 11
476 2780 628 2814 suauitas
655 2780 797 2816 ledum:
834 2781 982 2816 leuioris
1005 2782 1139 2817 doloris
1162 2781 1328 2818 Macrob.
1470 2784 1517 2819 28
1546 2785 1653 2821 Com-

189 2825 335 2860 mendae
351 2824 421 2861 etc.
440 2834 557 2872 usque
573 2824 623 2862 ad
637 2826 762 2863 licebat
779 2826 864 2873 (746
877 2830 946 2873 DJ:
973 2827 1139 2866 Macrob.
1155 2830 1230 2866 Sat.
1248 2828 1312 2865 vii.
1333 2839 1355 2876 3
1375 2828 1417 2878 ἐξ
1437 2840 1568 2869 20-22.

245 2910 328 2930 wns
339 2910 361 2931 n
860 2903 887 2932 Ρ
912 2905 943 2946 p
1474 2901 1541 2947 289
