1988 3250
254 251 339 301 673
359 260 384 290 c
727 248 883 293 IOAN
885 248 930 292 N
931 248 990 293 IS
1030 245 1546 292 SARESBERIENSIS
1672 243 1783 307 [ΗΒ.
1798 249 1871 290 vn

398 369 618 413 maiorum
645 369 822 413 facilius
857 369 915 412 ad
945 384 1050 427 opes
1079 383 1192 426 quae
1224 366 1534 411 desiderantur
1559 366 1750 411 accedat.
1820 365 1871 410 Si

353 443 383 484 d
399 442 559 496 potest,
574 442 784 482 uersatur
802 439 849 481 in
870 439 1020 496 aliquo
1039 437 1310 490 ministeri03
1341 437 1411 480 sin
1435 439 1596 488 autem,
1617 436 1779 480 sufficit
1798 434 1872 479 uel

398 509 448 551 in
486 509 723 552 matricula
756 508 990 552 curialium
1031 523 1124 550 esse
1155 506 1479 563 conscriptum;
1520 506 1613 550 sola
1652 505 1872 563 siquidem

398 577 664 634 conscriptio
679 580 944 634 quaestuosa
960 580 1039 620 est.
1088 576 1152 619 Vt
1167 575 1402 618 minimum
1417 575 1561 618 locum
1577 574 1872 632 parsimoniae

399 646 520 698 facit,
541 662 630 704 qua
649 647 822 689 nullum
843 646 1035 703 uectigal
1055 645 1237 698 utilius;
1267 645 1360 688 suis
1380 645 1499 687 enim
1522 644 1872 688 commodissime
1890 660 1911 695 5

398 716 544 773 parcit
563 730 694 772 quem
709 715 841 758 loculi
857 715 1071 758 exhibent
1086 714 1232 757 alieni.
1294 713 1518 757 Militatur
1532 713 1580 756 in
1595 714 1718 756 curia
1732 727 1874 769 usque

399 783 458 826 ad
481 798 625 835 canos,
645 783 781 827 immo
807 787 853 827 et
881 783 981 826 illos
1010 783 1231 826 consumit
1255 782 1390 826 curia.
1450 782 1541 825 Vix
1570 786 1638 826 est
1660 785 1713 826 ut
1741 796 1873 839 quem

398 854 524 897 curia
552 853 764 911 perduxit
793 853 850 895 ad
880 867 1012 895 canos
1041 852 1222 895 domum
1253 852 1405 895 redeat
1433 851 1506 895 uel
1536 852 1750 895 exclusus.
1822 850 1873 894 Si

398 923 705 981 migrauerint,
730 922 849 965 fame
878 925 1092 979 pereunt3
1123 921 1240 978 quia,
1260 924 1314 964 ut
1343 922 1409 964 ait
1439 921 1660 972 Sidonius,
1680 935 1754 964 eos
1782 935 1874 964 non

402 995 494 1036 tam
520 993 662 1036 bonus
688 991 831 1049 pascit
858 1006 990 1048 quam
1011 991 1141 1048 panis
1167 991 1366 1044 alienus;
1398 991 1579 1034 suauior
1602 990 1720 1034 enim
1741 992 1809 1034 est
1828 992 1874 1034 et
1895 1010 1936 1036 ιο

400 1061 612 1118 quiddam
647 1061 705 1103 ab
739 1061 884 1103 alieno
915 1060 1097 1103 innatae
1131 1060 1377 1103 dulcedinis
1409 1060 1555 1103 habet.
1614 1059 1770 1103 Nescit
1803 1059 1873 1102 uti

399 1145 481 1174 suo
511 1131 589 1188 qui
621 1145 793 1187 semper
824 1130 989 1173 abusus
1021 1133 1089 1173 est
1124 1130 1280 1173 alieno.
1352 1129 1402 1173 Si
1437 1130 1624 1173 honesta
1653 1129 1875 1172 finiuntur

400 1200 554 1251 officia,
566 1200 753 1258 parasiti
770 1203 920 1256 partes
939 1214 1029 1242 non
1045 1200 1265 1243 erubescit
1279 1199 1457 1257 explere
1471 1199 1543 1242 uel
1558 1199 1694 1242 mimi.
1749 1198 1874 1252 Quae

401 1269 587 1326 indigna
600 1270 799 1327 patietur
813 1272 1051 1325 antequam
1068 1272 1199 1312 exeat
1213 1273 1222 1312 1
1270 1269 1404 1326 Apud
1418 1269 1651 1312 Virronem
1664 1268 1875 1311 Trebium

251 1341 335 1390 674
355 1351 385 1380 a
400 1339 567 1396 cogites
598 1338 959 1381 discumbentem.
1018 1338 1137 1381 Nam
1167 1340 1213 1382 et
1242 1338 1346 1383 huic
1375 1338 1494 1381 idem
1523 1338 1799 1396 propositum
1829 1339 1876 1381 et
1895 1357 1938 1394 15⁴

400 1422 574 1466 semper
602 1407 755 1451 eadem
785 1422 909 1450 mens
938 1411 1006 1451 est

574 1497 628 1537 ut
656 1494 773 1537 bona
801 1508 975 1536 summa
1003 1497 1134 1551 putet
1162 1494 1308 1538 aliena
1336 1495 1491 1538 uiuere
1520 1494 1702 1552 quadra,

400 1582 448 1623 et
466 1594 519 1623 ea
538 1579 727 1637 patienti
749 1579 946 1636 perferre
965 1580 1114 1624 animo

981 1679 1094 1722 quae
1125 1680 1204 1709 nec
1234 1665 1495 1709 Sarmentus
1524 1666 1702 1723 iniquas
1808 1671 1809 1676 ’
1921 1712 1923 1714 ,

576 1721 751 1767 cesaris
780 1723 838 1766 ad
867 1737 1040 1767 mensas
1069 1738 1150 1767 nec
1179 1724 1283 1767 uilis
1313 1724 1456 1767 Galba
1484 1725 1671 1768 tulisset.
1894 1722 1944 1777 nd*

402 1815 755 1858 Innumerabiles
787 1815 888 1859 uiae
922 1817 1029 1858 sunt
1065 1816 1226 1873 quibus
1258 1816 1405 1873 palam
1437 1819 1518 1860 aut
1546 1816 1746 1860 clanculo
1774 1830 1875 1874 pro·

401 1888 586 1942 peratur
605 1885 662 1928 ad
685 1888 943 1942 quaestum3
973 1889 1018 1928 et
1042 1900 1173 1942 quem
1193 1901 1283 1928 non
1303 1886 1472 1943 subigit
1498 1901 1623 1929 amor
1652 1886 1876 1943 pecuniae,

401 1954 627 1997 interdum
648 1957 830 2011 superat
849 1955 1070 2012 cupiditas
1095 1955 1350 2012 specierum.
1412 1955 1571 2012 Equos,
1591 1959 1749 2007 uestes,
1769 1970 1876 2000 aues

403 2027 610 2074 armatas,
629 2024 857 2067 uenaticos
880 2038 1021 2075 canes,
1041 2039 1298 2069 numerosos
1324 2040 1480 2083 greges
1506 2029 1809 2069 armentorum
1830 2029 1878 2070 et

405 2137 544 2221 {Iouis}
558 2137 592 2174 si
606 2138 664 2174 uis
680 2138 708 2174 C
795 2138 1057 2177 comodissime
1076 2138 1101 2176 S
1216 2150 1260 2184 14
1284 2150 1483 2176 uarronem
1502 2139 1598 2176 CBA
1685 2139 1876 2177 crebrium

589 2196 646 2232 23,
664 2196 710 2231 24
735 2188 902 2223 armatas
918 2198 1007 2224 aues
1022 2186 1068 2222 Αι

450 2290 474 2324 4
498 2281 744 2326 parsimoniae
761 2281 856 2316 etc.:
884 2278 1005 2316 v.Cic.
1021 2281 1065 2315 de
1082 2281 1167 2326 Rep.
1183 2278 1230 2316 iv.
1242 2289 1263 2325 7
1283 2279 1301 2327 ξ
1322 2289 1342 2325 7
1356 2281 1432 2326 (ap.
1448 2279 1544 2316 Non.
1558 2292 1594 2327 p.
1614 2279 1676 2326 24)
1691 2282 1877 2327 Optimum

402 2333 524 2363 autem
549 2332 580 2362 et
604 2329 645 2362 in
666 2328 829 2373 priuatis
843 2328 1008 2372 familiis
1033 2332 1063 2362 ee
1089 2329 1129 2363 in
1155 2340 1193 2363 re
1215 2329 1361 2374 publica
1386 2329 1541 2373 uectiqal
1564 2330 1654 2364 duco
1671 2340 1741 2364 esse
1758 2330 1879 2375 parsi·

404 2376 573 2410 moniam.
612 2374 788 2421 Suspicor
800 2373 991 2416 Ioannem.
1006 2386 1129 2420 quem.
1145 2378 1188 2411 ut
1200 2386 1315 2421 supra.
1324 2374 1414 2418 dixi,
1430 2375 1612 2412 librorum
1626 2377 1670 2411 de
1682 2376 1879 2422 Republica

405 2421 569 2468 ipsorum
595 2433 668 2458 non
695 2421 869 2469 ignarum
897 2422 1009 2458 fuisse
1035 2425 1138 2469 puto,
1162 2434 1235 2458 non
1258 2422 1414 2459 aliunde
1439 2423 1536 2459 hanc
1562 2422 1793 2460 sententiam
1818 2423 1879 2462 de·

405 2468 630 2515 sumpsisse3
657 2469 703 2506 cf.
729 2468 804 2504 Cic.
831 2470 965 2505 Parad.
991 2468 1036 2505 vi.
1063 2480 1083 2514 3
1111 2469 1129 2517 ξ
1157 2481 1205 2517 49
1230 2482 1302 2506 non
1335 2471 1547 2516 intellequnt
1579 2472 1741 2507 homines
1768 2482 1878 2518 quam

405 2529 577 2562 magnum
595 2518 747 2560 uectiaal
762 2518 809 2551 sit
822 2518 1063 2563 parsimonia.
1239 2518 1262 2554 6
1286 2519 1474 2553 exhibent:
1501 2517 1525 2554 i.
1538 2528 1569 2554 e.
1588 2517 1712 2562 alunt,
1730 2520 1877 2556 susten-

404 2565 513 2608 tant3
556 2564 613 2600 ita
643 2563 744 2600 enim
779 2563 957 2600 vocabulo
995 2575 1071 2600 non
1107 2576 1192 2602 raro
1225 2566 1388 2601 utuntur
1419 2564 1512 2601 iuris
1545 2564 1666 2602 civilis
1693 2569 1876 2605 auctores.

407 2610 500 2647 Inde
539 2611 656 2648 etiam
691 2610 801 2647 hodie
832 2611 998 2647 subsidia
1039 2611 1257 2660 pecuniaria
1289 2611 1462 2649 studiosis
1495 2612 1534 2648 in
1568 2612 1876 2651 universitatibus

405 2658 618 2704 scholisque
643 2658 783 2695 nostris
807 2658 994 2706 praestita
1019 2659 1181 2704 (Gallice
1207 2661 1362 2705 bow-ses)
1391 2672 1460 2696 nos
1484 2661 1701 2697 exhibitione
1716 2661 1876 2709 Anglice

405 2717 590 2743 vocamus.
748 2716 780 2751 9.
802 2717 844 2742 ιο
861 2718 932 2742 mm
949 2712 1023 2742 tam
1041 2708 1153 2743 bonus
1168 2709 1259 2744 etc.:
1286 2706 1412 2744 Sidon.
1430 2707 1556 2754 Apoll.
1575 2709 1646 2754 Ep.
1665 2707 1721 2745 iii.
1743 2719 1783 2755 ¹3
1803 2708 1822 2757 ξ
1841 2719 1875 2756 3.

410 2762 422 2790 Ι
485 2754 692 2789 Virronem:
725 2765 756 2789 v.
786 2753 862 2790 luv.
889 2756 964 2790 Sat.
983 2766 1013 2789 v.
1041 2764 1096 2799 39.
1259 2755 1450 2792 Trebium:
1489 2767 1521 2791 v.
1555 2755 1633 2793 Iuv.
1659 2757 1734 2792 Sat.
1759 2768 1792 2792 v.
1821 2766 1875 2804 19.

408 2809 422 2838 ι
475 2802 597 2836 eadem
624 2812 722 2836 mens
745 2806 794 2836 eat
819 2803 916 2838 etc.:
945 2813 975 2836 v.
1006 2801 1080 2838 Iuv.
1106 2802 1181 2838 Sat,
1206 2814 1238 2839 v.
1269 2812 1344 2847 ι-4.
1487 2813 1532 2849 23
1557 2805 1777 2849 specierum:
1803 2803 1828 2840 i.
1841 2815 1876 2842 e.

405 2847 649 2884 materiarum
678 2846 864 2894 ipsarum:
907 2848 953 2885 cf.
982 2849 1069 2885 Cod.
1099 2849 1190 2886 lust.
1219 2849 1268 2886 xi,
1298 2859 1331 2895 9.
1365 2859 1377 2886 1
1418 2851 1590 2886 Omnibus
1614 2852 1775 2896 fabr-icis
1802 2863 1877 2888 non

403 2897 577 2942 pecunias
591 2907 658 2942 pro
668 2897 857 2943 speciebus,
871 2898 933 2932 sed
951 2898 1049 2943 ipsas
1057 2899 1187 2944 species
1198 2899 1277 2934 eine
1287 2898 1463 2934 delatione
1475 2899 1608 2945 inferri
1617 2900 1875 2946 praecipimus.

517 2967 579 3011 138
