2040 3250
33 1925 38 1935 -
28 1883 30 1890 -
15 1285 52 1856 ··’φ-ὙττῂφιῑςξνζἏ-ἐεηψῑνεε
19 1231 40 1276 «κ-,ε
32 1123 37 1153 Α
25 1090 30 1104 -Α

690 681 1181 741 REGISTRVM

250 825 460 872 EORVM
505 824 668 880 QVAE
708 824 779 869 ΙΝ
818 823 945 871 Hoc
983 824 1153 870 ΤοΜο
1193 823 1635 870 CONTINENTVR

1576 949 1674 978 PAO.

203 990 327 1027 me
343 988 399 1027 VI
449 987 631 1035 Prologus
695 1016 705 1025 .
801 1017 808 1024 .
906 1016 914 1024 .
1014 1016 1022 1024 .
1119 1015 1127 1023 .
1226 1016 1233 1024 .
1338 1015 1346 1023 .
1442 1016 1451 1024 .
1547 1015 1555 1024 .
1658 999 1673 1027 1

247 1059 339 1108 Gap.
359 1069 390 1098 1.
417 1057 523 1103 Quod
540 1069 674 1095 manus
691 1057 746 1094 rei
763 1057 938 1105 publicae
954 1059 1022 1094 aut
1039 1059 1188 1094 armata
1203 1058 1262 1094 est
1283 1059 1351 1094 aut
1373 1056 1557 1102 inermis;

470 1117 510 1155 et
527 1128 624 1163 quae
642 1115 692 1154 sit
708 1115 876 1160 inermis,
895 1118 936 1153 et
951 1115 998 1153 de
1016 1115 1138 1153 officio
1155 1115 1236 1152 eius
1331 1143 1342 1152 .
1440 1144 1447 1151 .
1655 1128 1677 1155 2

357 1187 390 1215 2.
414 1175 520 1222 Quod
545 1174 686 1213 militia
710 1174 903 1213 delectum
928 1174 1062 1221 exigit,
1087 1173 1290 1213 scientiam
1314 1176 1354 1212 et
1378 1174 1560 1213 exercita·

359 1305 393 1342 3.
419 1234 683 1332 ΒέιιῗιιΙΘίἰῑιιιε
700 1262 874 1341 gloriosis
891 1262 958 1340 qui
976 1261 1140 1330 militiae
1158 1292 1318 1331 inutiles
1335 1260 1452 1330 sunt.
1443 1262 1451 1271 ·
1635 1238 1677 1333 1²13

358 1364 393 1400 4.
417 1353 586 1398 Quarum
627 1363 754 1389 rerum
794 1351 996 1389 scientiam
1037 1355 1078 1390 et
1117 1351 1343 1390 exercitium
1383 1354 1561 1399 oporteat

470 1411 612 1448 habere
638 1410 790 1457 milites,
809 1413 848 1448 et
867 1411 968 1457 quod
992 1422 1056 1448 eos
1081 1410 1195 1448 otiari
1218 1422 1294 1448 non
1315 1410 1432 1456 lieet;
1459 1413 1499 1448 et
1515 1411 1562 1449 de

469 1470 654 1518 Augusto,
674 1469 741 1517 qui
757 1469 855 1507 filias
872 1481 957 1506 suas
974 1469 1068 1507 fecit
1085 1469 1235 1507 institui
1252 1469 1294 1506 in
1310 1469 1478 1506 lanificio
1551 1497 1561 1508 .
1638 1480 1679 1517 13

363 1538 393 1577 5.
419 1528 504 1566 Duo
534 1540 612 1566 esse
637 1528 847 1576 praecipua
870 1540 969 1576 quae
994 1528 1157 1566 militem
1182 1528 1342 1575 faciunt,
1368 1528 1562 1567 delectum

390 1614 395 1620 -
471 1587 619 1626 scilicet
635 1589 675 1626 et
691 1590 967 1625 sacramentum
1017 1615 1026 1624 .
1123 1615 1133 1626 .
1552 1616 1561 1625 .
1639 1590 1682 1626 16

361 1647 396 1685 6.
421 1646 523 1693 Quae
534 1646 636 1684 mala
647 1645 874 1694 proueniant
886 1645 1022 1684 nostris
1032 1646 1210 1694 neglecto
1220 1645 1372 1684 delectu
1383 1645 1564 1690 militum,

473 1707 513 1743 et
530 1703 696 1752 qualiter
712 1704 901 1742 Haroldus
918 1704 1100 1742 Valenses
1116 1704 1454 1752 subegerit..
1554 1733 1562 1742 .
1639 1716 1680 1751 ¹7

363 1764 522 1811 7.Quae
544 1764 595 1801 sit
617 1764 820 1811 conceptio
843 1763 1073 1801 sacramenti
1095 1763 1287 1808 militaris,
1306 1766 1345 1801 et
1364 1764 1465 1811 quod
1481 1765 1563 1802 sine

473 1834 519 1861 eo
536 1822 704 1860 militare
722 1834 798 1860 non
816 1822 911 1860 licet
1019 1848 1027 1857 .
1125 1850 1133 1858 .
1232 1850 1241 1858 .
1339 1850 1348 1858 .
1446 1851 1454 1859 .
1637 1834 1684 1860 2ο

364 1884 398 1921 8.
424 1882 622 1919 Amatam
667 1881 850 1918 militiam
889 1881 939 1918 ad
983 1880 1212 1929 religionem
1253 1892 1299 1918 ex
1341 1881 1566 1920 necessitate

473 1940 610 1985 teneri,
639 1939 738 1978 sicut
767 1939 875 1977 illam
902 1950 998 1987 quae
1022 1939 1064 1976 in
1089 1938 1191 1976 clero
1215 1938 1358 1976 diuinis
1377 1939 1567 1987 obsequiis

475 2000 746 2044 consecratum
784 2000 824 2036 et
853 1998 953 2045 quod
978 1996 1096 2042 miles,
1124 1997 1224 2035 sicut
1252 1997 1419 2044 honoris,
1442 1998 1500 2036 ita
1527 2001 1567 2036 et

476 2057 617 2095 laboris
633 2068 774 2094 nomen
792 2059 851 2095 est
916 2084 924 2092 .
1640 2068 1682 2096 21

365 2128 398 2164 9.
423 2116 530 2162 Quod
547 2116 639 2153 fides
657 2115 737 2153 Deo
759 2115 889 2154 debita
910 2116 960 2152 sit
982 2115 1107 2153 cuiuis
1129 2115 1281 2152 homini
1305 2083 1564 2162 praeferenda,

474 2186 543 2212 nec
560 2176 735 2212 seruatur
750 2173 900 2211 homini
918 2174 995 2211 nisi
1011 2174 1090 2211 Deo
1107 2176 1277 2211 seruetur
1341 2200 1350 2209 .
1449 2203 1457 2211 .
1641 2187 1685 2222 23

347 2245 399 2272 10.
427 2233 482 2271 De
510 2233 723 2281 priuilegiis
751 2233 932 2276 militum,
957 2235 997 2271 et
1026 2233 1127 2280 quod
1153 2235 1396 2270 sacramento
1420 2203 1568 2271 astricti

476 2294 568 2329 sunt
585 2291 792 2335 Ecclesiae,
809 2294 849 2330 et
865 2304 983 2339 quare
1002 2291 1153 2340 gladius
1170 2291 1352 2329 offeratur
1367 2292 1483 2330 altari
1559 2321 1567 2330 .
1643 2304 1687 2339 24

350 2361 404 2389 11.
428 2350 536 2396 Quod
553 2350 695 2389 milites
716 2349 845 2387 durius
870 2349 1084 2398 castigandi
1109 2352 1208 2395 sunt,
1236 2350 1268 2387 si
1292 2349 1456 2388 militiae
1481 2350 1570 2399 lege

479 2411 703 2456 contempta
720 2409 932 2457 priuilegiis
949 2409 1159 2446 abutuntur
1239 2438 1247 2446 .
1346 2436 1355 2445 .
1451 2437 1459 2445 .
1558 2437 1566 2445 .
1643 2412 1689 2448 26

351 2479 406 2507 12.
431 2467 536 2514 Quod
552 2468 659 2506 uaria
674 2468 954 2506 animaduersio
970 2468 1142 2516 procedit
1159 2468 1201 2504 in
1221 2479 1285 2505 eos
1300 2468 1367 2515 qui
1387 2468 1476 2506 duci
1493 2481 1571 2506 non

481 2528 760 2575 obtemperant,
793 2528 833 2564 et
864 2528 1050 2574 quatenus
1081 2526 1221 2564 debeat
1253 2526 1422 2565 obediri:
1459 2530 1500 2564 et
1528 2528 1570 2565 in

482 2586 620 2652 quibus
635 2585 825 2623 mandatis
841 2585 966 2623 locum
979 2585 1121 2623 habeat
1131 2585 1367 2623 examinatio
1380 2585 1572 2631 militaris,

482 2644 524 2681 in
540 2645 677 2692 quibus
692 2656 771 2682 non
811 2672 822 2680 .
918 2672 927 2680 .
1644 2656 1691 2693 29

354 2713 408 2750 13.
433 2702 555 2748 Quare
573 2704 728 2752 cingulo
745 2702 947 2750 priuentur
962 2702 1115 2747 milites,
1135 2705 1174 2740 et
1190 2703 1290 2750 quod
1307 2672 1574 2741 exauctoratus

483 2774 562 2799 non
578 2762 696 2800 habet
712 2761 867 2808 aliquod
885 2773 972 2798 cum
994 2761 1123 2810 gladio
1144 2762 1271 2799 telone
1292 2762 1572 2807 commercium,

487 2824 528 2858 et
543 2832 660 2868 quare
675 2820 828 2868 gladius
844 2820 1008 2858 insertus
1024 2823 1081 2858 est
1098 2819 1142 2857 in
1158 2820 1314 2868 cingulo
1457 2848 1468 2858 .
1563 2847 1573 2857 .
1646 2830 1692 2866 34

1525 2880 1577 2923 iii
