1988 3250
91 183 101 262 ‚⁵
150 226 251 265 ou.
267 215 339 279 η]
669 216 1107 268 PomcRAncvs'
1631 226 1710 276 ’μς
1726 232 1758 263 a

4 401 10 408 q
55 385 61 398 Δ
151 347 257 407 Cap.
278 363 320 403 4.
355 350 485 405 Quod
509 352 700 397 wallum
728 351 910 396 uitium
933 353 1071 409 peius
1097 352 1326 404 auaritia,
1348 368 1428 398 ‘nec
1458 353 1617 398 amari

54 421 57 429 ’
260 433 386 475 posse
408 421 493 477 qui
516 425 743 478 suspectus
766 424 826 464 est
845 421 1082 465 auaritiae
1093 439 1112 472 ;
1142 425 1182 465 et
1208 421 1262 465 de
1289 422 1470 478 duplici
1486 423 1618 478 fonte

265 488 569 541 liberalitatis,
597 493 637 534 et
676 493 780 534 uter
817 489 877 534 sit
908 490 1064 546 potior
1074 508 1094 541 ,·
1138 494 1179 534 et
1219 490 1273 534 de
1315 491 1529 535 Considio
1577 496 1618 535 et

269 558 426 602 Gillia.

112 645 132 681 6
209 636 303 682 Nec
341 642 502 690 tamen,
538 638 622 682 etsi
653 638 945 696 prodigalitas
975 638 1186 682 uideatur
1217 639 1265 682 in
1299 639 1441 696 culpa,
1473 640 1617 683 locum

34 703 55 733 “’
150 706 344 750 arbitror
381 707 598 751 auaritiae
635 708 985 765 relinquendum.
1064 708 1252 751 Nullum
1292 708 1410 751 enim
1455 709 1618 752 uitium

149 774 344 819 deterius
379 779 458 827 est,
491 776 665 819 nullum
705 776 1024 828 detestabilius,
1058 777 1319 834 praesertim
1353 778 1401 820 in
1436 777 1507 820 his
1541 777 1618 834 qui

147 844 448 902 principatum
468 848 549 888 aut
568 846 879 904 magistratum
901 846 1094 903 aliquem
1115 847 1164 889 in
1180 861 1228 890 re
1247 846 1426 904 publica
1443 850 1618 904 gerunt.

150 913 252 957 Non
283 914 402 957 enim
431 929 502 958 res
531 915 628 972 ipsa
659 915 735 958 sed
764 915 899 959 etiam
929 916 1081 973 opinio
1110 915 1206 959 eius
1236 916 1423 959 uitanda
1451 919 1542 968 est;
1572 920 1619 959 et

37 987 49 1008 “
91 999 134 1026 ιο
150 983 330 1027 0111111110
349 984 620 1042 impossibile
644 990 712 1029 est
738 987 791 1028 ut
818 985 960 1029 fidelis
986 985 1197 1029 uideatur
1215 985 1349 1029 alicui
1370 989 1450 1029 aut
1469 1000 1619 1028 amore

149 1052 312 1110 dignus
343 1054 420 1110 qui
450 1069 506 1097 ex
535 1054 694 1098 merito
723 1054 843 1112 apud
871 1069 1032 1112 graues
1059 1057 1105 1099 et
1131 1055 1468 1112 circumspectos
1498 1055 1619 1098 uiros
1637 1062 1666 1100 b

148 1122 367 1166 auaritiae
399 1123 693 1180 suspicionem
728 1123 926 1167 incurrit.
987 1123 1102 1168 Cum
1138 1139 1244 1167 uero
1276 1124 1374 1167 laus
1408 1128 1454 1167 et
1489 1124 1620 1167 fauor

147 1191 370 1235 humanus
397 1193 522 1250 quasi
553 1207 580 1236 a
609 1193 775 1250 duplici
807 1193 932 1237 fonte
959 1194 1237 1251 proueniant,
1263 1208 1422 1251 operae
1449 1194 1620 1237 scilicet

149 1263 195 1304 et
223 1261 446 1319 pecuniae,
470 1261 644 1306 facilior
673 1266 741 1306 081
770 1262 878 1306 haec
902 1263 1162 1320 praesertim
1188 1263 1409 1321 locupleti,
1436 1263 1513 1306 sed
1539 1262 1620 1306 illa

39 1333 42 1337 “
90 1330 315 1380 1518111101·
334 1334 379 1374 et
399 1331 672 1389 splendidior
696 1335 742 1375 et
769 1332 949 1390 dignior
975 1332 1074 1376 uiro
1101 1332 1210 1376 forti
1236 1335 1282 1376 et
1307 1332 1437 1376 claro.
1499 1332 1618 1375 Nam

149 1400 227 1458 qui
247 1401 432 1444 uirtutis
452 1415 585 1459 opera
612 1404 657 1445 et
677 1401 900 1445 industria
919 1402 1123 1446 liberales
1143 1405 1287 1453 erunt,
1307 1417 1395 1459 quo
1414 1401 1619 1459 pluribus

147 1469 411 1528 profuerint,
431 1485 482 1514 eo
501 1470 651 1528 plures
670 1471 727 1514 ad
748 1471 1112 1515 benefaciendum
1133 1472 1361 1515 habebunt
1381 1471 1618 1514 adiutores.

150 1539 321 1583 Deinde
341 1539 646 1584 benefaciendi
670 1542 988 1585 consuetudine
1014 1542 1260 1599 paratiores
1284 1544 1417 1584 erunt
1440 1543 1486 1584 et
1506 1544 1618 1584 tam·

29 1658 31 1662 4
150 1623 284 1666 quam
311 1609 641 1654 exercitatiores
664 1610 722 1653 ad
750 1610 860 1654 bene
889 1610 944 1654 de
974 1611 1128 1654 multis
1157 1610 1507 1668 promerendum.
1568 1609 1618 1653 Si

68 1705 72 1709 -
90 1691 134 1719 ιο
153 1681 305 1722 tamen
331 1679 465 1722 archa
485 1682 750 1737 suppeteret,
770 1680 907 1723 nichil
933 1680 1168 1738 gloriosius
1187 1683 1256 1723 est
1277 1694 1329 1723 ea
1350 1679 1619 1722 liberalitate

151 1762 264 1805 quae
283 1748 486 1792 consistit
500 1749 548 1792 in
563 1749 713 1802 donis3
743 1750 936 1794 maxime
955 1764 1055 1794 cum
1076 1753 1122 1793 et
1137 1750 1352 1801 Socrates,
1369 1753 1422 1793 ut
1441 1749 1618 1800 dicitur,

149 1818 452 1876 interrogatus
468 1833 684 1876 quaenam
705 1822 820 1863 esset
840 1820 1092 1863 substantia
1111 1819 1426 1862 beatitudinis:
1458 1818 1620 1876 Dignis

152 1886 328 1938 donare,
360 1888 599 1946 respondit.
661 1889 756 1946 Ego
791 1890 968 1946 quidem
1003 1889 1274 1933 Socraticam
1306 1888 1618 1932 diffinitionem

153 1956 215 2000 sic
247 1956 627 2014 interpretandam
667 1958 862 2002 arbitror
891 1961 944 2002 ut
979 1958 1177 2016 dignitas
1217 1958 1264 2001 in
1304 1958 1616 2016 accipientium
1636 1973 1662 2004 c

6 2047 9 2050 ⁴
44 2068 45 2072 ,
89 2037 130 2074 ⁸⁵
149 2025 410 2069 necessitate
437 2026 643 2070 credatur
667 2041 760 2070 esse
787 2027 858 2070 uel
883 2027 1068 2072 meritis.
1137 2027 1235 2070 Illis
1255 2027 1373 2070 enim
1395 2027 1471 2084 qui
1492 2041 1618 2084 prae-

39 2093 44 2103 '
150 2098 409 2139 meruerunt
429 2095 593 2139 donare
613 2096 780 2139 iustum
808 2099 887 2148 est,
909 2100 954 2140 et
973 2097 1037 2140 eis
1057 2097 1135 2154 qui
1156 2097 1360 2154 indigent
1380 2096 1619 2139 subuenire

148 2164 298 2223 pium;
326 2165 392 2208 ita
412 2167 560 2208 tamen
581 2168 634 2209 111
660 2165 706 2210 1(1
734 2166 997 2223 respiciatur
1020 2167 1068 2209 in
1087 2166 1276 2224 singulis
1297 2165 1415 2223 quod
1436 2165 1483 2207 in
1505 2165 1621 2208 facie

149 2234 365 2291 sapientis
399 2234 494 2277 sine
527 2234 688 2278 rubore
722 2238 768 2278 et
798 2238 906 2279 nota
937 2236 1087 2279 ualeat
1117 2235 1355 2287 denudari3
1397 2234 1619 2291 siquidem

40 2343 51 2361 ¹„
147 2302 316 2346 imitari
354 2303 564 2347 debemus
603 2319 703 2347 eum
744 2305 822 2362 qui
862 2306 997 2348 solem
1032 2320 1163 2348 suum
1198 2305 1309 2348 facit
1342 2304 1451 2348 oriri
1486 2319 1620 2362 super

34 2394 35 2398 =
89 2387 131 2423 30
150 2372 288 2416 bonos
313 2376 360 2416 et
387 2374 528 2416 malos
554 2376 600 2417 et
626 2374 744 2431 pluit
771 2389 904 2432 super
929 2375 1070 2419 iustos
1094 2377 1139 2418 et
1164 2375 1365 2418 iniustos.
1428 2374 1479 2418 Si
1499 2374 1618 2416 enim

147 2455 387 2500 pauperem
414 2443 675 2487 histrionem
703 2444 933 2488 uideamus
959 2448 1039 2488 aut
1065 2444 1264 2495 mimum,
1288 2458 1378 2487 non
1407 2443 1618 2487 debemus

147 2511 606 2569 W7
631 2524 923 2562 benfaciendum
942 2524 967 2561 S
1102 2536 1150 2562 20
1172 2525 1392 2572 subpeteret
1413 2525 1443 2559 A
1573 2534 1617 2570 23

147 2569 371 2607 socraticam
387 2570 539 2616 quidem
555 2571 602 2607 Αι

196 2650 237 2676 21
266 2642 428 2676 Socrates
458 2643 551 2678 eta:
593 2641 696 2678 Idem
731 2641 897 2679 Socratis
927 2641 1074 2678 dictum
1106 2641 1225 2679 refert
1254 2640 1448 2678 Walterus
1475 2640 1620 2687 Butley

148 2689 192 2723 de
213 2689 296 2723 Vita
313 2693 345 2723 et
360 2689 524 2724 Moribus
537 2690 836 2736 Philosophorum
854 2690 926 2736 (ed.
944 2689 1074 2726 Colon.
1092 2699 1180 2734 1472
1199 2689 1265 2726 fol.
1286 2690 1360 2735 26),
1378 2700 1461 2732 nec,
1480 2691 1524 2724 ut
1541 2688 1619 2724 alia

147 2733 374 2780 huiusmodi,
401 2746 448 2772 ex
471 2737 684 2773 Polior-atico
710 2747 749 2773 se
778 2737 1029 2783 desumpsisse
1057 2737 1217 2774 fatetur.
1265 2735 1321 2773 De
1350 2734 1540 2773 sententia
1570 2735 1618 2771 cf.

149 2781 258 2818 Publ.
282 2781 363 2828 Syr.
381 2784 477 2819 Sem.
494 2783 538 2820 Β.
560 2794 600 2820 12
630 2784 700 2827 (ed.
719 2783 848 2830 Meyer
872 2797 909 2831 p.
927 2790 988 2828 21)
1011 2786 1234 2829 Bmeficium
1258 2786 1379 2820 dando
1399 2786 1532 2828 accepit
1555 2784 1621 2828 qui

150 2831 258 2875 diyno
273 2831 380 2866 dedit.
513 2840 559 2876 29
583 2833 646 2877 qui
661 2833 768 2867 solem
788 2844 896 2868 suum
913 2833 1006 2869 ete:
1032 2831 1146 2868 Matt.
1163 2843 1196 2868 v.
1211 2839 1269 2877 45.
1394 2841 1442 2877 30
1464 2831 1507 2866 Si
1522 2832 1620 2866 enim

153 2878 250 2913 etc-2
277 2876 326 2914 cf.
346 2888 458 2924 supra
475 2876 500 2914 i.
519 2878 541 2914 8
559 2878 690 2923 (4060,
709 2878 767 2924 n).

191 2947 272 2967 vus
285 2948 307 2968 u
806 2940 809 2941 ⁷
870 2949 888 2977 1
909 2937 927 2980 i
1446 2951 1508 2984 ²4¹
