1988 3250
118 209 241 243 -σΑΡ,
254 195 295 256 1]
640 193 1078 239 POLICRATICVS
1615 204 1677 245 711
1695 193 1724 233 d

141 317 405 374 Habentque
425 316 536 359 rami
556 315 721 373 singuli
740 315 795 358 de
814 329 861 358 se
880 313 1151 357 ramusculos
1166 314 1449 371 procedentes
1469 317 1598 358 tanta

140 386 315 444 quidem
344 385 636 442 amplitudine
667 384 877 426 dilatatos
911 385 964 425 ut
997 382 1212 424 mundum
1244 382 1337 425 fere
1372 386 1517 426 totum
1550 384 1598 425 in

139 455 332 512 maligno
373 454 565 512 positum
604 467 715 510 pene
754 452 968 509 operiant.
1027 451 1144 494 Nam
1189 451 1243 494 de
1286 452 1409 493 inani
1456 452 1598 508 gloria

139 523 447 575 inobedientia,
474 522 698 572 iactantia,
723 520 950 578 ypocrisis,
978 520 1292 570 contentiones,
1318 521 1598 577 pertinaciae,

102 611 121 644 5
139 593 390 643 discordiae,
433 595 479 635 et
524 591 776 635 nouitatum
820 589 1200 647 praesumptiones
1243 589 1459 632 oriuntur.
1531 590 1598 632 De
1616 601 1685 640 712
1706 601 1736 629 a

139 662 308 706 invidia
337 661 500 711 odium,
529 660 789 712 susurratio,
817 658 1044 708 detractiO,
1075 658 1294 700 exultatio
1323 658 1371 699 in
1401 658 1599 700 aduersis

138 731 339 791 proximi,
354 731 532 776 afflictio
546 732 696 775 autem
716 729 763 771 in
779 728 1000 786 prosperis
1019 727 1227 770 nascitur.
1288 727 1355 770 De
1374 727 1442 770 ira
1461 728 1599 778 rixae,

139 805 287 846 tumor
305 800 476 851 mentis,
496 798 798 848 contumeliae,
817 797 994 847 clamor,
1014 796 1276 853 indignatio,
1300 796 1600 853 blasphemiae

139 869 437 929 proferuntur.
498 868 564 911 De
598 867 785 912 tristitia
823 866 1007 918 malitia,
1043 880 1210 916 rancor,
1244 866 1600 922 pusillanimitas,

71 955 126 980 .ιο
141 939 397 997 desperatio,
436 941 588 995 torpor
625 937 740 981 circa
782 939 1027 993 praecepta,
1067 935 1249 992 uagatio
1287 936 1449 978 mentis
1495 950 1601 992 erga

140 1009 295 1053 illicita
339 1008 569 1065 prodeunt.
648 1006 714 1049 De
757 1005 950 1048 auaritia
991 1004 1195 1062 proditio,
1237 1004 1373 1054 fraus,
1413 1004 1601 1054 fallacia,

141 1077 344 1136 periuria,
381 1076 651 1134 inquietudo,
691 1075 940 1125 uiolentiae,
979 1078 1026 1117 et
1063 1077 1218 1117 contra
1257 1074 1601 1117 misericordiam

141 1148 451 1194 obdurationes
480 1147 622 1190 cordis
652 1146 951 1204 egrediuntur.
1012 1145 1078 1187 De
1105 1144 1276 1187 uentris
1306 1144 1505 1201 ingluuie
1535 1144 1601 1186 in-

143 1221 246 1276 epta
274 1217 428 1268 letitia,
454 1216 710 1266 scurrilitas,
740 1214 1035 1265 immunditia,
1061 1213 1353 1270 multiloquia,
1381 1213 1603 1255 hebetudo

85 1305 125 1339 ιε
142 1302 294 1332 sensus
348 1287 464 1331 circa
517 1285 858 1342 intelligentiam
912 1286 1226 1341 propagantur.
1309 1283 1375 1325 De
1425 1282 1604 1325 luxuria

142 1357 300 1402 cecitas
337 1356 510 1408 mentis,
549 1354 901 1404 inconsideratio,
936 1353 1245 1403 inconstantia,
1284 1352 1603 1409 praecipitatio,

143 1442 266 1470 amor
301 1426 382 1478 sui,
420 1426 570 1469 odium
615 1425 711 1476 Dei,
750 1424 933 1467 affectus
972 1422 1217 1480 praesentis
1260 1422 1407 1474 seculi,
1447 1422 1603 1464 horror

143 1499 290 1541 autem
313 1497 386 1540 uel
412 1495 660 1553 desperatio
679 1494 824 1537 futuri
848 1496 1129 1551 generantur.
1189 1492 1277 1535 Sed
1305 1492 1523 1548 quomodo
1543 1492 1600 1534 ab
1618 1493 1647 1531 b

144 1566 332 1610 inuicem
355 1564 616 1624 principalia
643 1563 859 1622 prodeant
885 1563 1001 1605 idem
1026 1562 1179 1605 doctor
1198 1562 1392 1618 exponit.
1454 1561 1603 1604 Prima

60 1656 131 1685 >¹no
147 1650 335 1693 namque
363 1635 592 1692 superbiae
619 1633 800 1684 soboles,
826 1633 932 1676 dum
959 1646 1213 1689 oppressam
1240 1634 1434 1674 mentem
1457 1645 1605 1674 corru-

147 1705 274 1763 perit,
316 1719 420 1748 mox
468 1703 684 1747 inuidiam
733 1702 891 1760 gignit,
936 1702 1042 1758 quia
1080 1700 1307 1751 nimirum,
1348 1700 1454 1742 dum
1499 1701 1605 1742 uani

145 1773 333 1818 nominis
369 1773 613 1831 potentiam
653 1773 826 1830 appetit
868 1786 924 1814 ne
963 1770 1063 1827 quis
1107 1769 1221 1813 alius
1263 1769 1377 1812 hanc
1421 1768 1605 1826 adipisci

146 1843 303 1894 ualeat,
340 1842 584 1886 intabescit.
656 1841 834 1884 Inuidia
884 1854 1058 1897 quoque
1107 1839 1218 1881 iram
1268 1841 1463 1896 generat,
1499 1838 1606 1895 quia

149 1914 313 1970 quanto
351 1912 525 1956 interno
564 1911 718 1954 liuoris
756 1910 941 1954 uulnere
983 1909 1159 1951 animus
1199 1908 1437 1958 sauciatur,
1478 1911 1608 1950 tanto

90 1996 133 2032 ²5
150 1981 283 2024 etiam
309 1981 599 2024 mansuetudo
624 1979 965 2037 tranquillitatis
992 1978 1240 2029 amittitur;
1270 1980 1316 2020 et
1346 1978 1451 2034 quia
1481 1977 1607 2034 quasi

149 2050 300 2094 dolens
317 2051 560 2095 membrum
580 2050 793 2107 tangitur,
813 2049 968 2092 iccirco
992 2047 1219 2104 oppositae
1243 2047 1430 2090 actionis
1450 2061 1608 2089 manus

149 2119 274 2164 uelut
310 2120 491 2178 grauius
529 2134 679 2177 pressa
717 2118 920 2162 sentitur.
992 2116 1061 2158 Ex
1100 2116 1168 2159 ira
1207 2130 1381 2172 quoque
1421 2116 1608 2159 tristitia

150 2189 304 2240 oritur,
336 2189 440 2246 quia
473 2189 654 2232 turbata
686 2203 811 2231 mens
842 2202 930 2244 quo
959 2186 1210 2230 inordinate
1242 2200 1288 2228 se
1319 2185 1527 2234 concutit,
1557 2199 1609 2228 eo

151 2257 208 2301 ad
241 2258 472 2302 dicendum
505 2258 622 2301 mala
654 2257 912 2309 confundit3
953 2259 1010 2307 et,
1041 2270 1140 2299 cum
1175 2255 1451 2298 dulcedinem
1487 2258 1608 2297 tran-

91 2342 136 2377 30
154 2326 389 2384 quillitatis
431 2327 640 2380 amiserit,
688 2327 825 2375 nichil
874 2327 987 2374 hanc
1038 2325 1125 2372 nisi
1179 2340 1235 2368 ex
1275 2325 1610 2383 perturbatione

153 2395 420 2453 subsequens
449 2411 591 2441 meror
623 2391 777 2453 pascit.
834 2395 1037 2439 Tristitia
1067 2409 1241 2452 quoque
1280 2394 1337 2437 ad
1372 2394 1607 2438 auaritiam
1627 2405 1652 2434 c

154 2464 375 2508 diriuatur
394 2466 509 2522 quia,
528 2465 633 2508 dum
653 2465 886 2509 confusum
909 2479 983 2508 cor
1003 2465 1167 2507 bonum
1192 2464 1362 2507 letitiae
1382 2464 1429 2506 in
1449 2467 1609 2507 semet-

142 2533 249 2591 ipso
279 2533 400 2576 intus
434 2534 641 2585 amiserit,
674 2535 791 2578 unde
822 2534 1037 2579 consolari
1069 2534 1228 2579 debeat
1268 2533 1378 2576 foris
1412 2533 1610 2590 quaerit;

154 2673 179 2709 4
201 2662 400 2710 hipocrisis
415 2662 498 2699 CA:
521 2662 563 2699 hi
591 2663 745 2701 ochi-isis
761 2665 816 2701 B:
839 2663 1047 2711 hypocrisis
1065 2664 1090 2701 S
1277 2674 1321 2700 10
1344 2663 1447 2711 erga]
1465 2663 1566 2700 circa
1582 2663 1610 2700 C

158 2713 201 2748 18
225 2712 428 2758 generatur
444 2710 562 2748 OBAS
744 2721 787 2757 27
813 2712 926 2751 uelud
942 2711 1030 2748 CBS
1172 2722 1217 2759 32
1243 2711 1441 2749 deriuatur
1456 2712 1489 2747 A

207 2840 260 2877 19,
279 2841 326 2866 20
348 2831 475 2867 Prima
491 2858 500 2868 .
520 2857 530 2868 .
546 2857 555 2866 .
571 2832 757 2877 superbiae
770 2831 919 2868 soboles:
944 2830 1009 2868 i.e.
1027 2832 1152 2867 inanis
1164 2832 1296 2877 ylario.

1437 2911 1503 2946 ³²9
