1988 3250
141 838 183 864 10

132 1712 181 1750 ²⁸

135 2002 180 2039 30

137 2293 180 2330 3³

194 191 303 229 υΔΡ.
317 181 424 243 xm]
729 181 1169 228 POLICRATICVS
1688 183 1778 224 διο
1791 193 1823 223 a

227 339 230 345 .
316 302 381 346 At
410 301 552 346 fessae
581 302 725 346 multa
754 301 957 346 referunt
986 317 1033 346 se
1063 306 1192 346 nocte
1221 303 1426 354 minores,

317 374 448 404 crura
475 358 619 404 thimo
679 361 828 413 lenae3
861 364 1110 428 pascuntur
1139 364 1184 404 et
1214 361 1376 404 arbuta
1508 362 1569 404 im
1687 356 1717 396 b

316 421 363 462 et
391 418 571 476 glaucas
599 433 649 462 sa
667 418 754 462 ices
784 433 1035 475 casiamque
1064 433 1327 486 crocumque
1358 376 1590 462 ruffi-{stem

316 479 364 520 et
391 476 602 534 pinguem
633 477 778 520 tiliam
808 480 854 520 et
884 476 1162 534 ferrugineos
1190 477 1412 520 iacinctos.

316 534 535 578 Omnibus
565 549 655 578 una
685 535 810 592 quies
839 549 1034 592 operum,
1064 535 1190 577 labor
1219 534 1424 578 omnibus
1455 549 1581 578 unus.

316 592 448 636 Mane
477 597 616 636 ruunt
645 593 812 650 portis;
847 608 1067 650 nusquam
1097 607 1222 635 mora
1252 607 1406 636 rursus
1435 593 1611 636 easdem

304 650 484 708 ‚Vesper
511 651 589 694 ubi
620 666 644 694 e
674 654 806 708 pastu
835 651 1014 694 tandem
1046 651 1254 694 decedere
1283 651 1452 708 campis

315 708 571 762 admonuit;
611 712 709 752 tum
739 712 858 753 tecta
886 712 1059 766 petunt,
1088 712 1186 752 tum
1216 723 1400 766 corpora
1429 712 1599 752 curant.

316 766 392 810 Fit
421 767 593 810 sonitus
622 770 911 824 mussantque
940 767 1072 811 horas
1101 771 1146 811 et
1176 767 1331 810 limina
1359 767 1537 811 circum.

316 824 433 876 Post,
463 825 541 868 ubi
571 826 661 868 iam
692 826 902 869 thalamis
931 841 978 869 se
1007 840 1301 883 composuere,
1331 825 1490 869 siletur

315 883 363 926 in
393 886 579 934 noctem,
610 883 748 927 fessos
780 899 835 927 ue
865 899 998 942 sopor
1026 899 1134 927 suus
1163 888 1351 941 occupat
1379 887 1516 927 artus.

315 941 410 986 Nec
438 956 546 985 uero
574 957 602 985 a
630 899 818 986 stabulis
847 942 1003 1001 pluuia
1032 942 1314 1001 impendente
1340 942 1553 986 recedunt

314 999 491 1057 longius
520 1004 601 1044 aut
629 1001 817 1044 credunt
846 1015 940 1044 sese
970 1001 1320 1044 aduentantibus
1352 1000 1495 1051 Euris,

314 1058 391 1101 sed
420 1058 585 1102 circum
615 1062 742 1102 tutae
771 1059 855 1102 sub
885 1059 1088 1102 menibus
1117 1059 1242 1102 urbis
1271 1062 1498 1116 aquantur

313 1117 1510 1220 zffifflssnh’ffss‘isss*ffi'ffimnfflbfflff‘

314 1232 490 1284 tollunt,
520 1234 591 1276 his
620 1248 714 1277 sese
743 1249 823 1301 per
852 1234 1004 1277 inania
1033 1234 1188 1277 nubila
1217 1233 1396 1277 librant.
1480 1210 1490 1228 ’

314 1290 449 1334 Illum
479 1292 590 1335 adeo
618 1292 835 1349 placuisse
864 1307 891 1335 a
924 1293 1024 1335 ibus
1053 1293 1271 1335 mirabere
1301 1307 1467 1335 morem

315 1349 434 1406 quod
463 1364 543 1393 nec
571 1350 808 1394 concubitu
838 1350 884 1393 in
918 1351 963 1394 ul
1021 1354 1074 1394 nt
1102 1365 1182 1394 nec
1211 1365 1395 1408 corpora
1424 1365 1582 1408 segnes

314 1406 363 1450 in
393 1407 609 1452 Venerem
638 1409 821 1452 soluunt
850 1412 930 1453 aut
981 1414 1080 1453 etus
1110 1409 1300 1452 nexibus
1329 1409 1480 1460 edunt,

313 1479 470 1509 uerum
499 1466 621 1524 ipsae
651 1466 771 1510 foliis
799 1470 929 1511 natos
958 1471 1004 1511 et
1033 1467 1246 1510 suauibus
1275 1467 1425 1510 herbis
1684 1478 1710 1511 c

311 1538 388 1567 ore
417 1524 595 1582 legunt;
637 1525 758 1582 ipsae
787 1540 936 1583 regem
967 1540 1215 1583 paruosque
1246 1525 1445 1578 Quirites

312 1582 539 1626 sufficiunt
567 1583 780 1641 aulasque
810 1588 857 1627 et
885 1598 1010 1628 cerea
1040 1599 1178 1642 regna
1207 1584 1415 1642 refigunt.

313 1639 455 1708 Saepe
485 1642 620 1685 etiam
650 1641 774 1686 duris
803 1642 992 1686 errando
1021 1642 1069 1685 in
1098 1642 1272 1686 cotibus
1301 1642 1396 1685 alas

312 1701 527 1743 attnuere
556 1700 763 1757 ultroque
792 1701 987 1744 animam
1018 1701 1102 1744 sub
1132 1700 1250 1744 fasce
1280 1700 1523 1753 dederunt;

311 1758 468 1801 tantus
497 1772 623 1802 amor
649 1758 809 1802 florum
839 1762 885 1802 et
914 1759 1155 1817 generandi
1185 1759 1326 1816 gloria
1356 1759 1512 1804 mellis.

313 1814 432 1873 Ergo
462 1816 581 1873 ipsas
611 1817 816 1874 quamuis
845 1818 1026 1874 angusti
1056 1818 1274 1861 terminus
1304 1818 1375 1860 eui

312 1874 507 1932 excipiat
527 1877 687 1932 (neque
717 1876 835 1918 enim
864 1876 966 1933 plus
994 1876 1185 1934 septima
1214 1876 1394 1920 ducitur
1422 1876 1570 1931 estas),

312 1934 362 1975 at
389 1947 530 1990 genus
560 1933 810 1977 immortale
839 1938 1003 1985 manet,
1033 1934 1285 1992 multosque
1315 1949 1395 1992 per
1424 1949 1565 1977 annos

311 1993 405 2034 stat
434 1990 618 2034 fortuna
646 1992 804 2035 domus
833 1995 879 2036 et
908 1993 982 2035 aui
1013 1996 1308 2036 numerantur
1335 2007 1534 2036 auorum.

312 2047 547 2093 Praeterea
575 2064 723 2107 regem
754 2065 843 2094 non
874 2051 936 2094 sic
967 2051 1158 2109 Egiptus
1187 2055 1233 2094 et
1262 2051 1420 2108 ingens

312 2105 442 2150 Lidia
460 2122 540 2151 nec
568 2108 721 2166 populi
753 2108 1019 2152 Parthorum
1049 2112 1130 2152 aut
1160 2109 1317 2152 Medus
1345 2109 1567 2166 Hidaspes

309 2165 573 2217 obseruant;
603 2181 706 2224 rege
736 2167 946 2210 incolumi
976 2182 1101 2211 mens
1130 2168 1336 2210 omnibus
1365 2182 1457 2210 una
1482 2172 1573 2219 est;

309 2223 472 2267 amisso
500 2239 658 2282 rupere
688 2225 821 2268 fidem
851 2229 1192 2283 constructaque
1221 2226 1354 2268 mella

311 2281 534 2339 diripuere
564 2283 686 2340 ipsae
715 2283 851 2326 etiam
881 2288 1025 2327 crates
1053 2284 1224 2328 soluere
1256 2284 1474 2327 fauorum.

310 2339 394 2383 Ille
422 2355 605 2398 operum
633 2345 794 2394 custos,
823 2342 951 2385 illum
981 2343 1263 2386 admirantur
1291 2346 1336 2386 et
1365 2357 1517 2385 omnes

310 2398 601 2442 circumstant
630 2400 822 2457 strepitu
852 2400 988 2444 denso
1018 2401 1276 2459 stipantque
1306 2400 1575 2457 frequentes,

310 2459 356 2499 et
381 2471 511 2514 saepe
539 2457 755 2501 attollunt
791 2458 989 2502 humeris
1018 2463 1064 2502 et
1092 2474 1276 2516 corpora
1308 2459 1421 2502 bello

309 2514 535 2558 obiectant
554 2516 872 2574 pulchramque
891 2521 1053 2574 petunt
1071 2532 1152 2575 per
1170 2517 1359 2560 uulnera
1378 2519 1579 2560 mortem.

194 2621 218 2656 4
241 2611 402 2649 iacintus
422 2613 453 2649 B
629 2615 650 2651 8
675 2613 888 2651 ammonuit
904 2614 945 2651 M
1124 2625 1167 2661 19
1191 2614 1397 2652 cuncubitu
1416 2614 1441 2651 S
1619 2625 1640 2651 2
1645 2622 1664 2660 5

195 2658 361 2698 attinere
378 2660 402 2697 S
546 2671 590 2706 27
614 2661 791 2699 terminis
808 2661 885 2698 c¹A
1037 2672 1078 2707 31
1108 2674 1186 2699 non
1204 2674 1332 2710 regem
1349 2662 1396 2698 A²
1503 2664 1667 2709 egyptus

196 2705 239 2743 M
379 2717 422 2754 35
447 2707 660 2755 dirripuere
678 2709 703 2746 S
844 2719 892 2756 39
915 2709 1087 2756 pulcram
1104 2710 1162 2746 AS

242 2798 267 2834 9
289 2789 416 2825 horas:
440 2789 508 2826 i.e.
526 2802 620 2827 ome.
736 2801 778 2837 13
802 2803 898 2828 me:
923 2792 1019 2828 welo
1035 2790 1151 2838 Verg.
1272 2799 1315 2837 35
1343 2793 1478 2828 etiam:
1502 2796 1534 2827 et
1550 2790 1668 2836 Verg-

195 2843 242 2882 37
265 2838 438 2883 strepitu:
453 2839 612 2883 fremitu
628 2838 742 2884 Verg.

1511 2908 1553 2942 61
