1988 3250
167 213 172 222 “
237 208 323 248 622
342 205 372 247 d
720 204 984 250 IOANNIS
1025 203 1544 249 SARESBERIENSIS
1689 203 1799 266 [ΜΒ.
1814 215 1866 249 v1

391 360 498 420 Cap.
522 374 588 415 24.
625 360 754 405 Vitia
783 364 1059 419 potestatum
1086 360 1287 417 ferenda
1326 364 1434 404 gurd
1469 373 1516 403 eo
1549 360 1670 417 quod
1707 360 1764 404 in
1801 360 1866 404 eis

507 431 722 488 auspicia
745 431 957 487 publicae
986 429 1151 474 salutis
1178 433 1399 480 constant,
1423 432 1463 473 et
1486 430 1608 486 quod
1632 428 1864 487 dispensa-

506 505 618 544 tores
643 501 808 545 salutis
826 504 938 545 sunt
965 500 1082 544 sicut
1110 503 1334 544 stomacus
1357 498 1415 541 in
1441 513 1619 556 corpore
1638 499 1867 543 animalis

506 571 752 615 ‘nutritiua
767 570 986 627 dispertit,
999 574 1038 613 et
1050 569 1125 613 hoc
1141 584 1192 613 ew
1208 569 1432 613 sententia
1445 568 1629 612 domini
1641 568 1865 612 Adriani.

447 669 584 720 Vade,
615 668 764 725 inquit
798 667 1019 718 Salomon,
1054 666 1112 710 ad
1144 666 1388 720 formicam,
1423 667 1462 710 O
1503 667 1640 725 piger,
1673 669 1727 710 ut
1764 680 1865 724 pro-
1884 676 1906 712 5

388 739 592 782 uidentia
608 738 838 781 habeatur.
898 737 962 780 At
987 737 1276 794 philosophus
1302 736 1452 779 uirum
1472 736 1702 794 politicum
1721 736 1867 779 mittit

389 808 448 851 ad
488 822 592 865 apes
631 810 685 850 ut
723 807 781 850 ab
820 807 909 850 illis
949 821 1079 849 suum
1119 806 1262 849 discat
1296 805 1511 859 officium;
1554 806 1626 850 cui
1665 806 1703 849 si
1739 805 1866 862 Tyrii

389 877 734 934 adquieuissent,
749 890 1029 934 nequaquam
1045 875 1250 918 luxuriae
1271 875 1560 919 indulsissent
1580 879 1626 919 et
1645 875 1699 919 de
1718 875 1867 933 gentis

237 958 323 1004 623
341 965 373 995 a
389 949 605 1004 perpetua
643 946 949 990 incolumitate
991 946 1252 1003 gauderent.
1330 945 1430 996 Sed,
1471 946 1577 1002 quia
1614 945 1779 989 uitium
1817 945 1867 987 in

388 1017 574 1060 muliere
588 1016 768 1059 domina
782 1015 1014 1068 radicam't,
1031 1015 1272 1058 effeminati
1288 1015 1407 1058 ciues
1422 1015 1735 1058 subduxerunt
1753 1014 1866 1058 colla
1885 1028 1928 1055 10

387 1086 563 1129 uirtuti.
622 1086 771 1136 Porro,
784 1085 868 1128 etsi
895 1084 943 1126 in
970 1084 1111 1127 officio
1131 1084 1354 1127 uirtutum
1379 1084 1440 1127 sit
1459 1084 1684 1128 remissior
1702 1083 1866 1142 princi-.-

387 1158 534 1212 patus,
553 1155 762 1198 colendus
788 1157 940 1198 tamen
967 1157 1058 1206 est;
1089 1157 1145 1205 et,
1166 1154 1282 1197 sicut
1305 1168 1410 1211 apes
1430 1154 1478 1196 in
1498 1154 1696 1198 humeris
1715 1168 1866 1212 regem

388 1239 520 1268 suum
554 1224 780 1275 attollunt,
815 1224 881 1266 ita
915 1223 1116 1275 subiecti,
1149 1238 1259 1280 quos
1294 1224 1428 1281 pedes
1463 1227 1509 1267 et
1538 1224 1737 1267 membra
1771 1238 1866 1267 esse

386 1294 703 1351 praediximus,
737 1292 976 1336 dummodo
1009 1292 1135 1335 uitiis
1173 1293 1445 1350 perniciosus
1484 1308 1574 1337 non
1613 1294 1685 1345 sit,
1723 1293 1864 1337 omni-

384 1363 566 1405 modum
587 1363 627 1406 ei
655 1362 897 1406 exhibeant
924 1361 1206 1406 famulatum.
1264 1362 1395 1414 Nam,
1417 1363 1500 1406 etsi
1527 1363 1700 1407 laboret
1725 1363 1862 1414 uitiis,
1884 1374 1925 1410 15

385 1431 597 1475 ferendus
624 1435 692 1475 est
719 1435 948 1489 tamquam
975 1431 1023 1473 in
1051 1446 1139 1488 quo
1166 1431 1324 1475 salutis
1355 1432 1553 1489 auspicia
1579 1432 1863 1490 prouinciali-

387 1501 472 1545 bus
503 1504 676 1546 extant.

793 1582 913 1640 Rege
943 1581 1154 1624 incolumi
1184 1596 1309 1625 mens
1339 1582 1545 1626 omnibus
1575 1596 1666 1625 una
1678 1597 1688 1635 ;

505 1641 668 1684 amisso
697 1655 856 1698 rupere
886 1640 1033 1684 fidem.

388 1733 545 1777 Illirici
573 1737 618 1777 et
638 1734 797 1777 Traces
817 1733 1040 1776 cotidiano
1060 1733 1272 1776 exercitio
1294 1732 1493 1776 indurati
1520 1732 1663 1790 gloria
1682 1733 1864 1778 bellicae
1884 1748 1928 1773 20

390 1803 536 1846 laudis
555 1803 769 1846 finitimos
790 1802 1050 1845 Macedones
1070 1802 1310 1853 terrebant,
1331 1803 1408 1859 qui
1429 1803 1596 1860 praelio
1617 1803 1747 1860 pulsi,
1761 1818 1865 1862 rege

341 1876 372 1916 b
390 1887 470 1917 suo
491 1873 607 1931 regis
623 1872 823 1915 defuncti
845 1872 936 1915 filio
956 1872 1004 1914 in
1020 1872 1146 1915 cunis
1162 1872 1336 1929 prolato
1354 1875 1399 1915 et
1419 1887 1533 1930 pone
1548 1873 1686 1916 aciem
1706 1874 1864 1931 posito,

390 1943 536 1987 acrius
555 1945 779 1986 certamen
800 1942 1014 1999 repetiere
1034 1944 1263 1999 tamquam
1285 1942 1384 1985 ideo
1404 1942 1513 1985 uicti
1535 1941 1726 1986 fuissent
1747 1943 1866 2000 quod

390 2012 660 2056 bellantibus
683 2011 922 2055 defuerant
941 2012 1139 2069 auspicia
1167 2011 1283 2069 regis
1312 2011 1393 2062 sui,
1413 2012 1605 2055 uictores
1626 2011 1770 2055 futuri
1791 2012 1864 2056 uel

390 2085 626 2140 propterea
646 2081 763 2138 quod
791 2096 847 2124 ex
874 2081 1189 2138 superstitione
1216 2081 1288 2124 uel
1317 2081 1403 2124 fide
1431 2081 1629 2123 animum
1657 2082 1864 2125 uincendi
1883 2095 1927 2131 ²5

391 2154 610 2209 ceperant.
671 2151 789 2193 Nam
814 2154 859 2193 et
883 2151 1108 2193 miseratio
1136 2150 1325 2193 infantis
1354 2165 1426 2193 eos
1454 2150 1635 2194 tenebat
1663 2165 1806 2207 quem,
1826 2152 1864 2195 si

391 2220 501 2264 uicti
522 2223 680 2270 essent,
699 2220 928 2277 captiuum
949 2220 1003 2263 de
1024 2235 1125 2277 rege
1148 2219 1292 2263 facere
1312 2219 1596 2263 uidebantur.
1647 2219 1865 2264 Conserto

390 2291 543 2348 itaque
573 2290 739 2348 praelio
769 2304 931 2347 magna
958 2289 1089 2332 caede
1121 2289 1310 2332 Illiricos
1339 2289 1555 2332 fuderunt
1582 2290 1867 2334 ostendentes

392 2449 428 2492 4
439 2442 518 2484 post
535 2436 693 2473 Adriani
710 2438 793 2472 add.
813 2448 909 2519 Rape
928 2438 969 2473 et
986 2435 1112 2482 quinti
1130 2435 1252 2473 sereni
1269 2435 1309 2472 8²
1442 2444 1462 2482 7
1488 2435 1571 2472 tirii
1588 2435 1690 2472 ASM
1824 2446 1837 2472 1
1845 2444 1864 2483 5

393 2484 430 2523 ei
448 2497 515 2522 om.
535 2484 573 2520 M
742 2484 811 2520 2fi
834 2496 867 2520 ιο
886 2483 1056 2521 defuncti
1076 2483 1215 2520 c¹B²A¹

443 2628 460 2666 5
494 2619 590 2654 Vade
615 2621 707 2654 etex
743 2629 774 2653 v.
808 2617 911 2653 Prov.
941 2617 987 2652 vi.
1019 2617 1052 2653 6.
1201 2617 1224 2653 6
1244 2617 1502 2663 philosophus:
1539 2615 1606 2653 i..e
1638 2615 1867 2654 Plutarchus

394 2666 436 2703 in
455 2667 685 2702 Institutione
706 2666 884 2707 Tmiani,·
910 2676 940 2701 v.
962 2676 1076 2722 supra
1100 2675 1131 2700 c.
1158 2674 1197 2700 21
1230 2665 1313 2710 (619
1326 2664 1382 2709 n).
1591 2673 1611 2709 7
1642 2665 1767 2710 Tyrii:
1793 2664 1818 2701 i.
1832 2676 1866 2703 e.

393 2713 738 2760 Carthaginienses.
849 2723 884 2758 9
907 2723 948 2749 10
973 2715 1012 2747 in
1031 2713 1178 2747 muliere
1195 2713 1362 2747 domina:
1390 2710 1413 2748 i.
1429 2723 1458 2748 e.
1478 2710 1518 2746 in
1536 2710 1696 2749 Didone.
1822 2722 1865 2749 12

392 2764 484 2798 sicut
502 2773 588 2808 apes
604 2764 675 2798 etc.
694 2773 701 2796 ε
728 2772 758 2796 v.
779 2758 890 2805 Vei-g.
910 2762 1033 2804 Geoey.
1054 2758 1098 2795 iv.
1113 2768 1192 2804 2¹7·
1342 2769 1383 2803 ¹4
1406 2761 1682 2805 praedioeimus:
1706 2771 1739 2796 v
1753 2771 1866 2806 supra

393 2820 424 2846 c.
445 2819 499 2845 20.
675 2817 713 2852 ¹7
740 2809 830 2853 Βερο
848 2810 940 2844 etc.:
968 2806 1080 2853 Vct-g.
1101 2808 1225 2852 Geor-y.
1246 2805 1292 2841 iv.
1312 2816 1391 2850 212,
1412 2817 1490 2852 213.
1658 2817 1707 2843 20
1730 2808 1868 2844 Illirici

392 2860 487 2895 ete:
514 2869 544 2892 v.
574 2854 706 2892 lustin.
730 2854 793 2891 vii.
819 2865 839 2891 2
867 2855 908 2902 §9
936 2857 1276 2901 6—12.25
1303 2855 1361 2890 uel
1375 2833 1478 2899 ,⁹fide:
1513 2852 1662 2891 addidit
1691 2854 1866 2892 Ioannes.

503 2929 548 2964 ⁶6
