1988 3250
237 193 322 233 802
340 203 367 234 e
708 192 968 237 IOANNIS
1008 192 1519 238 SARESBERIENSIS
1620 195 1836 251 [mavul

378 313 688 365 Antiochenos‚
727 314 939 358 aduersus
977 329 1086 371 quos
1123 316 1221 357 tum
1259 314 1423 357 librum
1462 315 1570 358 satis
1617 315 1838 358 urbanum

379 382 565 439 scripsit.
606 384 668 426 Vt
687 387 836 427 autem
858 384 992 427 etiam
1007 383 1165 426 Iudeos
1184 383 1328 427 denuo
1348 384 1566 427 animaret
1586 387 1631 427 et
1646 386 1839 426 armaret

381 451 429 493 in
450 451 691 505 Christum,
711 453 926 510 templum
953 452 1218 495 Ierosolimis
1238 467 1311 496 eos
1337 453 1586 496 instaurare
1605 452 1838 511 praecepit.

337 521 366 562 d
384 520 844 579 Concurrentibusque
864 537 973 579 quos
993 522 1047 565 de
1067 525 1163 565 toto
1178 522 1283 565 orbe
1302 525 1634 574 conuocauerat,
1647 521 1840 579 plurima

381 591 666 643 ministrauit,
695 592 902 649 misitque
930 591 1175 648 praesidem
1203 591 1440 648 impiorum
1470 594 1747 635 executorem
1774 590 1839 633 di·
1857 605 1878 640 5

377 659 640 716 gnissimum
652 664 988 718 praeceptorem.
1010 660 1152 703 Aiunt
1164 660 1281 702 enim
1295 660 1502 716 quoniam
1515 660 1571 703 ad
1583 660 1840 718 repurgium

379 727 631 772 faciendum
651 732 883 787 argenteas
898 744 1019 772 amas
1035 732 1080 771 et
1095 728 1304 785 cophinos
1319 732 1364 771 et
1381 730 1565 786 scaphas
1579 729 1840 781 habuerint3

379 812 566 855 cumque
605 798 756 842 fodere
795 799 884 841 iam
918 798 1173 855 coepissent,
1208 800 1380 840 statuta
1419 798 1596 855 quidem
1642 798 1713 842 die
1758 798 1841 842 hoc

379 867 622 911 multitudo
651 868 843 925 plurima
872 867 1074 911 faciebat.
1133 867 1276 910 Nocte
1309 882 1416 910 uero
1447 870 1690 924 spontanea
1721 870 1842 910 terra

380 938 435 980 de
474 937 590 980 ualle
629 938 862 981 crescebat.
941 937 1109 980 Solutis
1153 937 1304 994 itaque
1352 937 1512 994 prioris
1561 936 1841 980 fundamenti
1860 950 1904 981 ιο

380 1006 590 1063 reliquiis,
609 1021 726 1049 noua
745 1006 894 1049 omnia
912 1006 1247 1063 praeparabant.
1290 1005 1490 1063 Cumque
1512 1006 1628 1064 gipsi
1649 1009 1694 1050 et
1713 1006 1843 1050 calcis

381 1075 524 1118 multa
550 1075 796 1118 modiorum
823 1075 947 1118 milia
966 1077 1316 1133 congregassent,
1338 1075 1407 1117 uis
1427 1090 1590 1133 magna
1608 1079 1843 1119 uentorum

382 1147 561 1202 repente
581 1144 801 1201 respirans
821 1147 1105 1201 tempestates
1124 1147 1259 1201 atque
1284 1144 1499 1202 procellae
1525 1144 1673 1188 subito
1699 1144 1843 1188 factae

383 1213 592 1271 quicquid
621 1217 935 1271 congregatum
965 1213 1114 1256 fuerat
1137 1214 1450 1271 disperserunt.
1508 1214 1667 1258 Adhuc
1693 1217 1843 1257 autem

382 1283 714 1327 uesanientibus
741 1283 804 1326 eis
830 1286 876 1326 et
899 1298 1178 1340 nequaquam
1205 1283 1360 1326 diuina
1383 1283 1718 1341 longanimitate
1747 1298 1843 1327 cor·
1865 1295 1905 1334 15

382 1353 533 1410 teptis,
553 1352 773 1395 maximus
793 1353 936 1409 primo
957 1356 1102 1395 terrae
1122 1355 1269 1396 motus
1289 1352 1434 1396 factus
1461 1356 1550 1406 est;
1581 1355 1626 1396 et
1645 1353 1845 1410 quisquis

383 1438 472 1466 non
502 1421 651 1465 fuerat
679 1422 844 1465 diuinis
873 1422 1082 1465 misteriis
1111 1423 1320 1475 imbutus,
1350 1423 1635 1466 uehementer
1663 1422 1846 1466 attritus

234 1501 318 1549 803
337 1510 367 1540 a
384 1495 463 1536 est.
522 1491 635 1536 Cum
675 1506 781 1534 uero
815 1506 956 1548 neque
996 1491 1077 1535 hoc
1109 1495 1382 1535 terrerentur
1420 1492 1594 1544 indicio,
1634 1492 1750 1549 ignis
1789 1506 1846 1535 ex

384 1560 687 1604 fundamentis
724 1575 836 1617 quae
875 1561 1226 1604 suffodiebantur
1260 1561 1486 1618 egrediens
1525 1561 1739 1618 plurimos
1778 1560 1846 1604 fo·

384 1630 600 1673 dientium
629 1630 937 1683 concremauit,
966 1630 1153 1674 aliorum
1187 1631 1384 1673 membra
1417 1631 1632 1674 dissoluit.
1703 1630 1846 1675 Nocte
1865 1647 1908 1673 πο

385 1700 588 1757 plurimis
608 1700 654 1742 in
675 1700 823 1742 uicina
848 1700 1020 1756 porticu
1047 1700 1367 1743 dormientibus
1392 1700 1551 1744 cadens
1577 1700 1726 1744 subito
1745 1715 1845 1744 cum

386 1772 504 1812 tecto
523 1769 619 1826 ipsa
639 1769 832 1826 porticus
859 1769 1126 1812 dormientes
1151 1769 1378 1826 oppressit.
1437 1769 1540 1812 Alia
1565 1784 1672 1813 uero
1701 1770 1772 1813 die
1799 1770 1847 1812 in

386 1838 478 1882 celo
502 1838 678 1896 signum
708 1838 942 1895 splendens
968 1838 1109 1881 crucis
1140 1838 1347 1882 salutaris
1374 1839 1593 1896 apparuit,
1612 1839 1688 1882 sed
1713 1839 1847 1882 etiam

388 1907 624 1950 Iudeorum
674 1911 819 1950 uestes
874 1907 1014 1950 crucis
1064 1907 1289 1964 signaculo
1337 1911 1444 1951 sunt
1492 1908 1710 1965 impletae,
1759 1923 1848 1952 non

387 1977 586 2034 signatae
614 1979 762 2019 tamen
790 1976 1037 2033 splendenti
1069 1977 1210 2020 colore
1240 1977 1316 2021 sed
1345 1978 1486 2035 nigro.
1547 1978 1668 2021 Haec
1698 1978 1849 2035 itaque
1868 1992 1910 2028 ²5

389 2046 472 2089 Dei
493 2046 676 2088 rebelles
695 2046 1021 2089 considerantes
1037 2050 1081 2089 et
1097 2046 1251 2089 diuina
1266 2047 1649 2090 contremiscentes
1663 2046 1850 2105 flagella,

389 2115 446 2157 ad
467 2114 646 2172 propria
665 2118 770 2158 sunt
790 2115 967 2167 reuersi,
984 2115 1242 2159 confitentes
1258 2130 1350 2158 esse
1365 2115 1509 2158 Deum
1526 2116 1601 2173 qui
1622 2116 1679 2159 ab
1699 2130 1850 2160 eorum

390 2183 744 2241 progenitoribus
784 2183 904 2240 ligno
944 2183 1157 2240 probatur
1199 2199 1430 2241 appensus.
1500 2184 1553 2227 In
1593 2185 1662 2228 his
1701 2188 1851 2229 tamen

390 2252 595 2295 omnibus
625 2266 712 2295 non
748 2256 815 2295 est
843 2267 1024 2295 auersus
1054 2252 1179 2296 furor
1210 2253 1347 2310 impii,
1379 2253 1454 2296 sed
1486 2254 1694 2298 indurato
1722 2254 1851 2298 corde

392 2320 615 2379 praecepit
644 2323 707 2371 ut,
737 2321 999 2378 quicumque
1034 2322 1277 2365 sacrificare
1307 2322 1486 2374 nollent,
1515 2322 1730 2380 palatium
1760 2338 1849 2367 non
1867 2341 1912 2378 30

340 2395 369 2434 b
394 2390 612 2433 intrarent
632 2392 677 2432 et
701 2405 842 2447 neque
861 2390 1042 2448 collegio
1062 2406 1202 2448 neque
1231 2391 1327 2435 foro
1347 2406 1488 2449 neque
1508 2392 1692 2436 arbitrio
1711 2407 1852 2450 neque

393 2459 612 2516 dignitate
661 2473 740 2503 nec
796 2460 992 2517 qualibet
1039 2460 1423 2504 administratione
1471 2461 1852 2519 participarentur.

396 2589 409 2616 1
439 2578 656 2615 antiocenos
673 2579 697 2616 S
878 2589 899 2627 7
924 2591 1027 2618 amos
1043 2580 1095 2617 A:
1119 2581 1251 2618 hamos
1268 2580 1349 2618 S'M
1541 2591 1583 2627 17
1609 2581 1798 2628 mysteriis
1815 2580 1854 2618 M

397 2636 440 2671 ¹9
464 2626 771 2680 subfodiebantur
786 2626 817 2663 Δ
979 2638 1031 2675 ι9,
1051 2639 1097 2664 20
1123 2629 1356 2666 fodiendium
1377 2628 1405 2666 Ο
1546 2640 1592 2676 23
1619 2629 1742 2667 celum
1759 2629 1854 2667 cBA

393 2683 437 2720 32
463 2674 805 2712 amministratione
823 2675 861 2711 M

439 2792 460 2819 2
494 2784 533 2819 Vt
550 2789 669 2820 autem
686 2787 791 2820 etiam
810 2786 937 2820 Iudeoa
953 2786 1046 2821 eta:
1074 2796 1104 2821 v.
1122 2783 1284 2822 Cassiod.
1301 2786 1397 2822 Hm.
1419 2786 1519 2832 Tm'p.
1537 2785 1583 2823 vi.
1601 2795 1660 2833 43.
1808 2795 1855 2832 30

390 2833 571 2877 praecepit
588 2834 682 2869 cte.:
710 2844 742 2869 v.
759 2831 850 2869 ibid.
868 2831 913 2869 vi.
932 2843 988 2879 30.

503 2904 567 2944 388
