1988 3250
249 208 336 259 760
355 209 386 249 b
733 207 993 252 IOANNIS
1033 206 1548 252 SARESBERIENSIS
1655 207 1765 270 [ΜΒ.
1779 217 1871 253 VIII

405 327 590 386 expellit
609 328 896 380 honestatem,
917 328 1144 373 sordidum
1164 331 1232 372 est
1251 332 1297 372 et
1316 329 1568 372 habendum
1588 329 1637 372 in
1656 329 1873 374 sordibus.

405 397 510 441 Non
537 399 688 441 tamen
718 398 924 456 arguitur
952 398 1070 455 quod
1098 398 1335 442 necessitas
1364 398 1619 450 introducit,
1648 398 1753 455 quia
1781 413 1872 442 non

363 481 390 511 c
405 481 556 511 omnes
577 468 726 512 omnia
743 471 941 525 possunt,
962 471 1008 511 et
1027 471 1095 511 est
1114 468 1239 511 cuius
1265 470 1429 511 natura
1459 468 1600 526 exigit
1620 468 1737 511 unde
1757 468 1872 511 alius

403 537 648 580 honeratur
667 540 747 581 aut
774 537 892 594 quod
912 538 1091 581 omnino
1117 537 1236 581 ferre
1262 552 1352 581 non
1379 540 1536 595 potest.
1597 538 1695 582 Hoc
1721 540 1872 581 autem

401 606 685 663 philosophia
730 606 947 664 praecipit
985 607 1223 657 obseruari,
1261 610 1316 650 ut
1354 607 1540 664 quisque
1579 607 1627 649 in
1665 606 1872 650 omnibus
1890 617 1911 652 5

404 674 553 734 fugiat
581 679 746 727 notam,
775 676 972 719 indicens
1002 676 1166 719 actioni
1204 675 1517 719 rectitudinem
1546 691 1604 719 ne
1633 677 1694 720 sit
1723 691 1871 734 repre-

404 745 646 798 hensibilis,
675 745 866 788 sermoni
896 745 1115 788 cautelam
1144 759 1200 787 ne
1229 745 1290 788 sit
1319 745 1676 802 contemptibilis,
1695 745 1872 788 habitui

403 814 665 858 modestiam
691 829 748 858 ne
777 814 837 857 sit
860 814 1096 868 notabilis3
1127 813 1518 870 intemperantiam
1546 829 1738 871 namque
1763 817 1873 858 nota

403 883 641 933 conuincit,
698 883 754 927 In
773 883 1036 926 hodiernum
1061 882 1179 925 diem
1206 883 1413 940 arguitur
1441 882 1725 941 intemperies
1756 884 1872 927 Hor-

404 953 549 1004 tensii,
569 968 596 996 a
616 967 703 1011 quo
723 953 799 996 isti
828 952 1023 996 dealbati
1044 952 1188 995 adhuc
1217 951 1428 995 dicuntur
1458 952 1762 1006 Hortensiani,
1782 967 1872 996 non
1892 965 1934 991 10

404 1022 523 1079 quod
552 1022 722 1080 primus
750 1022 827 1065 sed
857 1021 974 1078 quod
1013 1021 1275 1078 praecipuus
1309 1021 1468 1064 talium
1498 1021 1647 1073 fuerit,
1677 1022 1786 1066 adeo
1819 1025 1874 1066 ut

404 1092 626 1135 suffecerit
645 1091 702 1134 ad
722 1095 875 1134 notam
904 1091 1039 1134 seculi
1066 1091 1160 1143 sui;
1188 1091 1261 1133 uir
1286 1090 1442 1148 utique
1469 1091 1662 1148 alloquio
1688 1106 1745 1135 ex
1771 1105 1872 1149 pro·

404 1159 521 1204 fesso
540 1161 685 1204 mollis
705 1163 751 1204 et
776 1161 825 1203 in
850 1160 1104 1218 praecinctu
1124 1174 1291 1217 ponens
1311 1174 1486 1203 omnem
1510 1160 1710 1204 decorem
1730 1175 1871 1204 suum.

405 1229 512 1272 Fuit
551 1230 669 1272 enim
709 1230 878 1273 uestitu
917 1230 974 1273 ad
1011 1228 1340 1272 immunditiem
1379 1229 1550 1272 curioso
1590 1232 1646 1281 et,
1675 1232 1728 1273 ut
1761 1230 1873 1274 bene

406 1299 595 1342 amictus
615 1299 711 1350 iret,
732 1299 891 1342 faciem
911 1298 1151 1356 quaerebat
1177 1298 1225 1340 in
1245 1297 1431 1355 speculo.
1491 1299 1579 1342 Vbi
1606 1314 1654 1343 se
1680 1299 1872 1352 intuens,
1893 1311 1933 1347 15

361 1372 392 1413 d
407 1370 557 1426 togam
578 1368 748 1425 corpori
768 1368 830 1412 sic
850 1368 1102 1426 applicabat
1120 1370 1173 1411 ut
1192 1381 1326 1425 rugas
1341 1382 1397 1410 ne
1418 1367 1534 1412 forte
1555 1368 1631 1412 sed
1651 1368 1873 1413 industria

406 1437 571 1481 locatas
605 1437 772 1480 artifex
802 1437 945 1480 nodus
983 1436 1251 1494 astringeret
1289 1439 1335 1480 et
1373 1436 1497 1480 sinus
1534 1452 1592 1481 ex
1630 1438 1872 1495 composito

405 1507 602 1550 defluens
639 1506 819 1549 modum
853 1505 1006 1549 lateris
1045 1505 1247 1550 ambiret.
1309 1506 1357 1551 Is
1397 1506 1632 1563 quondam,
1661 1521 1762 1550 cum
1801 1506 1871 1550 in-

403 1576 578 1620 cederet
609 1576 860 1619 elaboratus
891 1575 948 1618 ad
982 1575 1182 1633 speciem,
1213 1574 1405 1632 collegae
1445 1575 1499 1623 de
1538 1575 1714 1619 iniuriis
1749 1575 1868 1619 diem

404 1645 523 1689 dixit
542 1644 660 1703 quod
679 1644 764 1688 sibi
794 1645 841 1687 in
861 1643 1080 1702 angustiis
1100 1643 1257 1687 obuius
1277 1645 1445 1687 offensu
1466 1643 1655 1688 fortuito
1674 1647 1868 1689 structu·
1889 1658 1933 1683 ιο

402 1729 499 1758 ram
520 1717 651 1772 togae
670 1714 975 1766 destruxerat3
1005 1716 1050 1756 et
1069 1713 1258 1770 capitale
1278 1713 1458 1770 putauit
1477 1713 1595 1771 quod
1615 1714 1663 1756 in
1683 1714 1868 1758 humero

403 1798 484 1828 suo
503 1784 647 1827 locum
666 1798 779 1841 ruga
804 1785 1032 1825 mutasset.
1093 1781 1243 1826 Nichil
1270 1782 1360 1825 tale
1381 1782 1625 1839 sapientem
1645 1782 1771 1827 decet
1790 1785 1872 1827 aut

403 1853 551 1896 uirum
585 1852 800 1909 probum3
840 1851 975 1894 immo
1009 1853 1055 1894 et
1085 1853 1313 1894 matronae
1347 1851 1558 1895 honestae
1591 1854 1638 1895 et
1671 1852 1870 1910 uirgines

403 1925 626 1980 nupturae
646 1921 821 1965 facilius
841 1923 887 1964 et
907 1919 1079 1963 felicius
1099 1920 1156 1963 ob
1176 1920 1324 1963 dotem
1346 1920 1514 1966 formae
1529 1924 1703 1964 tantam
1723 1921 1871 1965 cultus

404 1991 474 2036 sui
501 1990 841 2034 sollicitudinem
869 1989 1145 2033 erubescunt.
1207 1989 1372 2033 Mirum
1397 1989 1548 2048 itaque
1570 1993 1638 2034 est
1668 2005 1756 2048 qua
1785 1990 1869 2034 im·
1890 1997 1932 2033 25

403 2060 618 2121 pudentia
636 2060 769 2103 etatis
787 2062 964 2103 nostrae

982 2139 1129 2183 cultus
1158 2141 1331 2197 gestare
1361 2138 1539 2184 decoros

694 2198 774 2242 uix
803 2197 989 2241 nuribus
1018 2211 1203 2255 rapuere
1232 2212 1388 2241 mares

261 2301 342 2353 761
360 2309 391 2341 a
409 2291 527 2346 Quid
557 2305 662 2349 ergo
691 2290 808 2348 quod
838 2290 1033 2333 milites?
1094 2289 1212 2342 Quid
1242 2289 1359 2346 quod
1388 2289 1568 2336 clerici?
1641 2290 1871 2348 Siquidem

407 2361 514 2404 haec
529 2360 678 2404 omnia
693 2359 892 2402 fallacem
909 2358 1151 2402 meretricis
1169 2357 1317 2401 fucum
1331 2361 1377 2401 et
1392 2358 1608 2402 malitiam
1625 2359 1869 2406 imitantur.
1889 2370 1932 2406 30

405 2430 523 2484 Quid
559 2444 663 2487 crgo
697 2428 795 2472 uiro
825 2442 925 2472 cum
966 2427 1154 2485 speculo,
1185 2427 1270 2470 nisi
1311 2428 1359 2470 in
1398 2443 1449 2472 eo
1488 2443 1593 2472 casu
1632 2443 1720 2486 quo
1758 2429 1870 2474 illud

404 2499 631 2543 Platonem
666 2501 860 2555 gestasse
892 2497 1020 2541 testis
1055 2499 1123 2540 est
1155 2496 1409 2549 Flauianus,
1441 2500 1494 2541 ut
1527 2498 1702 2542 uideret
1735 2498 1783 2542 in
1817 2513 1870 2543 eo

406 2602 449 2639 13
474 2590 648 2639 precintu
667 2590 691 2626 S

450 2680 482 2713 2.
500 2680 518 2715 3
544 2682 618 2706 non
636 2680 756 2706 omnes
772 2670 868 2706 οἰοῖ
892 2679 925 2705 v.
940 2667 1051 2713 Vei-g.
1066 2668 1144 2704 Ecl
1158 2667 1236 2704 viii.
1254 2669 1310 2714 63.
1362 2678 1441 2763 4115,
1460 2678 1501 2706 12
1527 2670 1614 2705 adeo
1630 2674 1671 2706 ut
1692 2670 1870 2715 affecerit

404 2719 476 2756 (ιω.
492 2729 558 2763 usq
562 2729 607 2754 uc
635 2717 682 2753 ad
708 2729 768 2751 mu
746 2720 902 2753 ιιειαεεεε
929 2727 962 2752 v.
981 2714 1144 2752 Maerob.
1165 2715 1218 2751 iii.
1241 2726 1280 2761 ¹3
1569 2725 1612 2761 27
1637 2718 1755 2753 cultus
1771 2718 1866 2754 etc.-

403 2765 491 2802 Luc.
509 2765 636 2801 Phara.
655 2763 676 2800 i.
701 2765 778 2808 164
803 2765 879 2810 165.
999 2773 1043 2807 32
1069 2764 1217 2798 Platone
1201 2775 1276 2799 e:m
1340 2774 1412 2799 ιιιιο
1417 2725 1635 2800 ⁵historiam
1655 2775 1701 2800 ex
1722 2763 1866 2802 Ioanne

398 2815 531 2898 ὃοῗιτο
556 2812 652 2849 citat
661 2809 869 2903 fVilstilt6c3run
894 2773 1033 2856 Burlo³y
1057 2812 1100 2847 aa
1131 2811 1212 2847 Vita
1235 2815 1266 2847 ec
1290 2811 1453 2848 Moribus
1476 2812 1774 2859 Philosophorum
1793 2810 1864 2859 (ed.

430 2871 452 2897 o
470 2871 519 2897 οιι
555 2868 642 2905 1472
678 2871 699 2897 o
745 2869 766 2904 4

508 2940 576 2979 3¹4
