1988 3250
304 225 376 266 712
390 226 416 255 c
751 216 1012 261 IOANNIS
1051 216 1567 262 SARESBERIENSIS
1671 217 1784 279 [121131.
1796 229 1889 262 vnr

429 339 476 380 et
514 339 642 380 tanto
675 337 818 395 magis
853 337 1074 381 exteriora
1104 337 1222 380 bona
1253 338 1437 395 adipisci
1468 338 1691 382 desiderat
1724 340 1892 396 quanto

428 406 643 463 gaudium
681 421 771 450 non
810 407 946 450 habet
991 407 1048 450 ad
1092 407 1210 464 quod
1249 407 1513 451 intrinsecus
1552 411 1762 453 recurrat.
1834 408 1893 452 Et

430 475 608 532 quidem
629 476 804 534 singula
825 491 975 519 eorum
999 491 1104 519 suae
1123 477 1332 533 perniciei
1351 477 1542 521 afferunt
1562 477 1771 528 fructum,
1791 492 1892 520 cum

429 545 575 588 inanis
612 545 755 602 gloria
795 545 950 596 Deum,
990 545 1162 588 inuidia
1207 546 1470 603 proximum,
1516 547 1584 589 ira
1627 546 1804 590 auferat
1847 549 1893 589 et

429 614 646 671 seipsum;
694 615 882 658 tristitia
920 615 1067 658 solatii
1106 616 1159 658 fit
1199 615 1377 673 ignara3
1426 616 1629 667 auaritia,
1668 617 1775 659 dum
1813 630 1893 673 per
1911 631 1930 664 5

430 684 653 727 exteriora
681 688 885 742 uagatur,
915 684 1146 727 edacitatis
1181 699 1286 728 suae
1315 688 1564 728 maceratur
1593 685 1770 728 ieiunio.
1833 685 1895 728 Vt

430 768 537 796 uero
566 753 720 796 maciei
755 768 859 796 suae
893 754 1186 811 indigentiam
1217 754 1407 811 expleat,
1436 754 1684 811 prolabitur
1715 755 1772 797 ad
1806 754 1894 797 duo

429 822 575 866 carnis
605 823 719 865 uitia
750 838 863 879 quae
901 826 1159 879 sequuntur.
1217 823 1271 865 In
1311 823 1472 879 quibus
1510 823 1651 880 liquet
1690 823 1807 880 quod
1839 822 1894 866 de

431 892 602 935 uentris
621 892 820 950 ingluuie
841 892 1020 935 luxuria
1040 893 1248 944 nascitur,
1268 892 1374 935 dum
1395 892 1442 934 in
1464 892 1562 949 ipsa
1581 893 1894 936 distributione

431 962 726 1004 membrorum
744 962 891 1004 uentri
906 962 1120 1019 genitalia
1140 962 1380 1004 uideantur
1399 977 1492 1005 esse
1508 962 1719 1006 subnexa.
1767 962 1895 1005 Vnde
1914 979 1957 1004 10

386 1031 415 1071 d
433 1031 539 1073 dum
569 1046 707 1074 unum
735 1031 986 1074 inordinate
1011 1031 1220 1082 reficitur,
1247 1031 1369 1074 aliud
1395 1031 1684 1088 proculdubio
1710 1031 1768 1074 ad
1793 1045 1894 1075 con—

433 1100 638 1143 tumelias
687 1100 918 1143 excitatur.
980 1100 1104 1143 Haec
1153 1100 1331 1157 quidem
1381 1100 1632 1158 Gregorius,
1681 1101 1770 1145 imo
1817 1116 1897 1160 per

433 1169 695 1226 Gregorium
729 1169 924 1226 Spiritus
958 1172 1148 1212 sanctus.
1221 1170 1289 1212 Ex
1325 1185 1411 1227 quo
1446 1173 1620 1214 constat
1655 1171 1695 1214 ei
1731 1171 1807 1228 qui
1838 1171 1897 1214 ad

432 1239 620 1282 salutem
656 1239 802 1282 tendit
832 1239 1020 1296 primam
1053 1239 1284 1296 superbiae
1313 1239 1506 1283 sobolem
1537 1240 1896 1298 extinguendam,

433 1323 557 1365 quae,
589 1308 626 1351 si
659 1309 883 1366 paulisper
916 1309 1201 1359 subcreuerit,
1234 1309 1432 1352 omnium
1464 1310 1677 1353 uitiorum
1711 1310 1896 1354 frutices
1916 1325 1955 1360 ¹5

433 1378 489 1421 de
531 1393 589 1429 se,
628 1382 680 1421 ut
719 1378 995 1435 praedictum
1035 1381 1114 1430 est,
1152 1379 1311 1436 gignit.
1384 1378 1515 1432 Nam,
1555 1380 1639 1423 etsi
1678 1380 1739 1423 sit
1777 1379 1896 1438 apud

433 1447 625 1504 aliquem
652 1448 913 1504 quandoque
940 1448 1187 1504 praecipua,
1213 1463 1490 1506 nequaquam
1516 1439 1726 1507 possibile
1752 1453 1820 1494 est
1845 1451 1898 1493 ut

433 1516 495 1559 sit
514 1516 615 1560 sola.
675 1517 725 1559 Si
746 1517 863 1559 enim
885 1517 1135 1573 quempiam
1161 1517 1307 1560 inanis
1326 1518 1468 1575 gloria
1489 1519 1703 1569 stimulat,
1723 1533 1898 1563 necesse

433 1589 502 1628 est
521 1589 574 1629 ut
593 1601 672 1643 per
690 1586 882 1643 abrupta
901 1586 1114 1628 uitiorum
1141 1601 1349 1644 praeceps
1369 1591 1482 1631 ruat.
1542 1587 1639 1632 Hoc
1659 1592 1726 1632 est
1746 1591 1896 1632 autem

434 1655 551 1712 quod
578 1655 724 1698 nobile
751 1658 955 1698 censetur
978 1655 1153 1708 uitium,
1173 1655 1367 1713 adeoque
1394 1656 1614 1700 humanae
1634 1657 1896 1715 fragilitatis
1915 1676 1959 1702 πο

433 1725 653 1768 demulcet
687 1725 913 1782 ingenium
949 1727 1001 1767 ut
1035 1725 1114 1767 uix
1149 1725 1210 1768 sit
1240 1726 1312 1768 uel
1345 1741 1372 1769 a
1405 1727 1641 1783 praeclaris
1673 1728 1898 1772 mentibus

435 1794 641 1837 alienum.
702 1793 819 1837 Nam
851 1797 896 1838 et
919 1798 1067 1837 ortum
1100 1795 1292 1838 nobilem
1322 1795 1468 1847 habet,
1491 1796 1649 1853 suique
1676 1797 1898 1855 dispendii

435 1877 684 1921 processum
705 1863 845 1906 nescit
868 1868 1105 1920 antequam
1125 1879 1153 1906 a
1174 1863 1355 1922 fastigio
1375 1869 1552 1908 corruat
1572 1866 1689 1923 quod
1708 1867 1897 1924 optauit.

298 1939 370 1979 713
390 1939 420 1969 8
438 1933 555 1976 Nam
576 1936 621 1976 et
640 1932 694 1975 de
714 1948 760 1976 se
780 1933 970 1976 inuicem
992 1933 1106 1976 uitia
1125 1933 1343 1985 oriuntur,
1363 1937 1412 1977 at
1432 1934 1578 1978 inanis
1596 1936 1739 1993 gloria
1760 1937 1897 1980 etiam

434 2003 483 2046 in
503 2002 673 2045 uirtute
692 2002 877 2059 originis
892 2017 997 2045 suae
1017 2003 1117 2060 figit
1137 2003 1340 2047 radicem.
1391 2004 1445 2046 In
1466 2019 1552 2062 quo
1573 2005 1690 2048 enim
1712 2006 1897 2064 quisque
1916 2026 1958 2062 25

434 2087 540 2131 prae
555 2073 713 2116 ceteris
728 2072 875 2130 pollet,
891 2072 937 2115 in
954 2086 1016 2123 eo,
1032 2073 1118 2116 nisi
1134 2073 1245 2117 assit
1260 2073 1531 2118 moderatrix
1545 2076 1704 2134 gratia,
1720 2075 1899 2121 facilius

436 2142 701 2186 intumescit.

438 2277 482 2305 ιο
505 2267 719 2304 uedeantur
735 2266 759 2304 S

483 2392 517 2427 2,
536 2392 556 2427 3
583 2383 632 2418 Et
657 2383 796 2428 quidem
821 2384 892 2436 etc.
923 2382 1052 2429 (usque
1078 2382 1126 2420 ad
1151 2395 1187 2420 ee
1237 2385 1386 2430 untur):
1413 2384 1498 2422 Non
1524 2398 1571 2423 ex
1598 2385 1782 2435 Gregorio
1805 2386 1900 2426 haec

435 2430 634 2476 dctumpta
650 2431 748 2473 tunt,
765 2440 831 2475 qux
853 2433 1003 2466 tantum
1021 2430 1157 2468 habet:
1214 2437 1266 2468 ost
1287 2434 1373 2469 haec
1392 2435 1464 2470 duo
1488 2436 1656 2470 carnalia
1676 2437 1781 2479 uitia,
1797 2437 1837 2472 id
1852 2441 1902 2473 eet

435 2478 577 2513 uentris
593 2478 773 2522 {natu-aies
789 2483 820 2512 et
838 2478 1000 2520 luxuria.
1018 2484 1220 2525 supersunt.
1384 2491 1425 2526 19
1450 2482 1528 2518 Hoc
1544 2487 1594 2518 est
1610 2487 1730 2519 autem
1747 2484 1820 2520 etc.
1834 2495 1844 2520 e
1869 2494 1901 2521 v.

438 2523 570 2561 Boetia.
593 2525 731 2560 Comol.
749 2525 881 2561 Philon.
900 2524 938 2560 ii.
957 2536 1051 2571 pron.
1070 2525 1122 2561 vii
1140 2529 1188 2562 At
1239 2528 1253 2562 ι’
1267 2528 1331 2564 hoc
1347 2540 1463 2564 unum
1488 2534 1538 2564 est
1565 2530 1658 2576 quod
1676 2534 1903 2576 praestantes

435 2573 579 2619 quidem
596 2576 731 2607 natum
749 2578 882 2607 mentes
897 2573 958 2608 ned
979 2575 1140 2610 nondum
1160 2587 1182 2609 a
1230 2580 1425 2611 extremam
1448 2588 1597 2612 manum
1616 2578 1797 2613 uirtutum
1818 2589 1902 2624 per·

427 2620 585 2666 sectione
599 2621 789 2666 perductae
806 2620 947 2655 allicere
961 2622 1084 2666 possit,
1101 2622 1237 2666 ylariae
1259 2623 1391 2658 scilicet
1416 2625 1545 2677 cupido
1569 2629 1601 2659 et
1625 2636 1644 2660 ο
1672 2627 1842 2661 timor-um
1861 2627 1902 2662 ¹⁸0⁸

440 2678 513 2703 rem
525 2667 707 2713 publicam
716 2667 825 2712 sama
843 2669 1060 2704 meritorum.
1112 2667 1167 2705 Cf.
1191 2668 1340 2705 loannis
1357 2672 1476 2706 nostri
1495 2670 1633 2708 version
1653 2683 1693 2708 us
1709 2673 1821 2709 Enth.
1833 2674 1900 2720 875

440 2716 524 2767 (984
535 2717 576 2759 n)
606 2714 702 2749 Haec
719 2718 767 2749 eet
781 2719 1007 2761 presentantes
1021 2727 1111 2762 quae
1130 2717 1259 2752 deserit
1279 2718 1409 2752 ultima
1428 2724 1568 2761 mentes,
1587 2717 1648 2755 cui
1665 2718 1902 2757 simillimum

437 2764 494 2798 eat
513 2760 606 2797 :llud
625 2760 865 2798 Miltomcum
884 2763 1023 2808 (Lycia.
1043 2764 1117 2809 71),
1138 2764 1229 2800 Yhat
1246 2765 1315 2800 last
1332 2766 1510 2812 irfimaetty
1525 2766 1568 2812 os
1579 2767 1678 2803 noble
1695 2769 1807 2804 mind.

550 2931 613 2965 ²30
