1988 3250
278 207 364 248 ⁷40
383 205 410 240 θ

377 529 407 571 d

754 194 1017 241 IOANNIS
1056 196 1572 242 SARESBERIENSIS
1670 194 1783 257 [ΗΒ.
1797 207 1891 241 v111

423 316 578 361 Amice
607 315 805 362 ascende
823 318 1050 375 superius;
1089 319 1136 362 et
1170 318 1256 361 erit
1286 317 1371 361 tibi
1404 317 1548 376 gloria
1580 331 1728 361 coram
1759 316 1893 360 simul

423 386 816 431 discumbentibus.
882 387 1054 431 Deinde
1094 388 1213 431 hunc
1251 387 1490 431 articulum
1529 387 1656 444 quasi
1695 386 1892 444 generali

424 455 519 500 loco
537 457 804 500 confirmans
822 457 911 500 ait:
942 457 1100 500 Omnis
1119 456 1238 500 enim
1258 456 1336 514 qui
1360 471 1406 500 se
1433 456 1606 499 exaltat
1634 456 1892 499 humiliabi-

424 528 513 578 tur,
545 527 592 570 et
629 526 707 583 qui
745 541 792 570 se
826 526 1037 570 humiliat
1075 526 1359 569 exaltabitur.
1419 525 1490 576 Et,
1523 526 1627 569 licet
1665 525 1893 583 religionis

422 594 573 651 potius
611 610 745 652 quam
782 595 1014 639 ciuilitatis
1053 595 1262 638 uideatur
1304 595 1510 646 edictum,
1545 609 1627 652 ego
1665 594 1893 652 religionis
1910 610 1930 646 5

374 692 378 697 -
421 663 612 708 formam
632 679 660 708 a
678 665 896 708 ciuilitate
916 679 1006 708 non
1026 664 1191 715 diuido‚
1206 679 1306 708 cum
1326 664 1463 707 nichil
1482 664 1658 707 ciuilius
1678 664 1739 707 sit
1758 678 1893 721 quam

420 733 563 777 cultui
578 734 761 777 uirtutis
777 734 992 778 insistere.
1053 733 1262 778 Ceterum
1277 748 1357 776 nec
1371 732 1672 791 ualuifragam
1692 733 1895 776 admittit

422 802 566 860 legem
592 818 672 847 nec
699 803 890 846 letitiam
920 803 1118 846 excludit
1144 817 1224 845 nec
1251 802 1486 845 lautiorem
1506 801 1676 859 refugit
1705 816 1893 859 appara-

423 875 534 923 tum,
548 872 679 930 gulae
700 876 851 916 tamen
870 873 1152 916 irritamenta
1167 886 1256 914 non
1272 871 1470 928 quaerit3
1500 871 1566 914 ait
1586 871 1727 914 enim:
1757 871 1895 914 Tauri

420 941 511 984 -mei
541 944 587 985 et
613 942 756 985 altilia
782 942 923 985 occisa
949 944 1066 984 sunt.
1133 941 1192 983 Et
1216 941 1294 983 ubi
1321 940 1525 983 redeunti
1554 940 1740 998 prodigo
1765 943 1895 998 pater
1911 956 1956 982 ιο

423 1010 526 1068 pius
554 1011 792 1054 iocundum
822 1011 1039 1054 instruxit
1065 1010 1334 1060 conuiuium,
1361 1009 1419 1052 ad
1445 1009 1766 1053 conciliandam
1794 1010 1894 1053 leti-

420 1079 538 1123 tiam
569 1081 882 1138 symphoniam
915 1079 1097 1125 admisit
1129 1083 1175 1123 et
1201 1079 1396 1130 chorum,
1426 1079 1594 1123 occisus
1624 1081 1693 1122 est
1721 1079 1894 1124 uitulus

425 1149 668 1207 saginatus,
682 1153 738 1200 et,
751 1164 807 1192 ne
827 1150 966 1193 uestis
981 1149 1154 1193 abiecta
1172 1149 1428 1193 conuiuium
1444 1148 1720 1200 deuenustet,
1733 1149 1895 1193 anulus

425 1222 472 1262 et
491 1219 606 1262 stola
626 1219 930 1262 ministrorum
951 1218 1092 1262 officio
1121 1218 1169 1261 in
1198 1233 1329 1261 usum
1353 1217 1463 1261 nudi
1488 1221 1533 1261 et
1562 1221 1771 1261 ornatum
1793 1233 1895 1276 pro-

425 1288 566 1331 mitur
596 1288 651 1331 de
682 1288 892 1331 conclaui.
951 1288 1079 1331 Sicut
1111 1290 1263 1331 autem
1289 1287 1438 1345 dignis
1463 1286 1746 1331 liberalitatis
1779 1287 1896 1332 ostia

1913 1302 1954 1338 15

426 1360 595 1415 patent,
627 1357 693 1400 ita
721 1360 828 1400 sunt
861 1357 1069 1415 turpibus
1102 1356 1438 1415 praecludenda.
1510 1356 1628 1400 Nam
1661 1359 1707 1400 et
1741 1355 1895 1402 fatuae
1935 1393 1941 1400 .

291 1430 365 1473 ⁷41
383 1433 414 1464 8
428 1427 638 1485 uirgines,
658 1427 761 1470 licet
779 1427 959 1484 pulsent
978 1427 1036 1470 ad
1054 1427 1245 1478 ianuam
1261 1427 1318 1470 ob
1337 1426 1556 1470 stultitiae
1576 1429 1729 1470 notam
1749 1427 1896 1484 repul-

427 1509 522 1538 sam
541 1496 778 1553 patiuntur
802 1511 858 1540 ne
886 1496 1003 1540 forte
1029 1496 1248 1540 eiciantur
1273 1496 1502 1541 admissae.
1561 1495 1750 1541 Constat
1775 1496 1894 1540 enim

426 1579 533 1622 qma
684 1616 691 1622 .

585 1634 763 1692 turpius
791 1634 951 1678 eicitur
980 1648 1114 1692 quam
1143 1648 1233 1677 non
1261 1633 1518 1678 admittitur
1547 1633 1732 1692 hospes;

424 1734 471 1775 et
490 1734 641 1776 tamen
662 1733 756 1776 sine
776 1735 885 1776 nota
904 1732 1073 1783 eicitur,
1093 1732 1131 1776 si
1151 1746 1233 1776 sua
1253 1732 1532 1790 turpitudine
1553 1732 1773 1776 deformet
1791 1747 1892 1778 con·

424 1802 613 1846 uiuium.
673 1802 903 1859 Siquidem
925 1805 970 1845 et
989 1801 1064 1845 ille
1079 1802 1245 1845 eiectus
1260 1804 1328 1844 est
1343 1801 1419 1859 qui
1435 1805 1606 1845 uestem
1626 1817 1715 1845 non
1736 1802 1896 1848 habuit

424 1871 683 1928 nuptialem.
730 1871 851 1915 Haec
865 1874 1029 1924 autem,
1042 1871 1145 1915 licet
1159 1871 1382 1914 misticum
1399 1871 1592 1914 habeant
1608 1871 1895 1925 intellectum,

425 1939 738 1983 nichilominus
768 1940 815 1983 in
845 1940 942 1997 ipsa
968 1940 1197 1998 superficie
1224 1940 1455 1984 ciuilitatis
1482 1939 1744 1997 praeferunt
1773 1941 1894 1985 rudi·

425 2012 589 2052 menta.
648 2009 766 2052 Nam
796 2012 842 2052 et
871 2009 982 2052 illud
1013 2009 1190 2066 quidem
1221 2009 1413 2052 fideliter
1442 2012 1573 2053 sonat
1604 2009 1661 2053 ad
1696 2010 1894 2053 litteram

425 2077 543 2135 quod
574 2078 814 2135 Apostolus
838 2078 1075 2135 praecipit:
1106 2078 1155 2121 Si
1183 2078 1283 2136 quis
1307 2078 1448 2121 frater
1475 2078 1733 2122 nominatur
1755 2078 1894 2122 forni-

424 2150 549 2192 cator
562 2151 643 2191 aut
658 2162 821 2191 auarus
837 2151 917 2191 aut
933 2148 1062 2191 idolis
1076 2148 1285 2198 seruiens,
1300 2162 1400 2191 cum
1421 2148 1636 2191 eiusmodi
1652 2163 1732 2192 nec
1746 2148 1896 2193 cibum

424 2230 611 2261 sumere.
667 2216 740 2260 Ad
762 2216 843 2260 hoc
870 2231 976 2274 ergo
1003 2219 1070 2260 est
1095 2216 1267 2259 liberali
1295 2217 1445 2260 domui
1470 2217 1604 2261 ianua
1631 2221 1684 2261 ut
1708 2217 1896 2262 lasciuos

425 2285 683 2329 criminosos
709 2289 755 2329 et
781 2285 971 2329 infames
995 2285 1215 2330 excludat.
1285 2286 1358 2330 Ad
1385 2286 1467 2330 hoc
1496 2286 1731 2331 ianitorem
1758 2286 1896 2332 habet

426 2414 448 2450 7
474 2403 731 2453 ualnifragam
749 2405 797 2440 A’
933 2415 972 2453 ις
999 2405 1123 2443 hostia
1138 2405 1241 2443 CA¹S
1374 2417 1417 2454 19
1442 2406 1548 2454 quia]
1566 2408 1666 2454 quod
1681 2407 1720 2445 M
1848 2416 1894 2455 27

424 2452 547 2499 ydoli·
564 2452 602 2488 M
746 2463 791 2499 29
817 2452 885 2489 hec
904 2453 935 2489 A

475 2572 495 2608 3
523 2563 648 2598 Omnis
665 2563 760 2598 eta:
788 2561 873 2599 Luc.
890 2561 965 2598 xiv.
988 2571 1041 2598 ιι.
1226 2571 1246 2607 7
1273 2565 1547 2610 uolasse-aqam:
1574 2577 1606 2601 v.
1625 2575 1740 2612 supra
1755 2563 1804 2602 ad
1821 2575 1855 2602 c.
1873 2571 1894 2610 7

426 2609 508 2663 (731
526 2611 581 2655 D).
724 2611 908 2645 admittit:
933 2621 982 2645 sc.
1002 2608 1172 2646 Christus
1188 2610 1254 2646 sub
1273 2622 1430 2658 persona
1453 2612 1615 2659 hospitis
1637 2611 1678 2648 in
1704 2610 1896 2659 paraboli-

426 2668 512 2693 stm.
658 2666 681 2702 9
709 2657 825 2692 Taum·
841 2659 911 2694 etc.
929 2669 937 2693 τ
965 2656 1073 2693 Matt.
1091 2656 1180 2694 xxii.
1199 2669 1233 2702 4.
1383 2670 1425 2695 10
1448 2661 1614 2696 redeunti
1626 2661 1778 2706 prodiyo
1795 2662 1894 2697 etc.=

425 2716 460 2740 v.
480 2703 567 2740 Luc.
587 2715 643 2739 xv.
662 2713 706 2740 22
725 2715 827 2750 seqq.
964 2706 1004 2740 16
1020 2706 1154 2750 fatuae
1171 2708 1265 2741 ete:
1293 2717 1324 2743 v,
1343 2706 1453 2743 Matt.
1473 2718 1553 2743 xxv.
1577 2718 1702 2753 iseqq.
1851 2715 1892 2752 17

421 2752 569 2799 pubem
584 2752 633 2786 ad
650 2752 824 2788 canuam:
850 2764 884 2788 v.
903 2762 1017 2798 supra
1034 2751 1082 2787 nd
1103 2764 1132 2788 v.
1152 2762 1174 2797 9
1190 2754 1333 2798 (56ιΛ).
1477 2764 1523 2791 2ο
1547 2756 1693 2801 turpius
1709 2756 1801 2791 etc.:
1827 2753 1893 2791 Ov.

430 2799 539 2835 Tria.
560 2809 592 2834 v.
611 2799 645 2834 6.
669 2809 719 2844 13.
959 2809 1003 2835 22
1029 2801 1210 2846 Siquidem
1227 2805 1259 2836 et
1279 2802 1339 2836 ille
1357 2802 1448 2839 etc.:
1475 2814 1507 2839 v.
1526 2801 1638 2840 Matt.
1655 2801 1746 2839 xxii.
1767 2810 1893 2848 11-13.

426 2847 473 2884 26
498 2847 540 2882 Sa'
554 2846 767 2934 {ubst-aceo·
781 2848 851 2883 etc.
868 2859 875 2882 :
906 2856 920 2884 1
941 2847 1025 2884 Cor.
1044 2858 1074 2884 v.
1095 2856 1148 2884 11.

538 2911 554 2935 a
582 2911 603 2935 0

1913 1650 1956 1676 20

1913 2025 1955 2061 ²⁵
