1988 3250
151 215 248 248 cAP.
263 201 356 262 ΧΗ]
660 201 1102 248 POLICRATIOVS
1632 204 1722 254 663
1742 205 1771 243 b

149 323 477 381 conquirantur,
493 322 750 366 exercitium
767 322 945 378 quidem
961 321 1183 366 laudabile
1199 324 1267 364 est
1282 325 1328 365 et
1342 337 1430 379 quo
1445 323 1613 380 aliquid

149 407 242 436 esse
271 391 587 435 conducibilius
616 391 840 433 iuuentuti
871 405 959 433 non
991 390 1120 434 facile
1148 390 1350 441 dixerim,
1375 391 1613 434 dummodo

148 461 424 504 fallaciarum
467 460 584 502 nube
629 458 866 516 multiplici
913 458 998 501 sibi
1045 473 1323 515 nequaquam
1370 460 1610 517 perstringi

147 530 293 574 oculos
312 530 552 587 patiantur.
613 528 763 571 Nichil
783 528 901 571 enim
917 528 1085 579 utilius,
1104 528 1240 571 nichil
1256 528 1313 570 ad
1328 528 1515 585 gloriam
1530 533 1611 572 aut

108 615 128 651 5
147 613 216 642 res
236 598 529 655 adquirendas
548 597 818 641 commodius
837 597 1063 643 iuuentuti
1085 611 1217 653 quam
1234 596 1483 653 eloquentia
1499 613 1611 654 quae

145 682 201 712 ex
230 682 282 710 eo
310 667 550 724 plurimum
580 670 861 722 comparatur
890 666 927 708 si
959 681 1107 712 rerum
1138 666 1184 707 in
1215 670 1363 709 mente
1394 670 1439 708 et
1464 667 1511 708 in
1535 682 1610 710 ore

143 737 268 794 copia
297 736 356 779 sit
388 736 634 779 uerborum.
694 735 841 778 Verba
875 749 1066 793 namque
1101 734 1300 791 proferre
1330 735 1462 778 rebus
1491 736 1608 779 inco-

142 805 280 864 gnitis
318 804 576 862 desipientis
604 803 753 861 potius
784 818 917 860 quam
949 803 1145 848 docentis
1172 807 1240 846 est
1274 807 1355 847 aut
1388 804 1608 848 discentis.

143 874 308 918 Multos
327 874 498 917 uidebis
513 873 765 916 huiusmodi
786 873 863 929 qui
884 876 1029 918 totum
1046 873 1177 930 longo
1193 873 1395 916 detinent
1409 888 1608 918 sermone

83 957 128 983 xo
143 943 258 987 diem
285 946 330 987 et
353 943 489 986 nichil
512 943 692 986 omnino
721 941 876 984 dicunt
900 944 982 984 aut
1008 942 1253 986 minimum.
1314 942 1381 984 Tu
1409 942 1608 986 defessus

141 1027 188 1056 es
207 1012 437 1063 audiendo,
459 1015 504 1054 et
523 1011 573 1062 is,
593 1010 679 1054 nisi
699 1010 926 1054 uerbosior
954 1012 1080 1060 esset,
1101 1010 1319 1067 loquendo
1343 1010 1606 1068 perfatigari

139 1083 368 1140 potuerat;
409 1095 496 1138 quo
520 1083 670 1124 tamen
700 1080 858 1124 tendat
882 1083 962 1123 aut
986 1079 1093 1139 quid
1121 1080 1232 1122 uelit
1255 1080 1452 1122 nondum
1477 1080 1605 1122 intel·
1623 1090 1650 1120 c

139 1150 252 1209 ligis.
293 1150 360 1192 Tu
380 1150 512 1192 finem
533 1151 750 1206 expectas,
770 1148 844 1191 ille
866 1148 1061 1194 nondum
1082 1149 1262 1191 initium
1285 1148 1404 1192 fecit.
1454 1148 1607 1192 Perfer

138 1222 288 1264 tamen
318 1222 370 1263 ut
398 1219 550 1263 uideas
580 1233 668 1276 qua
699 1218 902 1262 exiturus
931 1219 1014 1270 sit3
1045 1218 1249 1276 recollige
1280 1219 1460 1261 tandem
1493 1233 1606 1275 quae

81 1302 122 1338 1⁵
140 1288 368 1333 contexuit
397 1291 443 1332 et
471 1291 701 1332 occurrent
731 1287 814 1330 tibi

711 1373 845 1417 uelud
875 1374 969 1433 egri
999 1373 1170 1417 somnia
1199 1389 1338 1417 uanas

309 1433 518 1490 fingentis
547 1432 721 1490 species,
752 1435 804 1475 ut
834 1447 913 1479 nec
943 1447 1020 1490 pes
1050 1447 1129 1475 nec
1159 1437 1294 1490 caput
1324 1433 1402 1475 uni

308 1491 521 1534 reddatur
549 1491 728 1534 formae.

137 1583 322 1627 Turbati
342 1583 506 1628 cerebri
527 1583 749 1626 hominem
777 1582 929 1627 credas
954 1586 999 1626 et
1026 1583 1102 1640 qui
1131 1598 1187 1626 ex
1214 1582 1391 1626 defectu
1416 1583 1602 1626 rationis

77 1669 122 1696 20
137 1652 334 1711 linguam
345 1653 568 1696 continere
583 1667 672 1696 non
687 1652 836 1710 possit.
897 1652 1031 1695 Putes
1051 1667 1151 1695 eum
1172 1655 1322 1695 noctes
1342 1652 1601 1695 continuare

135 1722 385 1780 insompnes
404 1725 450 1766 et
469 1723 613 1780 sopita
628 1723 799 1766 ratione
814 1722 1117 1766 melancoliam
1138 1722 1276 1765 solam
1297 1722 1343 1764 in
1364 1736 1415 1764 eo
1435 1722 1600 1765 excita-

63 1821 68 1826 ·
132 1794 238 1836 tam.
295 1791 344 1835 Si
366 1791 482 1835 forte
501 1792 781 1835 miseratione
801 1792 961 1836 ductus
982 1791 1021 1834 ei
1042 1791 1303 1834 modestiam
1320 1791 1600 1848 persuaseris,

133 1861 420 1904 succendetur
446 1864 491 1904 et
514 1861 737 1918 quaelibet
763 1861 811 1904 in
835 1861 1036 1918 quemuis
1060 1861 1200 1918 finget
1222 1861 1459 1918 opprobria
1481 1875 1596 1903 com-

131 1930 402 1987 patientibus
421 1934 467 1974 et
486 1930 788 1974 deridentibus
807 1945 945 1988 aeque
964 1931 1301 1983 conuitiabitur3
1331 1945 1409 1973 nec
1430 1930 1596 1973 amicus
1611 1930 1641 1972 d

75 2017 116 2052 ²⁵
132 2013 212 2042 nec
240 1999 379 2042 hostis
407 1999 464 2042 ab
493 2014 544 2042 eo
571 2000 656 2042 nisi
685 2002 926 2057 consputus
952 1999 1146 2043 abcedet.
1207 1999 1257 2042 Si
1284 2000 1478 2057 coepisti,
1499 2014 1596 2056 per-

131 2066 249 2111 feras
276 2082 449 2111 necesse
478 2071 545 2111 est
573 2071 653 2111 aut
686 2069 880 2126 procacis
915 2069 1093 2126 linguae
1127 2068 1366 2111 sustinebis
1396 2068 1595 2111 iniurias.

131 2134 305 2179 Desiste
323 2151 438 2194 ergo,
458 2137 543 2180 nisi
564 2137 742 2181 sordida
762 2138 916 2195 lingua
943 2138 1152 2181 malueris
1180 2138 1416 2195 inquinari.
1477 2138 1595 2181 Nam

131 2207 178 2248 et
199 2205 426 2249 immunda
445 2221 532 2263 quo
551 2207 693 2265 magis
719 2211 966 2258 mouentur,
982 2222 1033 2251 eo
1059 2208 1250 2266 amplius
1281 2207 1436 2251 fetent.
1497 2208 1594 2250 Viri

131 2274 361 2331 prudentis
380 2275 547 2319 dictum
567 2290 774 2334 agnosces
794 2277 899 2333 quia

73 2381 119 2415 30
247 2374 458 2403 uesanum
486 2361 685 2420 tetigisse
714 2362 876 2420 timent
904 2362 1172 2420 fugiuntque
1201 2366 1377 2421 poetam

134 2431 136 2434 ·
248 2417 324 2474 qui
352 2419 557 2475 sapiunt3
596 2420 771 2476 agitant
798 2421 925 2478 pueri
954 2421 1209 2478 incautique
1238 2423 1496 2478 sequuntur.

131 2563 153 2598 3
204 2552 456 2601 astringendi
473 2555 513 2591 M
673 2565 690 2604 5
710 2556 902 2594 comodius
919 2556 1007 2594 GBS
1173 2568 1214 2595 11
1234 2557 1294 2594 hia
1310 2557 1385 2594 AM
1550 2560 1592 2594 16

129 2611 177 2637 ue
194 2602 236 2636 ut
252 2600 326 2636 AM
419 2602 589 2649 sompnia.
605 2602 671 2640 SM
803 2614 846 2641 21
872 2605 1063 2642 insomnes
1080 2605 1120 2641 M
1252 2616 1272 2642 2
1277 2614 1295 2652 5
1321 2606 1500 2642 abscedet
1516 2606 1589 2641 AM

181 2731 229 2784 16·
247 2732 356 2767 uelud
379 2734 474 2768 etc.:
498 2745 530 2770 v.
554 2734 645 2771 Hor.
674 2736 722 2771 A.
741 2737 782 2772 P.
807 2744 887 2782 7—9.
1055 2747 1100 2783 23
1125 2738 1298 2791 quaelibet
1323 2739 1415 2775 etc.:
1440 2751 1471 2773 v.
1499 2738 1590 2775 Hor.

130 2778 201 2824 Ep.
218 2789 243 2813 1.
267 2787 393 2831 15:⁸30.
557 2790 600 2829 25
626 2788 821 2828 consputus
842 2785 1001 2819 abcedet:
1036 2796 1070 2820 v.
1095 2784 1250 2821 Hieron.
1267 2786 1339 2831 Ep.
1357 2784 1381 2822 1.
1400 2796 1423 2830 4
1441 2785 1589 2833 (Migne

131 2826 174 2861 P.
190 2826 236 2862 L.
254 2836 344 2861 xxn.
364 2825 462 2872 515).
603 2839 651 2875 30
672 2842 847 2866 ueaanum
863 2833 959 2868 eta:
986 2831 1076 2868 Hor.
1094 2834 1141 2868 Δ.
1158 2833 1199 2868 Ρ.
1217 2841 1298 2879 455,
1315 2833 1399 2879 456.

1418 2912 1481 2947 139
