1988 3250
243 208 369 262 ⁷⁷⁵⁶

714 207 979 254 IOANNIS
1018 207 1535 253 SARESBERIENSIS
1636 207 1748 269 [ΜΒ.
1763 219 1855 253 v111

389 329 520 373 Hanc
558 328 678 373 enim
717 344 810 373 esse
848 332 997 373 ortum
1042 329 1299 373 deliciarum
1341 329 1614 373 uberrimum
1652 329 1856 387 superius

242 400 323 449 776
343 409 373 439 a
389 398 559 442 dictum
599 402 679 450 est,
710 399 766 442 de
799 413 887 456 quo
921 401 1113 456 quatuor
1151 399 1373 442 uirtutum
1412 399 1598 442 flumina
1636 399 1857 443 oriuntur.

339 1227 369 1267 b

346 2139 371 2169 c

390 468 427 511 E
457 468 634 511 diuerso
656 470 703 511 et
729 467 1046 524 Epicureorum
1075 470 1202 511 ortus
1233 467 1403 511 fontem
1431 483 1561 511 suum
1590 469 1726 512 habet
1754 468 1854 511 libi-

386 537 548 590 dinem,
568 537 645 594 qui
666 539 712 580 et
731 537 826 594 ipse
840 537 1037 594 parturit
1051 536 1237 580 flumina
1256 551 1370 594 quae
1389 537 1580 595 irrigant
1598 537 1854 581 uniuersam

386 607 501 651 hanc
530 606 692 650 uallem
722 606 1005 649 lacrimarum
1035 609 1082 649 et
1109 606 1324 657 miseriae,
1351 606 1399 649 in
1429 621 1563 663 quam
1592 607 1757 650 eiectus
1787 609 1855 649 est
1873 623 1892 658 5

387 676 492 720 exul
527 676 604 733 qui
638 675 756 733 quod
790 675 925 718 libuit
958 689 1092 732 quam
1122 675 1241 732 quod
1270 675 1397 718 licuit
1426 675 1572 719 facere
1601 675 1855 734 praeelegit.

388 746 448 789 Et
486 745 665 803 quidem
702 744 830 802 quasi
863 758 980 787 unus
1018 744 1143 787 riuus
1177 747 1246 787 est
1278 758 1403 787 amor
1437 744 1641 796 habendi,
1676 759 1763 802 quo
1797 744 1856 787 ad

386 814 696 858 sufficientiam
716 828 865 856 rerum
888 813 1015 870 copia
1034 812 1275 870 quaeritur,
1296 813 1344 855 in
1364 827 1452 870 quo
1471 813 1665 856 auaritia
1683 813 1857 857 laborat

386 887 564 941 praeter
597 883 770 926 licitum
801 881 1023 939 possidere
1058 881 1130 924 uel
1162 881 1284 925 scire.
1343 882 1473 925 Alter
1506 896 1613 926 uero
1651 881 1856 926 luxuriae

385 952 604 996 lenocinia
626 951 842 994 diffundit
870 955 916 994 et
940 951 1098 994 defluit
1123 950 1172 993 in
1199 951 1348 994 uarias
1374 951 1640 1008 uoluptates,
1659 950 1768 994 dum
1797 951 1855 995 ad

386 1021 728 1078 tranquillitatis
758 1023 804 1063 et
833 1019 1003 1062 letitiae
1032 1019 1199 1077 gaudia
1224 1020 1411 1063 tendens
1440 1020 1621 1078 aspirat.
1679 1020 1857 1064 Tertius

386 1091 506 1134 uires
524 1090 705 1147 colligit,
726 1089 887 1146 quibus
906 1091 1089 1131 tueatur
1115 1092 1303 1132 naturae
1323 1089 1575 1133 libertatem
1596 1092 1642 1133 et
1660 1089 1857 1133 cuiusuis

387 1159 614 1202 molestiae
634 1157 892 1215 propulsare
911 1157 1052 1214 possit
1071 1157 1270 1210 iniurias,
1289 1161 1336 1201 et
1362 1173 1463 1202 cum
1487 1158 1660 1202 uiribus
1686 1158 1857 1202 habun-

387 1227 575 1279 dauerit‚
609 1227 787 1284 prosilit
819 1226 867 1269 in
902 1226 1111 1270 odibilem
1150 1227 1389 1271 tirannidis
1427 1242 1600 1272 uenam.
1660 1228 1858 1282 Quartus

386 1298 445 1341 ab
483 1297 688 1354 appetitu
725 1295 996 1339 celebritatis
1035 1299 1081 1340 et
1111 1296 1398 1348 reuerentiae,
1429 1297 1537 1340 dum
1570 1297 1858 1341 eminentiam

387 1366 575 1424 quaerit,
602 1365 822 1409 fallaciter
850 1365 1117 1409 intumescit.
1176 1366 1300 1410 Haec
1322 1369 1429 1410 sunt
1455 1370 1648 1424 quatuor
1672 1367 1858 1411 flumina

387 1450 502 1493 quae
521 1434 771 1478 infundunt
790 1437 837 1477 et
855 1434 1131 1478 circumeunt
1154 1435 1305 1479 orbem
1332 1438 1378 1479 et
1404 1435 1459 1479 de
1480 1435 1604 1480 fonte
1623 1450 1857 1494 peruersae

387 1505 636 1549 uoluntatis
662 1503 924 1555 scaturiunt,
944 1504 1021 1561 qui
1047 1504 1195 1548 sedem
1219 1505 1355 1549 habet
1381 1505 1429 1548 in
1455 1505 1545 1549 imo
1571 1508 1618 1549 et
1639 1505 1857 1563 originem

387 1574 613 1620 contrahit
632 1589 660 1616 a
673 1574 770 1617 luto
784 1573 1011 1617 uanitatis.
1055 1573 1170 1618 Cum
1189 1578 1339 1618 autem
1355 1575 1644 1626 excreuerint,
1658 1575 1857 1618 diuersos

388 1660 445 1689 ex
471 1659 518 1688 se
542 1643 725 1701 pariunt
750 1643 871 1687 riuos
895 1646 941 1687 et
964 1643 1091 1700 quasi
1117 1643 1513 1688 intumescentibus
1540 1645 1668 1702 aquis
1694 1644 1856 1688 diluuii

388 1714 605 1757 mundum
625 1713 833 1763 obruunt,
852 1712 1099 1756 animantia
1125 1713 1362 1770 perimunt,
1384 1716 1430 1757 et
1452 1714 1514 1758 sic
1538 1714 1688 1757 omnia
1707 1713 1857 1758 delent

387 1786 441 1827 ut
464 1786 585 1826 terra
614 1781 757 1825 uideri
787 1782 927 1839 possit
956 1781 1003 1824 in
1033 1781 1318 1825 solitudinem
1347 1782 1598 1841 redigenda,
1629 1783 1715 1826 nisi
1750 1783 1857 1840 quia

388 1866 563 1910 paucas,
603 1851 649 1894 id
689 1855 758 1894 est
795 1854 906 1902 octo,
940 1851 1123 1904 animas,
1158 1852 1491 1896 resurrectionis
1525 1852 1692 1896 scilicet
1729 1853 1857 1905 filios,

387 1922 545 1965 domus
574 1920 755 1964 Domini
782 1920 918 1964 archa
945 1924 1190 1964 conseruat.
1251 1921 1313 1964 Hi
1340 1925 1448 1965 sunt
1476 1922 1632 1979 utique
1660 1936 1770 1980 quos
1799 1937 1857 1965 ex

387 1991 508 2035 omni
529 2005 659 2035 carne
679 1989 897 2033 Dominus
916 1990 1168 2048 praeelegit.
1229 1990 1548 2034 Verumtamen
1573 1990 1650 2048 qui
1674 1994 1781 2035 eunt
1807 1991 1855 2035 in

387 2060 559 2104 diluuio
594 2073 810 2116 aquarum
845 2059 1087 2102 multarum
1118 2059 1175 2103 ad
1207 2074 1308 2104 eum
1343 2075 1433 2103 non
1466 2060 1857 2118 approximabunt.

390 2130 448 2173 Et
471 2129 648 2186 quidem
669 2143 794 2172 amor
813 2128 1042 2179 commodi,
1061 2128 1115 2172 de
1136 2143 1223 2186 quo
1238 2129 1513 2187 praedictum
1534 2133 1613 2182 est,
1634 2130 1715 2174 has
1730 2130 1856 2188 quasi

388 2213 510 2242 mare
533 2197 723 2241 alterum
751 2196 903 2241 fundit
934 2212 1095 2255 aquas;
1125 2202 1171 2242 et
1201 2198 1498 2243 inualescente
1529 2198 1703 2243 malitia
1731 2199 1858 2244 uelut

392 2348 432 2385 ις
460 2337 609 2386 apetitu
626 2337 652 2375 S
798 2346 838 2382 17
865 2336 1064 2374 circueunt
1080 2336 1139 2374 AS
1281 2348 1327 2384 24
1353 2336 1454 2375 hiis
1607 2347 1650 2386 25
1676 2337 1859 2387 Vei-ump-

388 2388 518 2424 tamen
535 2386 568 2422 A
709 2393 756 2431 27
781 2383 929 2422 comedi
947 2383 973 2421 8

390 2528 468 2603 101¹,⁰
482 2528 864 2613 ffmfflffiss’z
874 2517 1100 2610 3335733235
1115 2526 1166 2561 ⁴³
1191 2518 1240 2555 Οἳ·
1267 2517 1697 2611 ξ’,ἳὲιεὲὶέἵῖὼὲὲέἒ
1713 2517 1732 2603 ῗ
1748 2519 1858 2604 3Ῡέἔῖ

389 2611 534 2650 lxxxiii.
556 2621 589 2658 7.
769 2622 789 2648 2
890 2624 978 2648 uem
992 2614 1083 2649 etca
1109 2624 1141 2649 v.
1164 2622 1177 2649 1
1200 2611 1301 2650 Petr.
1322 2612 1375 2649 iii.
1395 2625 1451 2650 20.
1587 2615 1860 2652 remam-actionis

380 2662 486 2707 filios
501 2672 509 2696 ι
536 2672 567 2696 ν.
587 2658 675 2714 lanc.
686 2670 747 2696 xx.
759 2622 815 2705 363.
834 2624 1062 2714 &tonarius
1080 2671 1257 2714 numerus
1274 2660 1375 2707 apud
1387 2662 1531 2698 veteres
1548 2660 1858 2699 resurrectionem

390 2709 421 2745 ui
477 2708 642 2749 iflcavxt3
668 2719 698 2743 v.
715 2706 883 2744 Ambron.
902 2718 942 2743 m
968 2707 1054 2744 Luc.
1073 2718 1133 2743 vn.
1157 2717 1210 2751 ιι,
1235 2708 1291 2743 Au
1322 2736 1329 2744 .
1355 2710 1398 2744 de
1418 2710 1532 2745 Ser-m.
1555 2710 1597 2744 in
1618 2709 1740 2745 Monte
1762 2719 1793 2746 0.
1815 2719 1857 2747 12

392 2719 540 2802 (iligna
568 2756 608 2791 P.
627 2756 669 2791 L.
696 2762 877 2808 xv..n¹745,
896 2754 1016 2791 xxxiv.
1039 2765 1103 2800 ¹23
1132 2754 1170 2799 );
1195 2755 1242 2792 cf.
1305 2766 1422 2793 ieron.
1445 2757 1545 2792 Dial.
1569 2756 1788 2810 ada-Lucis.
1813 2766 1857 2794 22

391 2802 460 2847 (Μ’
521 2814 540 2839 e
559 2803 599 2838 Ρ.
620 2803 660 2838 L.
682 2812 788 2838 xxm.
811 2804 902 2847 176).
1026 2812 1069 2847 24
1120 2815 1221 2840 omus
1232 2803 1382 2840 Domini
1397 2804 1530 2840 archa:
1557 2814 1588 2840 v.
1607 2803 1762 2841 Hieron.
1778 2802 1804 2840 1.
1823 2815 1857 2842 ο.

390 2859 433 2899 25
451 2814 717 2887 ¹§aeramentum
734 2851 829 2887 etc.:
855 2848 912 2886 Ρι.
932 2848 1034 2887 xxxi.
1051 2851 1086 2887 6.

500 2930 563 2964 ³⁴²

1875 969 1918 996 10

1878 1315 1917 1352 1⁵

1876 1660 1919 1684 20

1876 2011 1917 2046 ²⁵
