1988 3250
219 194 309 236 686
328 194 358 234 b

709 197 971 242 IOANNIS
1011 196 1526 242 SARESBERIENSIS
1646 195 1758 257 [Lm.
1772 207 1844 240 vn

436 381 543 441 Cap.
584 397 650 428 20.
699 385 764 428 De
812 384 982 441 leyibus
1030 383 1312 428 secularium
1353 384 1632 442 principum
1679 384 1847 442 quibus

494 453 689 497 curiales
719 458 758 497 et
789 453 994 511 officwles
1028 458 1247 497 arcentur
1277 453 1333 497 ab
1368 454 1613 498 honoribus
1646 454 1845 498 ecclesia-

494 523 618 566 sticis
630 540 649 572 ;
680 527 719 566 et
747 523 915 580 quibus
946 523 1158 579 eoeemplis
1186 523 1469 567 Dathanitae
1503 527 1543 566 et
1574 523 1846 568 Abironitae

494 592 718 636 nitantur
746 592 955 636 obtinere.

437 684 518 727 Ait
552 699 656 742 ergo
695 685 937 741 imperator
975 683 1278 727 Iustinianus:
1323 685 1522 728 Maxima
1555 685 1604 727 in
1642 685 1847 728 omnibus
1866 702 1883 734 5

379 756 486 796 sunt
508 753 624 796 dona
648 753 731 796 Dei
759 769 787 796 a
813 768 1004 810 superna
1030 754 1192 796 collata
1218 753 1453 797 clementia
1478 754 1771 798 sacerdotium
1802 756 1849 797 et

378 822 624 879 imperium,
654 822 768 865 illud
801 822 980 879 quidem
1011 822 1178 865 diuinis
1207 823 1478 874 ministrans,
1507 823 1589 867 hoc
1619 828 1771 867 autem
1800 824 1848 866 in

337 901 363 931 c
380 891 586 934 humanis
634 891 888 948 praesidens
937 905 988 934 ac
1037 891 1316 948 diligentiam
1367 892 1604 945 exhibens;
1653 907 1710 936 ex
1758 907 1849 936 uno

378 961 617 1018 eodemque
651 961 868 1018 principio
899 963 1089 1017 utraque
1128 962 1410 1018 procedentia
1449 963 1690 1005 humanam
1722 976 1848 1005 exor-

378 1032 490 1072 nant
501 1030 654 1073 uitam.
704 1031 897 1087 Ideoque
911 1030 1048 1073 nichil
1064 1031 1126 1074 sic
1141 1031 1228 1074 erit
1243 1031 1491 1074 studiosum
1509 1031 1849 1089 imperatoribus
1869 1048 1910 1072 ιο

378 1099 493 1142 sicut
512 1099 789 1142 sacerdotum
810 1100 1028 1150 honestas,
1049 1114 1149 1142 cum
1177 1100 1333 1157 utique
1359 1115 1440 1158 pro
1460 1101 1549 1144 illis
1573 1101 1659 1158 ipsi
1678 1115 1851 1158 semper

379 1168 474 1211 Deo
502 1169 764 1225 supplicent.
824 1169 953 1219 Nam,
975 1169 1012 1211 si
1044 1169 1127 1212 hoc
1147 1170 1325 1226 quidem
1346 1170 1614 1227 inculpabile
1641 1170 1701 1213 sit
1720 1170 1848 1213 undi-

380 1252 465 1294 que
495 1240 541 1280 et
572 1238 692 1295 apud
723 1238 869 1281 Deum
898 1238 1062 1281 fiducia
1093 1239 1179 1282 erit
1210 1239 1403 1296 plenum,
1434 1239 1670 1296 imperium
1699 1242 1850 1283 autem

378 1310 496 1350 recte
526 1310 572 1350 et
600 1310 899 1364 competenter
928 1311 1115 1350 exornet
1140 1308 1354 1351 traditam
1380 1308 1465 1351 sibi
1492 1323 1585 1351 rem
1615 1307 1850 1365 publicam,

379 1377 466 1419 erit
497 1377 785 1420 consonantia
819 1377 1037 1434 quaedam
1069 1377 1196 1428 bona,
1231 1392 1362 1420 omne
1396 1377 1607 1434 quicquid
1640 1377 1752 1420 utile
1782 1379 1852 1420 est
1870 1401 1911 1435 15

380 1446 575 1488 humano
601 1445 831 1488 conferens
857 1446 1022 1504 generi.
1083 1446 1178 1489 Nos
1204 1446 1345 1504 igitur
1371 1447 1613 1489 maximam
1637 1446 1852 1507 habemus

379 1514 721 1558 sollicitudinem
748 1515 864 1559 circa
891 1530 999 1558 uera
1026 1515 1110 1558 Dei
1135 1515 1345 1573 dogmata
1372 1519 1418 1558 et
1438 1516 1554 1560 circa
1573 1515 1851 1559 sacerdotum

380 1584 668 1635 honestatem,
699 1599 833 1641 quam
866 1585 955 1627 illis
982 1585 1288 1642 optinentibus
1314 1585 1534 1628 credimus
1558 1585 1664 1642 quia
1691 1599 1770 1642 per
1799 1599 1852 1628 ea

319 1677 327 1681 -
380 1653 577 1696 maxima
602 1653 730 1696 nobis
755 1653 872 1697 dona
900 1653 1127 1696 dabuntur
1151 1668 1178 1696 a
1198 1653 1293 1697 Deo
1320 1658 1366 1697 et
1386 1669 1438 1697 ea
1458 1669 1570 1711 quae
1596 1656 1702 1697 sunt
1721 1654 1852 1697 firma

382 1722 642 1765 habebimus
671 1725 717 1765 et
745 1737 858 1779 quae
887 1723 1086 1766 nondum
1110 1726 1332 1766 uenerunt
1362 1723 1661 1780 adquiremus.
1731 1723 1851 1766 Bene
1871 1745 1914 1769 20

338 1796 367 1837 d
381 1796 531 1835 autem
552 1792 762 1835 uniuersa
787 1795 1006 1849 geruntur
1033 1795 1078 1835 et
1104 1795 1419 1849 competenter,
1440 1793 1478 1835 si
1498 1792 1562 1835 rei
1583 1792 1851 1850 principium

381 1862 463 1904 fiat
501 1861 660 1905 decens
698 1864 744 1905 et
781 1861 971 1904 amabile
1011 1861 1117 1905 Deo.
1197 1862 1294 1905 Hoc
1333 1864 1482 1905 autem
1518 1861 1723 1905 futurum
1759 1875 1853 1905 esse

381 1931 610 1981 credimus,
646 1931 684 1974 si
719 1945 942 1974 sacrarum
983 1932 1238 1989 regularum
1278 1932 1530 1974 obseruatio
1564 1931 1854 1982 custodiatur,

382 2015 515 2057 quam
540 2000 659 2052 iusti,
684 2000 866 2051 laudati,
891 2000 1103 2043 adorandi
1129 2001 1398 2057 inspectores
1426 2003 1472 2044 et
1498 2001 1692 2044 ministri
1717 2000 1854 2044 Verbi

383 2069 467 2113 Dei
498 2069 780 2113 tradiderunt
810 2070 1023 2127 Apostoli,
1049 2073 1094 2112 et
1124 2070 1266 2113 sancti
1294 2073 1444 2127 patres
1473 2070 1779 2114 custodierunt
1808 2073 1855 2114 et
1873 2086 1913 2121 ²5

383 2139 750 2196 explanauerunt.
798 2138 1031 2182 Sancimus
1048 2139 1187 2197 igitur
1203 2154 1349 2182 sacras
1364 2154 1443 2197 per
1458 2139 1607 2183 omnia
1622 2142 1854 2197 sequentes

383 2208 570 2266 regulas,
600 2208 705 2251 dum
737 2208 956 2264 quispiam
986 2209 1188 2265 sequenti
1218 2209 1338 2252 omni
1370 2211 1568 2266 tempore
1595 2209 1652 2252 ad
1678 2209 1854 2253 ordina-

383 2278 550 2321 tionem
570 2277 848 2335 episcopatus
876 2277 1145 2334 perducitur,
1165 2278 1432 2322 considerari
1454 2278 1578 2336 prius
1598 2279 1692 2322 eius
1712 2279 1854 2322 uitam

383 2346 623 2390 secundum
651 2361 823 2389 sacrum
852 2346 1127 2403 Apostolum,
1148 2348 1186 2390 si
1214 2348 1412 2399 honesta,
1436 2348 1474 2391 si
1502 2348 1783 2405 inculpabilis
1809 2350 1856 2392 et

383 2416 578 2473 undique
596 2416 992 2473 irreprehensibilis
1008 2417 1078 2467 sit,
1095 2420 1140 2460 et
1157 2417 1203 2460 in
1227 2418 1352 2461 bonis
1368 2417 1672 2460 testimonium
1693 2417 1856 2462 habeat
1874 2435 1916 2469 30

385 2525 405 2562 3
431 2513 620 2551 abiranite
640 2514 697 2550 As
716 2516 754 2549 in
774 2515 872 2550 rubr.
890 2527 930 2550 ca
945 2542 967 2569 ι.
981 2517 1102 2598 prag.
1306 2524 1326 2560 7
1353 2515 1393 2551 in
1410 2527 1478 2570 qm.
1498 2514 1564 2551 SM
1755 2526 1791 2563 9,
1813 2526 1857 2554 ιο

385 2562 601 2600 exhornant
618 2560 643 2597 S
790 2572 830 2598 12
855 2574 925 2608 sup
943 2565 1045 2599 noent
1233 2564 1278 2600 26
1304 2562 1519 2600 Sanctimus
1536 2563 1569 2599 A

433 2658 454 2732 f
481 2651 645 2685 Maxima
674 2651 746 2685 etc.
772 2661 887 2696 usque
926 2650 973 2686 ad
1001 2652 1162 2696 fortuna
1189 2651 1274 2697 (686
1286 2651 1355 2696 n):
1381 2652 1515 2688 Novell.
1545 2650 1580 2687 vi
1612 2650 1668 2697 (—
1685 2651 1856 2688 Anthene.

386 2708 430 2734 co
450 2696 472 2733 l.
491 2696 515 2733 i.
534 2697 594 2733 tit.
614 2698 651 2740 6)
671 2697 790 2743 praes.
810 2700 850 2733 et
867 2710 899 2734 c.
922 2708 950 2735 ι.
1071 2699 1256 2734 omnibus:
1283 2700 1489 2735 hominibus
1506 2698 1689 2735 Authent.
1814 2709 1855 2746 13

387 2746 453 2780 m't
469 2758 476 2780 :
501 2744 608 2781 deest
626 2743 665 2780 in
684 2744 868 2782 Anthent.
1022 2755 1065 2790 24
1093 2748 1188 2787 iusti,
1206 2747 1357 2790 laudati,
1376 2747 1578 2783 adorandi:
1607 2748 1697 2782 iusto
1713 2747 1858 2783 laudati

385 2798 417 2828 ee
434 2794 616 2828 adorandi
631 2792 814 2829 Anthent.
828 2792 885 2829 ed.
898 2792 1046 2829 Schoell
1063 2806 1071 2836 ;
1098 2795 1185 2828 iunci
1197 2798 1228 2828 et
1242 2794 1423 2829 laudandi
1435 2798 1467 2829 et
1479 2795 1661 2830 adorandi
1672 2793 1856 2831 Anthent.

386 2839 488 2886 vulg.
611 2850 658 2886 29
681 2841 714 2876 οἱ
731 2841 988 2887 inculpabilia:
1015 2846 1046 2876 et
1064 2842 1296 2887 inculpabilis
1312 2840 1497 2878 Authent.
