<?xml version="1.0" encoding="UTF-8"?>
<!DOCTYPE html PUBLIC "-//W3C//DTD XHTML 1.0 Transitional//EN"
    "http://www.w3.org/TR/xhtml1/DTD/xhtml1-transitional.dtd">
<html xmlns="http://www.w3.org/1999/xhtml" xml:lang="en" lang="en">
 <head>
  <title>
</title>
<meta http-equiv="Content-Type" content="text/html;charset=utf-8" />
  <meta name='ocr-system' content='tesseract 3.04.00' />
  <meta name='ocr-capabilities' content='ocr_page ocr_carea ocr_par ocr_line ocrx_word'/>
</head>
<body>
  <div class='ocr_page' id='page_1' title='image "./policraticisived02john_0357.png"; bbox 0 0 1988 3250; ppageno 0'>
   <div class='ocr_carea' id='block_1_1' title="bbox 194 195 1796 258">
    <p class='ocr_par' dir='ltr' id='par_1_1' title="bbox 194 195 1796 258">
     <span class='ocr_line' id='line_1_1' title="bbox 194 195 1796 258; baseline -0.002 -16"><span class='ocrx_word' id='word_1_1' title='bbox 194 206 296 242; x_wconf 74' lang='lat' dir='ltr'><strong>oAP.</strong></span> <span class='ocrx_word' id='word_1_2' title='bbox 311 195 434 258; x_wconf 83' lang='lat' dir='ltr'>xv11]</span> <span class='ocrx_word' id='word_1_3' title='bbox 711 196 1155 242; x_wconf 86' lang='lat' dir='ltr'><strong>POLICRATICVS</strong></span> <span class='ocrx_word' id='word_1_4' title='bbox 1677 209 1753 250; x_wconf 92' lang='grc'><strong>777</strong></span> <span class='ocrx_word' id='word_1_5' title='bbox 1771 209 1796 239; x_wconf 86' lang='lat' dir='ltr'><strong>c</strong></span> 
     </span>
    </p>
   </div>
   <div class='ocr_carea' id='block_1_2' title="bbox 195 316 1662 513">
    <p class='ocr_par' dir='ltr' id='par_1_2' title="bbox 195 316 1662 513">
     <span class='ocr_line' id='line_1_2' title="bbox 195 316 1662 377; baseline 0 -14"><span class='ocrx_word' id='word_1_6' title='bbox 195 316 302 377; x_wconf 88' lang='lat' dir='ltr'><strong>Cap.</strong></span> <span class='ocrx_word' id='word_1_7' title='bbox 325 329 390 374; x_wconf 91' lang='lat'><strong>17.</strong></span> <span class='ocrx_word' id='word_1_8' title='bbox 447 318 513 362; x_wconf 75' lang='lat' dir='ltr'><strong>In</strong></span> <span class='ocrx_word' id='word_1_9' title='bbox 551 332 640 376; x_wconf 77' lang='lat' dir='ltr'><strong>quo</strong></span> <span class='ocrx_word' id='word_1_10' title='bbox 676 317 902 362; x_wconf 73' lang='lat' dir='ltr'><strong>tirannus</strong></span> <span class='ocrx_word' id='word_1_11' title='bbox 949 332 980 361; x_wconf 86' lang='lat' dir='ltr'><strong>a</strong></span> <span class='ocrx_word' id='word_1_12' title='bbox 1019 317 1234 375; x_wconf 56' lang='lat' dir='ltr'><strong>poimipe</strong></span> <span class='ocrx_word' id='word_1_13' title='bbox 1279 318 1459 376; x_wconf 74' lang='lat' dir='ltr'><strong>differat</strong></span> <span class='ocrx_word' id='word_1_14' title='bbox 1472 336 1491 369; x_wconf 90' lang='lat'><em>;</em></span> <span class='ocrx_word' id='word_1_15' title='bbox 1531 321 1571 362; x_wconf 80' lang='lat' dir='ltr'><strong>et</strong></span> <span class='ocrx_word' id='word_1_16' title='bbox 1608 318 1662 363; x_wconf 82' lang='lat' dir='ltr'><strong>de</strong></span> 
     </span>
     <span class='ocr_line' id='line_1_3' title="bbox 306 387 1659 445; baseline -0.001 -13"><span class='ocrx_word' id='word_1_17' title='bbox 306 389 550 433; x_wconf 73' lang='lat' dir='ltr'><em>tirannide</em></span> <span class='ocrx_word' id='word_1_18' title='bbox 574 388 856 433; x_wconf 73' lang='lat' dir='ltr'><em>sacerdotum</em></span> <span class='ocrx_word' id='word_1_19' title='bbox 870 406 889 437; x_wconf 89' lang='lat'><em>;</em></span> <span class='ocrx_word' id='word_1_20' title='bbox 918 391 959 430; x_wconf 79' lang='lat' dir='ltr'><strong>et</strong></span> <span class='ocrx_word' id='word_1_21' title='bbox 987 387 1044 430; x_wconf 78' lang='lat' dir='ltr'><strong>in</strong></span> <span class='ocrx_word' id='word_1_22' title='bbox 1074 402 1161 444; x_wconf 78' lang='lat' dir='ltr'><strong>quo</strong></span> <span class='ocrx_word' id='word_1_23' title='bbox 1186 392 1347 445; x_wconf 71' lang='lat' dir='ltr'><strong>pastor</strong></span> <span class='ocrx_word' id='word_1_24' title='bbox 1360 389 1455 445; x_wconf 76' lang='lat' dir='ltr'><strong>sur</strong></span> <span class='ocrx_word' id='word_1_25' title='bbox 1481 392 1520 432; x_wconf 82' lang='lat' dir='ltr'><strong>et</strong></span> <span class='ocrx_word' id='word_1_26' title='bbox 1543 402 1659 432; x_wconf 79' lang='lat' dir='ltr'><strong>mer-</strong></span> 
     </span>
     <span class='ocr_line' id='line_1_4' title="bbox 306 456 1130 513; baseline -0.002 -11"><span class='ocrx_word' id='word_1_27' title='bbox 306 459 559 502; x_wconf 72' lang='lat' dir='ltr'><strong>cennarius</strong></span> <span class='ocrx_word' id='word_1_28' title='bbox 586 457 643 501; x_wconf 84' lang='lat' dir='ltr'><strong>ab</strong></span> <span class='ocrx_word' id='word_1_29' title='bbox 671 457 867 502; x_wconf 65' lang='lat' dir='ltr'><strong>invicem</strong></span> <span class='ocrx_word' id='word_1_30' title='bbox 896 456 1130 513; x_wconf 73' lang='lat' dir='ltr'><strong>diffemnt.</strong></span> 
     </span>
    </p>
   </div>
   <div class='ocr_carea' id='block_1_3' title="bbox 121 536 1798 2402">
    <p class='ocr_par' dir='ltr' id='par_1_3' title="bbox 121 536 1798 2402">
     <span class='ocr_line' id='line_1_5' title="bbox 250 536 1660 597; baseline -0.001 -16"><span class='ocrx_word' id='word_1_31' title='bbox 250 537 306 581; x_wconf 91' lang='lat' dir='ltr'><strong>In</strong></span> <span class='ocrx_word' id='word_1_32' title='bbox 343 553 431 596; x_wconf 91' lang='lat' dir='ltr'><strong>quo</strong></span> <span class='ocrx_word' id='word_1_33' title='bbox 465 539 667 597; x_wconf 87' lang='lat' dir='ltr'><strong>princeps</strong></span> <span class='ocrx_word' id='word_1_34' title='bbox 706 537 883 581; x_wconf 83' lang='lat' dir='ltr'><strong>differat</strong></span> <span class='ocrx_word' id='word_1_35' title='bbox 917 551 945 580; x_wconf 92' lang='lat' dir='ltr'><strong>a</strong></span> <span class='ocrx_word' id='word_1_36' title='bbox 983 537 1174 587; x_wconf 79' lang='lat' dir='ltr'><strong>tiranno,</strong></span> <span class='ocrx_word' id='word_1_37' title='bbox 1208 536 1315 579; x_wconf 90' lang='lat' dir='ltr'><strong>dum</strong></span> <span class='ocrx_word' id='word_1_38' title='bbox 1355 537 1660 581; x_wconf 88' lang='lat' dir='ltr'><strong>reuolueretur</strong></span> 
     </span>
     <span class='ocr_line' id='line_1_6' title="bbox 153 605 1660 664; baseline -0.003 -10"><span class='ocrx_word' id='word_1_39' title='bbox 153 617 173 654; x_wconf 80' lang='lat'>5</span> <span class='ocrx_word' id='word_1_40' title='bbox 194 611 372 653; x_wconf 89' lang='lat' dir='ltr'><strong>auctore</strong></span> <span class='ocrx_word' id='word_1_41' title='bbox 397 608 603 653; x_wconf 88' lang='lat' dir='ltr'><strong>Plutarco</strong></span> <span class='ocrx_word' id='word_1_42' title='bbox 629 606 862 652; x_wconf 71' lang='lat' dir='ltr'><strong>Institutio</strong></span> <span class='ocrx_word' id='word_1_43' title='bbox 890 605 1083 657; x_wconf 86' lang='lat' dir='ltr'><strong>Traiani,</strong></span> <span class='ocrx_word' id='word_1_44' title='bbox 1102 606 1306 664; x_wconf 89' lang='lat' dir='ltr'><strong>superius</strong></span> <span class='ocrx_word' id='word_1_45' title='bbox 1330 606 1499 650; x_wconf 92' lang='lat' dir='ltr'><strong>dictum</strong></span> <span class='ocrx_word' id='word_1_46' title='bbox 1519 610 1587 650; x_wconf 89' lang='lat' dir='ltr'><strong>est</strong></span> <span class='ocrx_word' id='word_1_47' title='bbox 1614 611 1660 650; x_wconf 88' lang='lat' dir='ltr'><strong>et</strong></span> 
     </span>
     <span class='ocr_line' id='line_1_7' title="bbox 190 675 1658 736; baseline -0.001 -16"><span class='ocrx_word' id='word_1_48' title='bbox 190 691 304 735; x_wconf 91' lang='lat' dir='ltr'><strong>quae</strong></span> <span class='ocrx_word' id='word_1_49' title='bbox 337 678 550 736; x_wconf 88' lang='lat' dir='ltr'><strong>principis</strong></span> <span class='ocrx_word' id='word_1_50' title='bbox 581 677 673 721; x_wconf 87' lang='lat' dir='ltr'><strong>sint</strong></span> <span class='ocrx_word' id='word_1_51' title='bbox 703 676 845 720; x_wconf 85' lang='lat' dir='ltr'><strong>officia</strong></span> <span class='ocrx_word' id='word_1_52' title='bbox 875 680 955 719; x_wconf 87' lang='lat' dir='ltr'><strong>aut</strong></span> <span class='ocrx_word' id='word_1_53' title='bbox 986 675 1049 719; x_wconf 92' lang='lat' dir='ltr'><strong>rei</strong></span> <span class='ocrx_word' id='word_1_54' title='bbox 1088 675 1291 733; x_wconf 83' lang='lat' dir='ltr'><strong>publicae</strong></span> <span class='ocrx_word' id='word_1_55' title='bbox 1330 676 1528 719; x_wconf 87' lang='lat' dir='ltr'><strong>membra</strong></span> <span class='ocrx_word' id='word_1_56' title='bbox 1559 676 1658 718; x_wconf 90' lang='lat' dir='ltr'><strong>dili-</strong></span> 
     </span>
     <span class='ocr_line' id='line_1_8' title="bbox 190 745 1658 805; baseline -0.001 -15"><span class='ocrx_word' id='word_1_57' title='bbox 190 749 348 804; x_wconf 85' lang='lat' dir='ltr'><strong>genter</strong></span> <span class='ocrx_word' id='word_1_58' title='bbox 376 747 637 805; x_wconf 88' lang='lat' dir='ltr'><strong>expositum.</strong></span> <span class='ocrx_word' id='word_1_59' title='bbox 696 746 826 790; x_wconf 82' lang='lat' dir='ltr'><strong>Vnde</strong></span> <span class='ocrx_word' id='word_1_60' title='bbox 855 745 1031 789; x_wconf 87' lang='lat' dir='ltr'><strong>facilius</strong></span> <span class='ocrx_word' id='word_1_61' title='bbox 1061 747 1107 788; x_wconf 89' lang='lat' dir='ltr'><strong>et</strong></span> <span class='ocrx_word' id='word_1_62' title='bbox 1135 745 1418 803; x_wconf 79' lang='lat' dir='ltr'><strong>paucioribus</strong></span> <span class='ocrx_word' id='word_1_63' title='bbox 1446 748 1658 803; x_wconf 86' lang='lat' dir='ltr'><strong>poterunt</strong></span> 
     </span>
     <span class='ocr_line' id='line_1_9' title="bbox 188 814 1700 874; baseline -0.001 -15"><span class='ocrx_word' id='word_1_64' title='bbox 188 815 460 860; x_wconf 87' lang='lat' dir='ltr'><strong>innotescere</strong></span> <span class='ocrx_word' id='word_1_65' title='bbox 490 831 602 874; x_wconf 87' lang='lat' dir='ltr'><strong>quae</strong></span> <span class='ocrx_word' id='word_1_66' title='bbox 632 831 656 859; x_wconf 93' lang='lat' dir='ltr'><strong>e</strong></span> <span class='ocrx_word' id='word_1_67' title='bbox 685 816 863 874; x_wconf 85' lang='lat' dir='ltr'><strong>regione</strong></span> <span class='ocrx_word' id='word_1_68' title='bbox 892 814 1078 859; x_wconf 86' lang='lat' dir='ltr'><strong>dicenda</strong></span> <span class='ocrx_word' id='word_1_69' title='bbox 1106 817 1213 858; x_wconf 90' lang='lat' dir='ltr'><strong>sunt</strong></span> <span class='ocrx_word' id='word_1_70' title='bbox 1242 814 1296 859; x_wconf 89' lang='lat' dir='ltr'><strong>de</strong></span> <span class='ocrx_word' id='word_1_71' title='bbox 1324 815 1514 858; x_wconf 84' lang='lat' dir='ltr'><strong>tiranno.</strong></span> <span class='ocrx_word' id='word_1_72' title='bbox 1576 814 1656 858; x_wconf 88' lang='lat' dir='ltr'><strong>Est</strong></span> <span class='ocrx_word' id='word_1_73' title='bbox 1670 814 1700 856; x_wconf 82' lang='lat' dir='ltr'><strong>d</strong></span> 
     </span>
     <span class='ocr_line' id='line_1_10' title="bbox 191 884 1657 944; baseline 0 -16"><span class='ocrx_word' id='word_1_74' title='bbox 191 899 297 943; x_wconf 88' lang='lat' dir='ltr'><strong>ergo</strong></span> <span class='ocrx_word' id='word_1_75' title='bbox 315 886 532 938; x_wconf 79' lang='lat' dir='ltr'><strong>tirannus,</strong></span> <span class='ocrx_word' id='word_1_76' title='bbox 551 888 604 930; x_wconf 92' lang='lat' dir='ltr'><strong>ut</strong></span> <span class='ocrx_word' id='word_1_77' title='bbox 623 900 723 930; x_wconf 89' lang='lat' dir='ltr'><strong>eum</strong></span> <span class='ocrx_word' id='word_1_78' title='bbox 751 884 1001 944; x_wconf 78' lang='lat' dir='ltr'><strong>philosophi</strong></span> <span class='ocrx_word' id='word_1_79' title='bbox 1030 884 1341 942; x_wconf 84' lang='lat' dir='ltr'><strong>depinxerunt,</strong></span> <span class='ocrx_word' id='word_1_80' title='bbox 1362 884 1438 942; x_wconf 93' lang='lat' dir='ltr'><strong>qui</strong></span> <span class='ocrx_word' id='word_1_81' title='bbox 1459 884 1657 928; x_wconf 90' lang='lat' dir='ltr'><strong>uiolenta</strong></span> 
     </span>
     <span class='ocr_line' id='line_1_11' title="bbox 130 953 1657 1014; baseline -0.001 -16"><span class='ocrx_word' id='word_1_82' title='bbox 130 965 174 991; x_wconf 78' lang='lat'><strong>10</strong></span> <span class='ocrx_word' id='word_1_83' title='bbox 189 954 489 1000; x_wconf 81' lang='lat' dir='ltr'><strong>dominatione</strong></span> <span class='ocrx_word' id='word_1_84' title='bbox 515 955 727 1014; x_wconf 88' lang='lat' dir='ltr'><strong>populum</strong></span> <span class='ocrx_word' id='word_1_85' title='bbox 753 955 926 1013; x_wconf 84' lang='lat' dir='ltr'><strong>premit,</strong></span> <span class='ocrx_word' id='word_1_86' title='bbox 950 954 1066 998; x_wconf 90' lang='lat' dir='ltr'><strong>sicut</strong></span> <span class='ocrx_word' id='word_1_87' title='bbox 1092 954 1169 1012; x_wconf 91' lang='lat' dir='ltr'><strong>qui</strong></span> <span class='ocrx_word' id='word_1_88' title='bbox 1196 953 1369 1011; x_wconf 89' lang='lat' dir='ltr'><strong>legibus</strong></span> <span class='ocrx_word' id='word_1_89' title='bbox 1396 954 1513 1012; x_wconf 89' lang='lat' dir='ltr'><strong>regit</strong></span> <span class='ocrx_word' id='word_1_90' title='bbox 1535 954 1657 1011; x_wconf 88' lang='lat' dir='ltr'><strong>prin-</strong></span> 
     </span>
     <span class='ocr_line' id='line_1_12' title="bbox 190 1023 1658 1083; baseline -0.001 -16"><span class='ocrx_word' id='word_1_91' title='bbox 190 1038 291 1083; x_wconf 86' lang='lat' dir='ltr'><strong>ceps</strong></span> <span class='ocrx_word' id='word_1_92' title='bbox 311 1028 390 1069; x_wconf 87' lang='lat' dir='ltr'><strong>est.</strong></span> <span class='ocrx_word' id='word_1_93' title='bbox 439 1025 574 1069; x_wconf 87' lang='lat' dir='ltr'><strong>Porro</strong></span> <span class='ocrx_word' id='word_1_94' title='bbox 589 1025 663 1069; x_wconf 87' lang='lat' dir='ltr'><strong>lex</strong></span> <span class='ocrx_word' id='word_1_95' title='bbox 682 1025 846 1068; x_wconf 91' lang='lat' dir='ltr'><strong>donum</strong></span> <span class='ocrx_word' id='word_1_96' title='bbox 867 1023 950 1068; x_wconf 94' lang='lat' dir='ltr'><strong>Dei</strong></span> <span class='ocrx_word' id='word_1_97' title='bbox 972 1027 1051 1077; x_wconf 91' lang='lat' dir='ltr'><strong>est,</strong></span> <span class='ocrx_word' id='word_1_98' title='bbox 1071 1024 1310 1081; x_wconf 86' lang='lat' dir='ltr'><strong>aequitatis</strong></span> <span class='ocrx_word' id='word_1_99' title='bbox 1331 1023 1486 1074; x_wconf 81' lang='lat' dir='ltr'><strong>forma,</strong></span> <span class='ocrx_word' id='word_1_100' title='bbox 1501 1038 1658 1067; x_wconf 89' lang='lat' dir='ltr'><strong>norma</strong></span> 
     </span>
     <span class='ocr_line' id='line_1_13' title="bbox 190 1093 1657 1151; baseline 0 -15"><span class='ocrx_word' id='word_1_101' title='bbox 190 1093 400 1148; x_wconf 88' lang='lat' dir='ltr'><strong>iustitiae,</strong></span> <span class='ocrx_word' id='word_1_102' title='bbox 431 1095 609 1138; x_wconf 89' lang='lat' dir='ltr'><strong>diuinae</strong></span> <span class='ocrx_word' id='word_1_103' title='bbox 647 1093 894 1138; x_wconf 90' lang='lat' dir='ltr'><strong>uoluntatis</strong></span> <span class='ocrx_word' id='word_1_104' title='bbox 927 1094 1086 1151; x_wconf 86' lang='lat' dir='ltr'><strong>imago,</strong></span> <span class='ocrx_word' id='word_1_105' title='bbox 1117 1093 1275 1137; x_wconf 88' lang='lat' dir='ltr'><strong>salutis</strong></span> <span class='ocrx_word' id='word_1_106' title='bbox 1306 1093 1518 1144; x_wconf 88' lang='lat' dir='ltr'><strong>custodia,</strong></span> <span class='ocrx_word' id='word_1_107' title='bbox 1549 1093 1657 1136; x_wconf 90' lang='lat' dir='ltr'><strong>unio</strong></span> 
     </span>
     <span class='ocr_line' id='line_1_14' title="bbox 191 1162 1657 1222; baseline -0.001 -14"><span class='ocrx_word' id='word_1_108' title='bbox 191 1166 237 1207; x_wconf 87' lang='lat' dir='ltr'><strong>et</strong></span> <span class='ocrx_word' id='word_1_109' title='bbox 267 1164 554 1208; x_wconf 85' lang='lat' dir='ltr'><strong>consolidatio</strong></span> <span class='ocrx_word' id='word_1_110' title='bbox 587 1163 862 1222; x_wconf 87' lang='lat' dir='ltr'><strong>populorum,</strong></span> <span class='ocrx_word' id='word_1_111' title='bbox 895 1162 1050 1220; x_wconf 89' lang='lat' dir='ltr'><strong>regula</strong></span> <span class='ocrx_word' id='word_1_112' title='bbox 1088 1162 1341 1213; x_wconf 85' lang='lat' dir='ltr'><strong>officiorum,</strong></span> <span class='ocrx_word' id='word_1_113' title='bbox 1377 1163 1572 1206; x_wconf 85' lang='lat' dir='ltr'><strong>exclusio</strong></span> <span class='ocrx_word' id='word_1_114' title='bbox 1611 1167 1657 1207; x_wconf 90' lang='lat' dir='ltr'><strong>et</strong></span> 
     </span>
     <span class='ocr_line' id='line_1_15' title="bbox 189 1232 1655 1290; baseline 0.001 -15"><span class='ocrx_word' id='word_1_115' title='bbox 189 1234 501 1278; x_wconf 86' lang='lat' dir='ltr'><strong>exterminatio</strong></span> <span class='ocrx_word' id='word_1_116' title='bbox 531 1234 755 1284; x_wconf 88' lang='lat' dir='ltr'><strong>uitiorum,</strong></span> <span class='ocrx_word' id='word_1_117' title='bbox 786 1232 1025 1276; x_wconf 87' lang='lat' dir='ltr'><strong>uiolentiae</strong></span> <span class='ocrx_word' id='word_1_118' title='bbox 1058 1236 1104 1276; x_wconf 92' lang='lat' dir='ltr'><strong>et</strong></span> <span class='ocrx_word' id='word_1_119' title='bbox 1138 1233 1278 1276; x_wconf 88' lang='lat' dir='ltr'><strong>totius</strong></span> <span class='ocrx_word' id='word_1_120' title='bbox 1309 1233 1498 1276; x_wconf 86' lang='lat' dir='ltr'><strong>iniuriae</strong></span> <span class='ocrx_word' id='word_1_121' title='bbox 1530 1247 1655 1290; x_wconf 88' lang='lat' dir='ltr'><strong>pena.</strong></span> 
     </span>
     <span class='ocr_line' id='line_1_16' title="bbox 129 1301 1656 1360; baseline 0.001 -16"><span class='ocrx_word' id='word_1_122' title='bbox 129 1312 171 1350; x_wconf 77' lang='lat'><strong>15</strong></span> <span class='ocrx_word' id='word_1_123' title='bbox 190 1301 312 1346; x_wconf 85' lang='lat' dir='ltr'><strong>Haec</strong></span> <span class='ocrx_word' id='word_1_124' title='bbox 333 1306 480 1347; x_wconf 87' lang='lat' dir='ltr'><strong>autem</strong></span> <span class='ocrx_word' id='word_1_125' title='bbox 501 1306 582 1347; x_wconf 90' lang='lat' dir='ltr'><strong>aut</strong></span> <span class='ocrx_word' id='word_1_126' title='bbox 599 1303 812 1347; x_wconf 89' lang='lat' dir='ltr'><strong>uiolentia</strong></span> <span class='ocrx_word' id='word_1_127' title='bbox 832 1306 911 1346; x_wconf 90' lang='lat' dir='ltr'><strong>aut</strong></span> <span class='ocrx_word' id='word_1_128' title='bbox 931 1302 1032 1346; x_wconf 92' lang='lat' dir='ltr'><strong>dolo</strong></span> <span class='ocrx_word' id='word_1_129' title='bbox 1052 1302 1354 1360; x_wconf 87' lang='lat' dir='ltr'><strong>impugnatur,</strong></span> <span class='ocrx_word' id='word_1_130' title='bbox 1367 1305 1413 1346; x_wconf 92' lang='lat' dir='ltr'><strong>et</strong></span> <span class='ocrx_word' id='word_1_131' title='bbox 1428 1303 1555 1360; x_wconf 82' lang='lat' dir='ltr'><strong>quasi</strong></span> <span class='ocrx_word' id='word_1_132' title='bbox 1575 1307 1656 1346; x_wconf 88' lang='lat' dir='ltr'><strong>aut</strong></span> 
     </span>
     <span class='ocr_line' id='line_1_17' title="bbox 189 1371 1654 1429; baseline 0 -14"><span class='ocrx_word' id='word_1_133' title='bbox 189 1371 328 1416; x_wconf 91' lang='lat' dir='ltr'><strong>leonis</strong></span> <span class='ocrx_word' id='word_1_134' title='bbox 356 1372 634 1416; x_wconf 86' lang='lat' dir='ltr'><strong>immanitate</strong></span> <span class='ocrx_word' id='word_1_135' title='bbox 663 1375 870 1416; x_wconf 88' lang='lat' dir='ltr'><strong>uastatur</strong></span> <span class='ocrx_word' id='word_1_136' title='bbox 898 1375 978 1415; x_wconf 89' lang='lat' dir='ltr'><strong>aut</strong></span> <span class='ocrx_word' id='word_1_137' title='bbox 1010 1372 1212 1416; x_wconf 86' lang='lat' dir='ltr'><strong>draoonis</strong></span> <span class='ocrx_word' id='word_1_138' title='bbox 1242 1372 1559 1429; x_wconf 87' lang='lat' dir='ltr'><strong>supplantatur</strong></span> <span class='ocrx_word' id='word_1_139' title='bbox 1587 1373 1654 1415; x_wconf 92' lang='lat' dir='ltr'><strong>in-</strong></span> 
     </span>
     <span class='ocr_line' id='line_1_18' title="bbox 185 1440 1652 1499; baseline 0 -15"><span class='ocrx_word' id='word_1_140' title='bbox 185 1440 321 1484; x_wconf 88' lang='lat' dir='ltr'><strong>sidiis.</strong></span> <span class='ocrx_word' id='word_1_141' title='bbox 371 1441 656 1499; x_wconf 81' lang='lat' dir='ltr'><strong>Quocumque</strong></span> <span class='ocrx_word' id='word_1_142' title='bbox 671 1444 820 1485; x_wconf 88' lang='lat' dir='ltr'><strong>autem</strong></span> <span class='ocrx_word' id='word_1_143' title='bbox 841 1441 971 1484; x_wconf 89' lang='lat' dir='ltr'><strong>modo</strong></span> <span class='ocrx_word' id='word_1_144' title='bbox 991 1441 1037 1484; x_wconf 93' lang='lat' dir='ltr'><strong>id</strong></span> <span class='ocrx_word' id='word_1_145' title='bbox 1057 1442 1149 1493; x_wconf 90' lang='lat' dir='ltr'><strong>fiat,</strong></span> <span class='ocrx_word' id='word_1_146' title='bbox 1169 1441 1351 1499; x_wconf 89' lang='lat' dir='ltr'><strong>planum</strong></span> <span class='ocrx_word' id='word_1_147' title='bbox 1373 1444 1441 1484; x_wconf 89' lang='lat' dir='ltr'><strong>est</strong></span> <span class='ocrx_word' id='word_1_148' title='bbox 1459 1441 1652 1499; x_wconf 84' lang='lat' dir='ltr'><strong>gratiam</strong></span> 
     </span>
     <span class='ocr_line' id='line_1_19' title="bbox 186 1510 1654 1569; baseline 0.002 -16"><span class='ocrx_word' id='word_1_149' title='bbox 186 1511 433 1569; x_wconf 85' lang='lat' dir='ltr'><strong>oppugnari</strong></span> <span class='ocrx_word' id='word_1_150' title='bbox 465 1514 511 1554; x_wconf 90' lang='lat' dir='ltr'><strong>et</strong></span> <span class='ocrx_word' id='word_1_151' title='bbox 541 1510 686 1555; x_wconf 89' lang='lat' dir='ltr'><strong>Deum</strong></span> <span class='ocrx_word' id='word_1_152' title='bbox 718 1510 1041 1569; x_wconf 89' lang='lat' dir='ltr'><strong>quodammodo</strong></span> <span class='ocrx_word' id='word_1_153' title='bbox 1075 1510 1305 1568; x_wconf 77' lang='lat' dir='ltr'><strong>prouocati</strong></span> <span class='ocrx_word' id='word_1_154' title='bbox 1336 1510 1394 1553; x_wconf 91' lang='lat' dir='ltr'><strong>ad</strong></span> <span class='ocrx_word' id='word_1_155' title='bbox 1423 1510 1654 1568; x_wconf 84' lang='lat' dir='ltr'><strong>praelium.</strong></span> 
     </span>
     <span class='ocr_line' id='line_1_20' title="bbox 186 1579 1653 1639; baseline 0.001 -16"><span class='ocrx_word' id='word_1_156' title='bbox 186 1579 393 1638; x_wconf 89' lang='lat' dir='ltr'><strong>Princeps</strong></span> <span class='ocrx_word' id='word_1_157' title='bbox 426 1583 599 1638; x_wconf 88' lang='lat' dir='ltr'><strong>pugnat</strong></span> <span class='ocrx_word' id='word_1_158' title='bbox 626 1595 706 1638; x_wconf 90' lang='lat' dir='ltr'><strong>pro</strong></span> <span class='ocrx_word' id='word_1_159' title='bbox 730 1581 902 1639; x_wconf 87' lang='lat' dir='ltr'><strong>legibus</strong></span> <span class='ocrx_word' id='word_1_160' title='bbox 930 1584 976 1624; x_wconf 92' lang='lat' dir='ltr'><strong>et</strong></span> <span class='ocrx_word' id='word_1_161' title='bbox 1004 1580 1157 1638; x_wconf 91' lang='lat' dir='ltr'><strong>populi</strong></span> <span class='ocrx_word' id='word_1_162' title='bbox 1187 1580 1418 1633; x_wconf 88' lang='lat' dir='ltr'><strong>libertate;</strong></span> <span class='ocrx_word' id='word_1_163' title='bbox 1447 1580 1653 1624; x_wconf 86' lang='lat' dir='ltr'><strong>tirannus</strong></span> 
     </span>
     <span class='ocr_line' id='line_1_21' title="bbox 126 1640 1652 1708; baseline 0.001 -16"><span class='ocrx_word' id='word_1_164' title='bbox 126 1640 170 1684; x_wconf 64' lang='grc' dir='ltr'><strong>’ὁ</strong></span> <span class='ocrx_word' id='word_1_165' title='bbox 190 1648 255 1692; x_wconf 90' lang='lat' dir='ltr'><strong>nil</strong></span> <span class='ocrx_word' id='word_1_166' title='bbox 281 1652 428 1693; x_wconf 87' lang='lat' dir='ltr'><strong>actum</strong></span> <span class='ocrx_word' id='word_1_167' title='bbox 455 1652 587 1708; x_wconf 87' lang='lat' dir='ltr'><strong>putat</strong></span> <span class='ocrx_word' id='word_1_168' title='bbox 606 1650 693 1693; x_wconf 87' lang='lat' dir='ltr'><strong>nisi</strong></span> <span class='ocrx_word' id='word_1_169' title='bbox 720 1651 839 1708; x_wconf 89' lang='lat' dir='ltr'><strong>leges</strong></span> <span class='ocrx_word' id='word_1_170' title='bbox 869 1654 1054 1694; x_wconf 86' lang='lat' dir='ltr'><strong>euacuet</strong></span> <span class='ocrx_word' id='word_1_171' title='bbox 1080 1653 1126 1694; x_wconf 88' lang='lat' dir='ltr'><strong>et</strong></span> <span class='ocrx_word' id='word_1_172' title='bbox 1151 1649 1366 1708; x_wconf 91' lang='lat' dir='ltr'><strong>populum</strong></span> <span class='ocrx_word' id='word_1_173' title='bbox 1393 1650 1578 1693; x_wconf 88' lang='lat' dir='ltr'><strong>deuocet</strong></span> <span class='ocrx_word' id='word_1_174' title='bbox 1604 1650 1652 1693; x_wconf 92' lang='lat' dir='ltr'><strong>in</strong></span> 
     </span>
     <span class='ocr_line' id='line_1_22' title="bbox 185 1713 1798 1778; baseline 0.001 -16"><span class='ocrx_word' id='word_1_175' title='bbox 185 1718 458 1763; x_wconf 81' lang='lat' dir='ltr'><strong>seruitutem.</strong></span> <span class='ocrx_word' id='word_1_176' title='bbox 517 1719 673 1778; x_wconf 87' lang='lat' dir='ltr'><strong>Imago</strong></span> <span class='ocrx_word' id='word_1_177' title='bbox 707 1720 922 1778; x_wconf 86' lang='lat' dir='ltr'><strong>quaedam</strong></span> <span class='ocrx_word' id='word_1_178' title='bbox 964 1720 1217 1763; x_wconf 87' lang='lat' dir='ltr'><strong>diuinitatis</strong></span> <span class='ocrx_word' id='word_1_179' title='bbox 1256 1722 1324 1762; x_wconf 85' lang='lat' dir='ltr'><strong>est</strong></span> <span class='ocrx_word' id='word_1_180' title='bbox 1362 1719 1566 1777; x_wconf 87' lang='lat' dir='ltr'><strong>princeps</strong></span> <span class='ocrx_word' id='word_1_181' title='bbox 1606 1723 1652 1764; x_wconf 89' lang='lat' dir='ltr'><strong>et</strong></span> <span class='ocrx_word' id='word_1_182' title='bbox 1669 1713 1747 1763; x_wconf 88' lang='grc'><strong>778</strong></span> <span class='ocrx_word' id='word_1_183' title='bbox 1768 1724 1798 1753; x_wconf 70' lang='grc'><strong>8</strong></span> 
     </span>
     <span class='ocr_line' id='line_1_23' title="bbox 185 1787 1651 1847; baseline 0.001 -16"><span class='ocrx_word' id='word_1_184' title='bbox 185 1787 389 1832; x_wconf 88' lang='lat' dir='ltr'><strong>tirannus</strong></span> <span class='ocrx_word' id='word_1_185' title='bbox 409 1791 476 1832; x_wconf 89' lang='lat' dir='ltr'><strong>est</strong></span> <span class='ocrx_word' id='word_1_186' title='bbox 501 1789 782 1833; x_wconf 88' lang='lat' dir='ltr'><strong>aduersariae</strong></span> <span class='ocrx_word' id='word_1_187' title='bbox 810 1789 1090 1833; x_wconf 85' lang='lat' dir='ltr'><strong>fortitudinis</strong></span> <span class='ocrx_word' id='word_1_188' title='bbox 1110 1792 1155 1832; x_wconf 87' lang='lat' dir='ltr'><strong>et</strong></span> <span class='ocrx_word' id='word_1_189' title='bbox 1176 1788 1483 1832; x_wconf 83' lang='lat' dir='ltr'><strong>Luciferianae</strong></span> <span class='ocrx_word' id='word_1_190' title='bbox 1503 1789 1651 1847; x_wconf 89' lang='lat' dir='ltr'><strong>praui-</strong></span> 
     </span>
     <span class='ocr_line' id='line_1_24' title="bbox 185 1857 1650 1916; baseline 0.001 -15"><span class='ocrx_word' id='word_1_191' title='bbox 185 1857 294 1901; x_wconf 82' lang='lat' dir='ltr'><strong>tatis</strong></span> <span class='ocrx_word' id='word_1_192' title='bbox 323 1857 483 1916; x_wconf 90' lang='lat' dir='ltr'><strong>imago,</strong></span> <span class='ocrx_word' id='word_1_193' title='bbox 507 1858 723 1916; x_wconf 87' lang='lat' dir='ltr'><strong>siquidem</strong></span> <span class='ocrx_word' id='word_1_194' title='bbox 754 1859 879 1902; x_wconf 90' lang='lat' dir='ltr'><strong>illum</strong></span> <span class='ocrx_word' id='word_1_195' title='bbox 910 1859 1116 1902; x_wconf 89' lang='lat' dir='ltr'><strong>imitatur</strong></span> <span class='ocrx_word' id='word_1_196' title='bbox 1145 1858 1222 1916; x_wconf 91' lang='lat' dir='ltr'><strong>qui</strong></span> <span class='ocrx_word' id='word_1_197' title='bbox 1249 1858 1477 1902; x_wconf 83' lang='lat' dir='ltr'><strong>affectauit</strong></span> <span class='ocrx_word' id='word_1_198' title='bbox 1503 1859 1650 1903; x_wconf 89' lang='lat' dir='ltr'><strong>sedem</strong></span> 
     </span>
     <span class='ocr_line' id='line_1_25' title="bbox 184 1927 1651 1984; baseline 0.001 -14"><span class='ocrx_word' id='word_1_199' title='bbox 184 1939 346 1983; x_wconf 88' lang='lat' dir='ltr'><strong>ponere</strong></span> <span class='ocrx_word' id='word_1_200' title='bbox 383 1927 439 1970; x_wconf 89' lang='lat' dir='ltr'><strong>ad</strong></span> <span class='ocrx_word' id='word_1_201' title='bbox 475 1928 724 1984; x_wconf 89' lang='lat' dir='ltr'><strong>aquilonem</strong></span> <span class='ocrx_word' id='word_1_202' title='bbox 759 1930 805 1971; x_wconf 90' lang='lat' dir='ltr'><strong>et</strong></span> <span class='ocrx_word' id='word_1_203' title='bbox 843 1927 1001 1971; x_wconf 87' lang='lat' dir='ltr'><strong>similis</strong></span> <span class='ocrx_word' id='word_1_204' title='bbox 1042 1942 1134 1971; x_wconf 90' lang='lat' dir='ltr'><strong>esse</strong></span> <span class='ocrx_word' id='word_1_205' title='bbox 1174 1927 1415 1979; x_wconf 87' lang='lat' dir='ltr'><strong>Altissimo,</strong></span> <span class='ocrx_word' id='word_1_206' title='bbox 1450 1927 1651 1972; x_wconf 88' lang='lat' dir='ltr'><strong>bonitate</strong></span> 
     </span>
     <span class='ocr_line' id='line_1_26' title="bbox 126 1995 1650 2050; baseline 0 -11"><span class='ocrx_word' id='word_1_207' title='bbox 126 2002 168 2038; x_wconf 75' lang='lat'><strong>²⁵</strong></span> <span class='ocrx_word' id='word_1_208' title='bbox 184 1996 334 2039; x_wconf 86' lang='lat' dir='ltr'><strong>tamen</strong></span> <span class='ocrx_word' id='word_1_209' title='bbox 357 1995 555 2040; x_wconf 86' lang='lat' dir='ltr'><strong>deducta.</strong></span> <span class='ocrx_word' id='word_1_210' title='bbox 615 1996 665 2040; x_wconf 91' lang='lat' dir='ltr'><strong>Si</strong></span> <span class='ocrx_word' id='word_1_211' title='bbox 690 1997 808 2040; x_wconf 92' lang='lat' dir='ltr'><strong>enim</strong></span> <span class='ocrx_word' id='word_1_212' title='bbox 835 1997 1026 2040; x_wconf 86' lang='lat' dir='ltr'><strong>bonitati</strong></span> <span class='ocrx_word' id='word_1_213' title='bbox 1050 1996 1250 2040; x_wconf 89' lang='lat' dir='ltr'><strong>studeret</strong></span> <span class='ocrx_word' id='word_1_214' title='bbox 1276 2011 1370 2040; x_wconf 88' lang='lat' dir='ltr'><strong>esse</strong></span> <span class='ocrx_word' id='word_1_215' title='bbox 1398 1996 1650 2050; x_wconf 87' lang='lat' dir='ltr'><strong>conformis,</strong></span> 
     </span>
     <span class='ocr_line' id='line_1_27' title="bbox 185 2066 1650 2124; baseline 0.002 -17"><span class='ocrx_word' id='word_1_216' title='bbox 185 2078 463 2122; x_wconf 87' lang='lat' dir='ltr'><strong>nequaquam</strong></span> <span class='ocrx_word' id='word_1_217' title='bbox 501 2066 726 2124; x_wconf 85' lang='lat' dir='ltr'><strong>potentiae</strong></span> <span class='ocrx_word' id='word_1_218' title='bbox 767 2069 847 2110; x_wconf 85' lang='lat' dir='ltr'><strong>aut</strong></span> <span class='ocrx_word' id='word_1_219' title='bbox 885 2066 1129 2124; x_wconf 84' lang='lat' dir='ltr'><strong>sapientiae</strong></span> <span class='ocrx_word' id='word_1_220' title='bbox 1167 2066 1354 2124; x_wconf 88' lang='lat' dir='ltr'><strong>gloriam</strong></span> <span class='ocrx_word' id='word_1_221' title='bbox 1398 2067 1650 2124; x_wconf 85' lang='lat' dir='ltr'><strong>praeripere</strong></span> 
     </span>
     <span class='ocr_line' id='line_1_28' title="bbox 183 2133 1650 2193; baseline 0.003 -18"><span class='ocrx_word' id='word_1_222' title='bbox 183 2133 423 2178; x_wconf 88' lang='lat' dir='ltr'><strong>moliretur.</strong></span> <span class='ocrx_word' id='word_1_223' title='bbox 510 2134 838 2179; x_wconf 88' lang='lat' dir='ltr'><strong>Remunerandi</strong></span> <span class='ocrx_word' id='word_1_224' title='bbox 896 2139 1046 2179; x_wconf 86' lang='lat' dir='ltr'><strong>tamen</strong></span> <span class='ocrx_word' id='word_1_225' title='bbox 1108 2136 1374 2179; x_wconf 88' lang='lat' dir='ltr'><strong>auctoritate</strong></span> <span class='ocrx_word' id='word_1_226' title='bbox 1432 2136 1650 2193; x_wconf 88' lang='lat' dir='ltr'><strong>aspirauit</strong></span> 
     </span>
     <span class='ocr_line' id='line_1_29' title="bbox 187 2201 1650 2263; baseline 0.003 -18"><span class='ocrx_word' id='word_1_227' title='bbox 187 2201 375 2246; x_wconf 80' lang='lat' dir='ltr'><strong>fortasse</strong></span> <span class='ocrx_word' id='word_1_228' title='bbox 422 2205 665 2262; x_wconf 87' lang='lat' dir='ltr'><strong>coaequari.</strong></span> <span class='ocrx_word' id='word_1_229' title='bbox 748 2205 906 2262; x_wconf 85' lang='lat' dir='ltr'><strong>Imago</strong></span> <span class='ocrx_word' id='word_1_230' title='bbox 955 2205 1150 2258; x_wconf 88' lang='lat' dir='ltr'><strong>deitatis,</strong></span> <span class='ocrx_word' id='word_1_231' title='bbox 1181 2205 1386 2263; x_wconf 90' lang='lat' dir='ltr'><strong>princeps</strong></span> <span class='ocrx_word' id='word_1_232' title='bbox 1433 2205 1650 2249; x_wconf 89' lang='lat' dir='ltr'><strong>amandus</strong></span> 
     </span>
     <span class='ocr_line' id='line_1_30' title="bbox 185 2272 1648 2333; baseline 0.002 -19"><span class='ocrx_word' id='word_1_233' title='bbox 185 2272 462 2316; x_wconf 87' lang='lat' dir='ltr'><strong>uenerandus</strong></span> <span class='ocrx_word' id='word_1_234' title='bbox 501 2280 568 2317; x_wconf 87' lang='lat' dir='ltr'><strong>est</strong></span> <span class='ocrx_word' id='word_1_235' title='bbox 611 2277 657 2318; x_wconf 90' lang='lat' dir='ltr'><strong>et</strong></span> <span class='ocrx_word' id='word_1_236' title='bbox 694 2274 928 2328; x_wconf 87' lang='lat' dir='ltr'><strong>colendus;</strong></span> <span class='ocrx_word' id='word_1_237' title='bbox 978 2275 1197 2327; x_wconf 87' lang='lat' dir='ltr'><strong>tirannus,</strong></span> <span class='ocrx_word' id='word_1_238' title='bbox 1218 2275 1458 2332; x_wconf 85' lang='lat' dir='ltr'><strong>prauitatis</strong></span> <span class='ocrx_word' id='word_1_239' title='bbox 1488 2275 1648 2333; x_wconf 88' lang='lat' dir='ltr'><strong>imago,</strong></span> 
     </span>
     <span class='ocr_line' id='line_1_31' title="bbox 121 2340 1648 2402; baseline 0.003 -21"><span class='ocrx_word' id='word_1_240' title='bbox 121 2355 167 2389; x_wconf 81' lang='lat'><strong>30</strong></span> <span class='ocrx_word' id='word_1_241' title='bbox 184 2340 441 2398; x_wconf 87' lang='lat' dir='ltr'><strong>plerumque</strong></span> <span class='ocrx_word' id='word_1_242' title='bbox 471 2342 604 2385; x_wconf 86' lang='lat' dir='ltr'><strong>etiam</strong></span> <span class='ocrx_word' id='word_1_243' title='bbox 634 2343 906 2393; x_wconf 83' lang='lat' dir='ltr'><strong>occidendus.</strong></span> <span class='ocrx_word' id='word_1_244' title='bbox 969 2343 1107 2402; x_wconf 87' lang='lat' dir='ltr'><strong>Origo</strong></span> <span class='ocrx_word' id='word_1_245' title='bbox 1136 2344 1304 2387; x_wconf 90' lang='lat' dir='ltr'><strong>tiranni</strong></span> <span class='ocrx_word' id='word_1_246' title='bbox 1335 2344 1549 2401; x_wconf 87' lang='lat' dir='ltr'><strong>iniquitas</strong></span> <span class='ocrx_word' id='word_1_247' title='bbox 1578 2348 1648 2387; x_wconf 88' lang='lat' dir='ltr'><strong>est</strong></span> 
     </span>
    </p>
   </div>
   <div class='ocr_carea' id='block_1_4' title="bbox 180 2409 1646 2524">
    <p class='ocr_par' dir='ltr' id='par_1_4' title="bbox 180 2409 1646 2524">
     <span class='ocr_line' id='line_1_32' title="bbox 180 2409 1646 2523; baseline 0.001 -58"><span class='ocrx_word' id='word_1_248' title='bbox 180 2409 709 2523; x_wconf 49' lang='lat' dir='ltr'><strong>mm.</strong></span> <span class='ocrx_word' id='word_1_249' title='bbox 726 2432 935 2523; x_wconf 46' lang='lat' dir='ltr'><strong>wpbpgaes.</strong></span> <span class='ocrx_word' id='word_1_250' title='bbox 1034 2429 1281 2514; x_wconf 72' lang='lat' dir='ltr'><strong>sMplutharco</strong></span> <span class='ocrx_word' id='word_1_251' title='bbox 1298 2430 1326 2467; x_wconf 90' lang='lat' dir='ltr'>C</span> <span class='ocrx_word' id='word_1_252' title='bbox 1414 2441 1437 2476; x_wconf 92' lang='lat'><strong>9</strong></span> <span class='ocrx_word' id='word_1_253' title='bbox 1461 2432 1646 2477; x_wconf 77' lang='lat' dir='ltr'><strong>tyrannus</strong></span> 
     </span>
     <span class='ocr_line' id='line_1_33' title="bbox 775 2489 1028 2524; baseline 0 -10"><span class='ocrx_word' id='word_1_254' title='bbox 775 2489 795 2514; x_wconf 88' lang='lat'>2</span> <span class='ocrx_word' id='word_1_255' title='bbox 861 2489 1028 2524; x_wconf 79' lang='lat' dir='ltr'><strong>yrannus</strong></span> 
     </span>
    </p>
   </div>
   <div class='ocr_carea' id='block_1_5' title="bbox 181 2556 1646 2840">
    <p class='ocr_par' dir='ltr' id='par_1_5' title="bbox 181 2556 1646 2840">
     <span class='ocr_line' id='line_1_34' title="bbox 231 2556 1641 2613; baseline 0.004 -23"><span class='ocrx_word' id='word_1_256' title='bbox 231 2564 249 2603; x_wconf 81' lang='grc'>5</span> <span class='ocrx_word' id='word_1_257' title='bbox 275 2557 464 2601; x_wconf 69' lang='lat' dir='ltr'><strong>superius:</strong></span> <span class='ocrx_word' id='word_1_258' title='bbox 498 2568 530 2592; x_wconf 83' lang='lat' dir='ltr'><strong>v.</strong></span> <span class='ocrx_word' id='word_1_259' title='bbox 558 2569 673 2604; x_wconf 79' lang='lat' dir='ltr'><strong>supra</strong></span> <span class='ocrx_word' id='word_1_260' title='bbox 696 2556 742 2594; x_wconf 84' lang='lat' dir='ltr'><strong>iv.</strong></span> <span class='ocrx_word' id='word_1_261' title='bbox 770 2569 822 2595; x_wconf 82' lang='lat' dir='ltr'><strong>ec.</strong></span> <span class='ocrx_word' id='word_1_262' title='bbox 854 2568 867 2594; x_wconf 86' lang='lat'>1</span> <span class='ocrx_word' id='word_1_263' title='bbox 887 2569 1002 2613; x_wconf 83' lang='lat' dir='ltr'><strong>seqq..</strong></span> <span class='ocrx_word' id='word_1_264' title='bbox 1028 2570 1059 2595; x_wconf 87' lang='lat' dir='ltr'><strong>v.</strong></span> <span class='ocrx_word' id='word_1_265' title='bbox 1089 2569 1139 2595; x_wconf 89' lang='lat' dir='ltr'><strong>cc.</strong></span> <span class='ocrx_word' id='word_1_266' title='bbox 1168 2559 1191 2595; x_wconf 94' lang='lat'><strong>6</strong></span> <span class='ocrx_word' id='word_1_267' title='bbox 1204 2570 1317 2605; x_wconf 69' lang='lat' dir='ltr'><strong>seqq„</strong></span> <span class='ocrx_word' id='word_1_268' title='bbox 1346 2558 1392 2595; x_wconf 87' lang='lat' dir='ltr'><strong>vi.</strong></span> <span class='ocrx_word' id='word_1_269' title='bbox 1422 2570 1473 2595; x_wconf 87' lang='lat' dir='ltr'><strong>cc.</strong></span> <span class='ocrx_word' id='word_1_270' title='bbox 1510 2569 1524 2595; x_wconf 93' lang='lat'>1</span> <span class='ocrx_word' id='word_1_271' title='bbox 1540 2569 1641 2605; x_wconf 81' lang='lat' dir='ltr'><strong>seqq.</strong></span> 
     </span>
     <span class='ocr_line' id='line_1_35' title="bbox 184 2603 1646 2652; baseline 0.001 -12"><span class='ocrx_word' id='word_1_272' title='bbox 184 2603 229 2640; x_wconf 89' lang='lat'><strong>16</strong></span> <span class='ocrx_word' id='word_1_273' title='bbox 253 2604 366 2638; x_wconf 72' lang='lat' dir='ltr'><strong>leonis</strong></span> <span class='ocrx_word' id='word_1_274' title='bbox 382 2605 454 2640; x_wconf 86' lang='lat' dir='ltr'><strong>etc.</strong></span> <span class='ocrx_word' id='word_1_275' title='bbox 468 2615 476 2639; x_wconf 90' lang='lat'>:</span> <span class='ocrx_word' id='word_1_276' title='bbox 501 2603 548 2640; x_wconf 86' lang='lat' dir='ltr'><strong>cf.</strong></span> <span class='ocrx_word' id='word_1_277' title='bbox 564 2603 621 2641; x_wconf 88' lang='lat' dir='ltr'><strong>Ps.</strong></span> <span class='ocrx_word' id='word_1_278' title='bbox 633 2616 690 2641; x_wconf 86' lang='lat' dir='ltr'><strong>xe.</strong></span> <span class='ocrx_word' id='word_1_279' title='bbox 708 2615 749 2651; x_wconf 82' lang='lat'><strong>13</strong></span> <span class='ocrx_word' id='word_1_280' title='bbox 760 2607 800 2642; x_wconf 87' lang='lat' dir='ltr'><strong>et</strong></span> <span class='ocrx_word' id='word_1_281' title='bbox 817 2604 1022 2652; x_wconf 73' lang='lat' dir='ltr'><strong>Augustini</strong></span> <span class='ocrx_word' id='word_1_282' title='bbox 1038 2604 1080 2642; x_wconf 89' lang='lat' dir='ltr'><strong>in</strong></span> <span class='ocrx_word' id='word_1_283' title='bbox 1095 2607 1410 2642; x_wconf 61' lang='lat' dir='ltr'><strong>Euat-rationibus</strong></span> <span class='ocrx_word' id='word_1_284' title='bbox 1425 2609 1465 2641; x_wconf 75' lang='lat' dir='ltr'><strong>in</strong></span> <span class='ocrx_word' id='word_1_285' title='bbox 1482 2607 1646 2642; x_wconf 69' lang='lat' dir='ltr'><strong>Psalmos</strong></span> 
     </span>
     <span class='ocr_line' id='line_1_36' title="bbox 182 2649 1642 2699; baseline 0.003 -14"><span class='ocrx_word' id='word_1_286' title='bbox 182 2649 495 2686; x_wconf 82' lang='lat' dir='ltr'><strong>commentarium</strong></span> <span class='ocrx_word' id='word_1_287' title='bbox 513 2650 661 2698; x_wconf 84' lang='lat' dir='ltr'><strong>(Migne</strong></span> <span class='ocrx_word' id='word_1_288' title='bbox 678 2653 718 2688; x_wconf 91' lang='lat' dir='ltr'><strong>P.</strong></span> <span class='ocrx_word' id='word_1_289' title='bbox 738 2653 780 2688; x_wconf 88' lang='lat' dir='ltr'><strong>L.</strong></span> <span class='ocrx_word' id='word_1_290' title='bbox 797 2651 937 2688; x_wconf 83' lang='lat' dir='ltr'><strong>xxxvii.</strong></span> <span class='ocrx_word' id='word_1_291' title='bbox 960 2654 1076 2699; x_wconf 84' lang='lat'><strong>1168).</strong></span> <span class='ocrx_word' id='word_1_292' title='bbox 1208 2663 1256 2690; x_wconf 88' lang='lat'><strong>20</strong></span> <span class='ocrx_word' id='word_1_293' title='bbox 1279 2655 1335 2689; x_wconf 84' lang='lat' dir='ltr'><strong>m&#39;l</strong></span> <span class='ocrx_word' id='word_1_294' title='bbox 1352 2659 1472 2690; x_wconf 80' lang='lat' dir='ltr'><strong>actum</strong></span> <span class='ocrx_word' id='word_1_295' title='bbox 1489 2656 1583 2690; x_wconf 68' lang='lat' dir='ltr'><strong>ete:</strong></span> <span class='ocrx_word' id='word_1_296' title='bbox 1608 2665 1642 2690; x_wconf 89' lang='lat' dir='ltr'><strong>v.</strong></span> 
     </span>
     <span class='ocr_line' id='line_1_37' title="bbox 181 2696 1643 2780; baseline 0.003 -48"><span class='ocrx_word' id='word_1_297' title='bbox 181 2696 258 2734; x_wconf 86' lang='lat' dir='ltr'><strong>Iuv.</strong></span> <span class='ocrx_word' id='word_1_298' title='bbox 279 2697 353 2732; x_wconf 75' lang='lat' dir='ltr'><strong>Sat.</strong></span> <span class='ocrx_word' id='word_1_299' title='bbox 371 2709 407 2733; x_wconf 88' lang='lat' dir='ltr'><strong>x.</strong></span> <span class='ocrx_word' id='word_1_300' title='bbox 430 2706 508 2780; x_wconf 49' lang='lat'><strong>15¹5.</strong></span> <span class='ocrx_word' id='word_1_301' title='bbox 632 2709 678 2735; x_wconf 89' lang='lat'><strong>22</strong></span> <span class='ocrx_word' id='word_1_302' title='bbox 702 2700 958 2745; x_wconf 56' lang='lat' dir='ltr'><strong>Lucifer-ianae</strong></span> <span class='ocrx_word' id='word_1_303' title='bbox 975 2702 1072 2737; x_wconf 61' lang='lat' dir='ltr'><strong>ete:</strong></span> <span class='ocrx_word' id='word_1_304' title='bbox 1101 2712 1134 2736; x_wconf 84' lang='lat' dir='ltr'><strong>v.</strong></span> <span class='ocrx_word' id='word_1_305' title='bbox 1152 2700 1226 2736; x_wconf 84' lang='lat' dir='ltr'><strong>Isa.</strong></span> <span class='ocrx_word' id='word_1_306' title='bbox 1243 2700 1316 2736; x_wconf 82' lang='lat' dir='ltr'><strong>xiv.</strong></span> <span class='ocrx_word' id='word_1_307' title='bbox 1338 2711 1463 2745; x_wconf 82' lang='lat'><strong>12—14.</strong></span> <span class='ocrx_word' id='word_1_308' title='bbox 1596 2710 1643 2745; x_wconf 89' lang='lat'><strong>30</strong></span> 
     </span>
     <span class='ocr_line' id='line_1_38' title="bbox 181 2745 1643 2795; baseline 0.002 -16"><span class='ocrx_word' id='word_1_309' title='bbox 181 2745 394 2780; x_wconf 76' lang='lat' dir='ltr'><strong>occidendus</strong></span> <span class='ocrx_word' id='word_1_310' title='bbox 409 2757 417 2781; x_wconf 90' lang='lat'>:</span> <span class='ocrx_word' id='word_1_311' title='bbox 445 2756 464 2780; x_wconf 89' lang='lat' dir='ltr'><strong>c</strong></span> <span class='ocrx_word' id='word_1_312' title='bbox 483 2772 491 2781; x_wconf 93' lang='lat'><strong>.</strong></span> <span class='ocrx_word' id='word_1_313' title='bbox 509 2756 623 2792; x_wconf 84' lang='lat' dir='ltr'><strong>supra</strong></span> <span class='ocrx_word' id='word_1_314' title='bbox 637 2745 691 2783; x_wconf 89' lang='lat' dir='ltr'><strong>iii.</strong></span> <span class='ocrx_word' id='word_1_315' title='bbox 716 2756 728 2782; x_wconf 88' lang='lat'>1</span> <span class='ocrx_word' id='word_1_316' title='bbox 760 2772 769 2782; x_wconf 87' lang='lat'><strong><em>.</em></strong></span> <span class='ocrx_word' id='word_1_317' title='bbox 819 2746 873 2782; x_wconf 87' lang='lat' dir='ltr'><strong>De</strong></span> <span class='ocrx_word' id='word_1_318' title='bbox 889 2746 937 2782; x_wconf 89' lang='lat' dir='ltr'><strong>iis</strong></span> <span class='ocrx_word' id='word_1_319' title='bbox 953 2746 1020 2793; x_wconf 89' lang='lat' dir='ltr'><strong>qui</strong></span> <span class='ocrx_word' id='word_1_320' title='bbox 1036 2747 1077 2783; x_wconf 91' lang='lat' dir='ltr'><strong>in</strong></span> <span class='ocrx_word' id='word_1_321' title='bbox 1094 2746 1220 2784; x_wconf 90' lang='lat' dir='ltr'><strong>medio</strong></span> <span class='ocrx_word' id='word_1_322' title='bbox 1237 2759 1327 2784; x_wconf 89' lang='lat' dir='ltr'><strong>aevo</strong></span> <span class='ocrx_word' id='word_1_323' title='bbox 1347 2749 1530 2795; x_wconf 76' lang='lat' dir='ltr'><strong>tyrannos</strong></span> <span class='ocrx_word' id='word_1_324' title='bbox 1547 2747 1643 2783; x_wconf 88' lang='lat' dir='ltr'><strong>occi-</strong></span> 
     </span>
     <span class='ocr_line' id='line_1_39' title="bbox 181 2790 1642 2840; baseline 0.001 -12"><span class='ocrx_word' id='word_1_325' title='bbox 181 2790 323 2828; x_wconf 86' lang='lat' dir='ltr'><strong>dendos</strong></span> <span class='ocrx_word' id='word_1_326' title='bbox 347 2802 427 2828; x_wconf 86' lang='lat' dir='ltr'><strong>esse</strong></span> <span class='ocrx_word' id='word_1_327' title='bbox 443 2791 652 2830; x_wconf 86' lang='lat' dir='ltr'><strong>docuerunt</strong></span> <span class='ocrx_word' id='word_1_328' title='bbox 673 2805 706 2829; x_wconf 84' lang='lat' dir='ltr'><strong>v.</strong></span> <span class='ocrx_word' id='word_1_329' title='bbox 761 2792 864 2831; x_wconf 81' lang='lat' dir='ltr'><strong>ierke</strong></span> <span class='ocrx_word' id='word_1_330' title='bbox 881 2795 959 2830; x_wconf 75' lang='lat' dir='ltr'><strong>Das</strong></span> <span class='ocrx_word' id='word_1_331' title='bbox 975 2795 1138 2831; x_wconf 69' lang='lat' dir='ltr'><strong>deutsche</strong></span> <span class='ocrx_word' id='word_1_332' title='bbox 1157 2796 1569 2840; x_wconf 68' lang='lat' dir='ltr'><strong>Genossenschafterecht</strong></span> <span class='ocrx_word' id='word_1_333' title='bbox 1586 2793 1642 2830; x_wconf 85' lang='lat' dir='ltr'><strong>iii.</strong></span> 
     </span>
    </p>
   </div>
   <div class='ocr_carea' id='block_1_6' title="bbox 180 2839 1531 2951">
    <p class='ocr_par' dir='ltr' id='par_1_6' title="bbox 180 2839 1531 2951">
     <span class='ocr_line' id='line_1_40' title="bbox 180 2839 472 2885; baseline 0.01 -12"><span class='ocrx_word' id='word_1_334' title='bbox 180 2850 218 2885; x_wconf 88' lang='lat' dir='ltr'><strong>p.</strong></span> <span class='ocrx_word' id='word_1_335' title='bbox 238 2839 316 2884; x_wconf 82' lang='lat'><strong>565,</strong></span> <span class='ocrx_word' id='word_1_336' title='bbox 335 2849 373 2873; x_wconf 90' lang='lat' dir='ltr'><strong>n.</strong></span> <span class='ocrx_word' id='word_1_337' title='bbox 395 2849 472 2885; x_wconf 88' lang='lat'><strong>130.</strong></span> 
     </span>
     <span class='ocr_line' id='line_1_41' title="bbox 237 2909 1531 2951; baseline -0.002 0"><span class='ocrx_word' id='word_1_338' title='bbox 237 2909 318 2929; x_wconf 59' lang='lat'>‘&#39;²&#39;&#39;</span> <span class='ocrx_word' id='word_1_339' title='bbox 333 2909 353 2928; x_wconf 84' lang='lat'><strong>¹¹</strong></span> <span class='ocrx_word' id='word_1_340' title='bbox 862 2912 893 2940; x_wconf 71' lang='lat' dir='ltr'>Y</span> <span class='ocrx_word' id='word_1_341' title='bbox 918 2913 948 2951; x_wconf 83' lang='lat' dir='ltr'>y</span> <span class='ocrx_word' id='word_1_342' title='bbox 1465 2915 1531 2949; x_wconf 81' lang='lat'><strong>345</strong></span> 
     </span>
    </p>
   </div>
  </div>
 </body>
</html>
