1988 3250
267 233 348 280 677
367 228 397 272 d
724 230 986 276 IOANNIS
1027 230 1540 277 SARESBERIENSIS
1683 230 1795 293 [ΗΒ.
1810 242 1883 276 vn

413 352 638 394 uerentur.
708 349 867 395 Restat
891 351 1043 408 itaque
1067 354 1120 395 ut
1148 350 1270 394 tristi
1297 350 1444 408 pactio
1469 349 1695 408 repleatur
1719 353 1886 394 euentu

267 419 352 470 678
371 429 402 459 a
417 422 463 462 et
482 419 604 462 illius
622 419 808 478 quisque
831 421 1055 464 animetur
1075 423 1122 463 et
1140 422 1340 463 armetur
1358 419 1406 462 in
1425 435 1576 464 necem
1599 420 1724 464 cuius
1743 420 1886 463 ambit

415 489 744 533 successionem.
795 489 845 533 Si
865 490 983 532 enim
1004 489 1156 533 cedere
1170 492 1380 539 moretur,
1395 489 1701 540 aduersantur,
1716 492 1887 533 nexant

413 561 459 601 et
487 557 795 615 multipliciter
818 559 1079 602 concutiunt
1105 572 1424 615 possessorem3
1453 559 1668 615 possessio
1693 572 1887 615 namque

409 627 531 685 parit
550 627 855 670 aduersarium
876 627 1039 670 actioni
1060 627 1108 669 in
1129 641 1233 670 rem.
1294 627 1344 670 Si
1359 642 1466 670 uero
1481 628 1701 686 quispiam
1716 627 1885 685 praela-
1904 645 1925 682 5

410 698 559 738 torum
581 711 686 740 suae
706 696 972 740 conditionis
1002 710 1171 738 memor
1191 695 1254 738 eis
1274 709 1355 752 pro
1383 700 1491 740 uoto
1514 711 1604 740 non
1623 695 1887 749 obaudierit,

411 780 587 809 amaras
607 766 708 809 ilico
728 766 856 808 audit
876 765 1097 816 historias,
1119 780 1171 808 eo
1191 765 1310 822 quod
1339 765 1574 823 indignum
1594 769 1640 810 et
1659 768 1889 810 contume-

409 834 570 878 liosum
614 835 794 878 omnino
842 837 1066 891 reputant,
1106 834 1145 877 si
1184 834 1331 891 turpis
1370 837 1417 878 et
1454 835 1689 878 inhonesta
1727 833 1888 892 petitio

411 904 634 962 repulsam
665 904 828 947 alicubi
858 903 1069 961 patiatur.
1142 903 1333 947 Interim
1364 919 1469 962 ergo
1503 904 1676 947 alarum
1705 917 1888 947 suarum

411 973 621 1017 feruntur
641 973 837 1031 remigio,
857 973 1091 1016 nidificant
1110 973 1158 1016 in
1178 973 1419 1030 prouinciis
1449 973 1650 1032 singulis,
1670 973 1751 1016 uix
1778 974 1889 1030 quot
1906 989 1950 1016 1ο

411 1043 540 1086 nidos
555 1043 750 1086 habeant
764 1043 837 1086 uel
853 1043 938 1100 ipsi
955 1043 1114 1094 sciunt,
1126 1043 1290 1086 diurna
1308 1043 1367 1101 ad
1386 1043 1686 1101 peragrandas
1701 1042 1888 1087 alicuius

412 1113 531 1156 orbis
561 1113 717 1170 plagas
743 1112 806 1155 eis
827 1115 1154 1169 praeparantur
1173 1113 1381 1170 hospitia,
1405 1116 1451 1156 et
1475 1113 1523 1156 in
1549 1115 1679 1156 tanto
1702 1126 1890 1156 numero

414 1182 495 1226 uix
522 1182 760 1239 hospitiolo
780 1196 870 1224 uno
890 1181 1084 1225 donatur
1109 1181 1365 1226 horridulus
1384 1196 1552 1235 comes3
1586 1197 1703 1233 nam,
1724 1181 1762 1224 si
1789 1180 1890 1238 quis

412 1251 497 1295 hoc
531 1250 651 1302 fecit,
682 1251 894 1308 probatae
934 1251 1218 1295 liberalitatis
1257 1255 1336 1295 est.
1407 1252 1574 1309 Vtique
1612 1254 1659 1295 et
1697 1247 1888 1308 insignis

413 1320 676 1378 prudentiae
697 1320 734 1362 si
755 1320 855 1377 quis
875 1323 944 1363 tot
965 1335 1240 1378 quocumque
1260 1321 1391 1365 modo
1410 1321 1635 1378 conquirit
1654 1320 1816 1364 altaria
1834 1322 1888 1364 ut
1907 1334 1948 1372 ¹⁵

368 1398 398 1438 b
416 1389 542 1447 quasi
563 1389 654 1432 ritu
676 1389 962 1447 Memphitico
983 1390 1228 1434 cotidianas
1248 1391 1417 1434 hostias
1436 1391 1566 1434 nouis
1580 1390 1721 1448 possit
1735 1389 1888 1432 altari-

415 1458 499 1502 bus
518 1459 757 1502 immolare.
818 1458 993 1502 Nolunt
1008 1462 1158 1502 tamen
1174 1459 1420 1503 sacerdotio
1435 1459 1610 1503 onerari
1626 1461 1707 1502 aut
1721 1458 1890 1502 seruire

415 1527 576 1571 altario
605 1528 682 1584 qui
710 1528 765 1571 de
794 1527 956 1571 altario
982 1529 1148 1572 uiuunt
1177 1544 1234 1572 ne
1254 1528 1324 1588 (ut
1343 1529 1534 1586 populus
1554 1526 1725 1587 arguit)
1744 1527 1889 1571 dicam

415 1596 718 1648 luxuriantur,
734 1597 810 1640 sed
827 1601 1090 1654 personatus
1106 1598 1319 1655 quosdam
1335 1598 1684 1642 introduxerunt
1699 1611 1889 1655 quorum

414 1666 512 1710 iure
532 1666 588 1709 ad
609 1667 747 1709 alium
767 1681 913 1718 onera,
933 1667 990 1710 ad
1011 1667 1150 1710 alium
1174 1667 1432 1712 referuntur
1458 1667 1766 1711 emolumenta.
1817 1665 1888 1718 Et,
1907 1682 1952 1723 aq

415 1750 516 1780 cum
538 1735 778 1793 Apostolus
798 1735 940 1779 dicat:
972 1736 1060 1790 Qui
1081 1752 1170 1780 non
1198 1737 1384 1788 laborat,
1403 1751 1494 1780 non
1521 1736 1781 1788 manducet;
1811 1734 1890 1793 qui

414 1805 650 1848 minimum
671 1808 877 1856 meretur,
891 1805 991 1863 plus
1007 1806 1207 1863 percipit,
1221 1809 1266 1849 et
1286 1807 1334 1849 in
1355 1806 1526 1851 labores
1540 1806 1708 1850 alienos
1722 1805 1891 1849 otiosus

415 1877 497 1918 aut
515 1874 762 1932 flagitiosus
789 1874 1049 1932 ingreditur.
1110 1876 1221 1929 Quis
1249 1890 1355 1934 ergo
1379 1876 1500 1920 dicat
1529 1876 1576 1919 in
1598 1876 1681 1920 hac
1705 1873 1892 1918 emenda

414 1943 607 1995 licentia,
619 1958 720 1987 cum
736 1958 825 1987 non
846 1959 916 1987 res
935 1959 1060 1988 sacra
1079 1944 1139 1988 sit
1159 1945 1235 1988 sed
1255 1946 1498 2003 prophana,
1510 1945 1742 1989 simoniam
1762 1957 1890 2002 posse

416 2013 669 2060 committi?
728 2012 830 2056 Huc
855 2013 984 2064 enim,
1012 2017 1064 2057 ut
1090 2014 1227 2072 uulgo
1258 2014 1345 2059 dici
1376 2015 1498 2066 solet,
1523 2029 1602 2073 per
1627 2017 1887 2072 argenteum
1907 2029 1949 2066 ²⁵

416 2085 598 2140 pontem
629 2082 849 2126 transitur
881 2097 910 2125 a
940 2083 1144 2127 sordibus
1174 2098 1287 2141 quae
1317 2087 1623 2128 transeuntem
1652 2083 1725 2128 uel
1754 2085 1890 2141 ponte

377 2169 403 2200 c
417 2166 552 2195 aureo
581 2155 920 2209 prosequuntur.

421 2231 438 2259 1
467 2222 599 2269 utique
617 2221 656 2258 M
758 2223 800 2259 16
823 2220 1051 2259 cottidianas
1068 2221 1118 2259 Α*
1187 2221 1298 2260 noui·
1314 2221 1457 2260 hostias
1473 2221 1519 2258 Αι
1616 2232 1663 2268 24
1676 2220 1892 2270 symoniam

419 2269 459 2306 M
604 2278 648 2314 27
673 2271 947 2316 prosequentur
963 2269 1015 2305 M*

466 2339 489 2372 4
510 2329 686 2374 potamio
708 2330 799 2366 etc.:
826 2339 857 2364 v.
879 2329 963 2374 Βία.
989 2327 1075 2365 xliv.
1103 2337 1136 2374 7.
1161 2337 1205 2375 25
1233 2330 1280 2364 In
1303 2340 1379 2364 rem
1402 2330 1496 2365 aceio
1520 2333 1571 2364 eet
1589 2340 1661 2375 per
1682 2341 1792 2375 quam
1815 2339 1892 2364 rem

418 2380 580 2411 nostram
598 2387 689 2422 quae
710 2377 754 2411 ab
777 2376 851 2412 alio
870 2377 1079 2423 possidetur
1097 2378 1280 2422 petimu35
1317 2382 1348 2411 et
1369 2388 1508 2431 semper
1528 2378 1705 2412 adamus
1726 2388 1807 2412 eum
1829 2380 1892 2419 m,

418 2424 483 2469 qui
500 2434 573 2458 rem
588 2424 756 2468 possidet.
901 2432 922 2468 7
946 2435 1095 2459 amam
1111 2426 1204 2478 etc:
1231 2435 1261 2459 v.
1282 2424 1370 2460 Hor.
1389 2426 1463 2460 Sat.
1483 2422 1507 2459 i.
1526 2434 1557 2469 3
1578 2424 1634 2466 88,
1653 2426 1710 2468 89.

422 2478 467 2506 ιο
490 2471 637 2505 alarum
663 2471 834 2516 remiyio:
858 2482 891 2507 v.
912 2470 1025 2519 Verg.
1043 2472 1134 2507 Aen.
1157 2470 1181 2507 i.
1205 2481 1286 2517 301.
1433 2482 1474 2517 ¹3
1499 2473 1660 2507 donatur
1681 2471 1894 2507 hom-{dulus

419 2529 551 2553 eomes:
578 2529 610 2554 v.
629 2517 728 2555 Pers.
748 2519 822 2555 Sat.
840 2517 867 2555 i.
886 2527 942 2566 54.
1073 2528 1114 2563 14
1139 2519 1319 2564 hocsecr't:
1346 2518 1369 2554 i.
1382 2529 1416 2555 e.
1433 2517 1638 2573 hospitiolo
1655 2517 1893 2555 horridulum

421 2564 603 2601 comitem
619 2564 785 2601 donavit.
910 2567 953 2603 16
976 2567 1052 2602 ritu
1066 2567 1318 2612 Memphitico:
1345 2565 1424 2610 Quo
1442 2565 1622 2613 respiciat
1640 2565 1791 2608 nescio:
1817 2564 1892 2602 nisi

422 2611 522 2648 sorte
551 2613 744 2649 Moabiuco
776 2611 947 2659 legamus
975 2614 1015 2650 et
1044 2613 1090 2650 de
1121 2611 1230 2649 Num.
1259 2612 1363 2649 xxiii.
1398 2624 1427 2656 1,
1458 2624 1513 2659 14,
1540 2624 1587 2660 29
1612 2613 1892 2669 intellegamus.

425 2667 467 2703 17
493 2661 629 2695 seruire
646 2663 739 2697 stc..
767 2672 799 2697 v.
822 2672 836 2696 1
857 2660 940 2699 Cor.
957 2660 1006 2697 ix.
1031 2671 1082 2707 13,
1105 2670 1155 2705 14.
1298 2671 1338 2706 19
1359 2666 1593 2707 per-:sonatan
1621 2661 1646 2697 i.
1658 2672 1690 2698 s.
1707 2659 1893 2698 beneficia

422 2705 702 2749 ecclesiastica3
727 2720 758 2743 v.
778 2708 937 2763 Ducang
938 2721 958 2745 e
977 2708 1035 2745 ed.
1058 2709 1210 2746 1886v1.
1256 2720 1293 2755 p.
1313 2709 1392 2753 284,
1413 2710 1492 2755 285.
1655 2718 1696 2745 21
1729 2710 1801 2753 Qut·
1816 2719 1892 2746 non

423 2754 563 2789 labor-ae
577 2757 665 2791 etc:
692 2767 724 2790 ν.
740 2756 899 2794 2'1'hsse.
911 2722 965 2792 iii.
985 2765 1036 2792 10.
1123 2765 1178 2802 25
1189 2707 1545 2801 ‘26pp0rament0um
1603 2761 1718 2792 ntem:
1745 2755 1893 2792 Prover-

422 2799 527 2836 bium
554 2801 600 2838 de
613 2807 722 2847 ponec
738 2810 903 2849 arqentoo
920 2802 961 2858 in
979 2815 1084 2840 usum
1102 2802 1222 2839 hostis
1241 2803 1361 2850 fugati
1380 2802 1535 2840 munien
1565 2803 1770 2858 ocitatum
1787 2814 1838 2850 ap
1840 2802 1892 2840 ud

422 2850 598 2884 auctores
623 2861 717 2886 naec.
740 2850 799 2887 xvi
826 2850 1015 2893 inveniam
1047 2863 1081 2887 v.
1101 2850 1304 2888 Brantome
1330 2853 1481 2887 (Euvm
1503 2852 1697 2898 complaces
1720 2849 1759 2887 ii.
1778 2862 1814 2898 p.
1813 2814 1891 2897 P.83

421 2894 632 2983 ἳειὲνιωιοε
641 2898 922 2984 Don69uixou
912 2898 954 2935 ii.
969 2900 1013 2947 58
1029 2898 1096 2936 sub
1114 2898 1205 2942 fin.;
1230 2899 1278 2936 cf.
1296 2898 1468 2936 Manuzzi
1488 2900 1613 2937 Vocab.
1630 2901 1726 2937 dona
1742 2901 1895 2948 Lim·

446 2950 483 2981 ta
502 2955 591 2981 nana
607 2955 650 2980 111
682 2956 724 2994 52

535 2999 600 3034 166
