1988 3250
183 235 282 269 car.
297 220 410 283 1111]
695 223 1134 270 POLIORATICVS
1658 225 1745 275 762
1763 227 1794 264 a

177 345 347 389 talibus
371 345 509 388 donat
534 346 762 402 peccatum
785 344 954 402 grande
975 344 1238 397 committit3
1268 344 1350 388 hoc
1377 345 1495 388 enim
1522 344 1648 389 fouet

181 414 230 457 in
250 413 324 465 eis,
343 413 391 456 in
411 427 498 470 quo
517 413 773 470 nequissimi
793 415 910 456 sunt.
1663 413 1695 454 b

183 529 290 588 Cap.
317 543 384 587 13.
442 530 506 574 De
530 528 830 587 fruyalitatis
858 528 1263 582 commendatione,
1290 533 1328 573 et
1359 533 1470 573 ‘nota
1500 529 1647 583 Quin-

299 599 458 643 titiani
487 598 545 643 in
584 598 796 642 Senecam
815 617 835 650 ‚·
877 602 917 642 et
959 598 1179 655 quomodo
1213 598 1470 656 fruyaliter
1508 599 1649 655 possit

145 687 182 726 g,⁴
298 668 531 713 auaritiae
559 668 762 726 suspicio
789 667 1011 712 deuitari.

241 760 486 805 Luxuriam
501 760 704 818 persequi
720 759 1121 804 uideoradlaudem
1134 759 1420 818 frugalitatis,
1431 760 1652 817 michique

183 831 242 875 ab
261 831 440 874 insulsis
459 831 608 888 inepte
627 830 885 873 uiuentibus
909 833 955 873 et
975 829 1210 873 indiscrete
1237 830 1521 886 loquentibus
1541 830 1653 872 illud

185 900 332 944 Publii
361 899 506 944 Clodii
535 899 849 943 subsannando
877 899 1098 957 ingeritur
1126 899 1232 956 quia
1271 898 1509 957 frugalitas
1548 899 1653 942 boni

185 970 375 1014 rumoris
408 969 586 1012 miseria
617 972 694 1012 est.
754 969 816 1011 Hi
850 971 957 1012 sunt
990 969 1079 1026 qui,
1110 969 1217 1011 dum
1248 968 1474 1011 luxuriam
1508 969 1655 1012 uitare

128 1057 170 1081 10
186 1039 346 1083 nolunt
365 1038 437 1082 uel
456 1041 694 1095 nequeunt,
714 1038 923 1096 quicquid
944 1052 1025 1095 pro
1044 1038 1215 1081 uirtute
1242 1038 1407 1081 dicitur
1435 1038 1654 1081 auaritiae

186 1108 482 1167 patrocinium
500 1110 674 1165 putant.
734 1107 869 1151 Secus
889 1106 1069 1164 quidem
1095 1111 1176 1151 est.
1235 1107 1480 1150 Luxuriam
1508 1123 1588 1166 per
1607 1123 1654 1152 se

182 1181 363 1236 >turpem
411 1191 540 1220 nemo
578 1176 767 1234 ambigit
810 1179 867 1228 et,
906 1177 1010 1220 licet
1048 1176 1287 1234 frugalitas
1325 1177 1386 1220 sit
1424 1180 1654 1234 tamquam

186 1247 409 1290 uirtutum
438 1246 739 1303 bonorumque
759 1260 942 1303 operum
972 1246 1096 1303 origo
1127 1246 1374 1296 laudabilis,
1394 1261 1484 1289 non
1504 1250 1654 1290 tamen

188 1315 392 1360 omnibus
422 1315 589 1373 placet3
622 1329 702 1359 nec
735 1315 923 1359 credunt
957 1315 1195 1358 auaritiam
1225 1315 1423 1358 malitiae
1454 1315 1654 1358 fomitem
1674 1326 1699 1356 c

130 1403 168 1439 15
187 1399 314 1444 posse
334 1385 471 1428 uitari
491 1384 578 1427 nisi
599 1387 644 1428 et
663 1383 901 1443 frugalitas
922 1384 1134 1442 fugiatur.
1184 1384 1357 1442 Nempe
1377 1385 1655 1429 indoctorum

184 1455 295 1499 >haec
314 1454 463 1512 opinio
482 1457 572 1507 est3
601 1457 654 1497 ut
677 1454 794 1497 enim
815 1454 880 1497 ait
899 1454 1096 1497 ethicus:

303 1529 422 1573 Dum
451 1530 601 1572 uitant
629 1529 757 1572 stulti
786 1529 910 1580 uitia,
940 1529 988 1572 in
1017 1530 1240 1573 contraria
1269 1533 1468 1582 currunt,

186 1604 440 1649 'recedentes
464 1618 491 1647 a
510 1603 655 1647 medio
673 1604 899 1656 uitiorum,
919 1619 1032 1662 quae
1055 1605 1178 1662 regio
1197 1604 1382 1649 uirtutis
1402 1607 1479 1648 est.
1540 1605 1658 1648 Sunt

190 1676 340 1717 tamen
370 1672 531 1730 quibus
559 1672 797 1730 frugalitas
826 1676 895 1716 est
923 1673 1176 1724 inhibenda,
1196 1676 1249 1717 ut
1278 1689 1466 1732 quorum
1497 1677 1660 1717 natura

132 1761 176 1787 πο
193 1741 428 1801 procliuior
460 1744 528 1785 est
559 1741 617 1785 ad
651 1742 900 1787 auaritiam.
960 1741 1078 1786 Sunt
1109 1746 1259 1786 tamen
1294 1742 1456 1800 quibus
1487 1746 1555 1786 est
1589 1743 1658 1785 in-

191 1811 376 1856 dicenda
394 1811 615 1862 calcatius,
628 1814 681 1855 ut
700 1811 777 1869 qui
798 1826 879 1855 sua
897 1812 1141 1870 prodigunt
1156 1816 1202 1856 et
1220 1813 1392 1856 ratione
1407 1815 1662 1870 contempta

193 1880 438 1931 effundunt,
457 1895 546 1924 non
565 1880 862 1925 discernentes
883 1881 989 1938 quid
1016 1896 1123 1924 usus
1143 1882 1203 1925 sit
1226 1882 1298 1925 uel
1324 1882 1502 1926 abusus.
1561 1882 1661 1935 Quo

192 1950 370 2009 quidem
390 1953 738 2008 temperamento
757 1965 887 1994 usum
915 1965 1008 1994 esse
1036 1950 1243 1994 Seruium
1271 1951 1484 2009 Opidium
1512 1951 1658 1996 Canu-

195 2020 342 2064 sinum
370 2020 419 2063 in
447 2020 606 2064 ultimo
635 2019 788 2078 elogio,
807 2034 907 2064 cum
937 2020 1052 2064 filios
1080 2023 1203 2078 peste
1233 2021 1457 2064 contraria
1486 2022 1660 2064 uideret

135 2109 177 2144 ²⁵
194 2092 437 2147 occupatos,
462 2089 601 2133 refert
630 2089 825 2134 Oratius.
886 2090 1158 2148 Simpliciter
1184 2094 1334 2133 tamen
1361 2094 1536 2134 constat
1563 2090 1660 2134 fru-

194 2158 423 2218 galitatem
443 2158 491 2201 in
509 2158 636 2202 bonis
654 2160 986 2211 numerandam,
1004 2163 1161 2217 utpote
1187 2160 1310 2202 illam
1332 2175 1444 2217 quae
1465 2160 1661 2204 Saturno
1679 2165 1709 2207 d

196 2230 412 2286 regnante
436 2243 574 2286 regna
599 2243 734 2272 aurea
759 2230 1028 2287 temperauit
1054 2233 1100 2273 et
1129 2230 1367 2273 eorundem
1398 2230 1548 2273 omnia
1574 2230 1661 2274 dis-

194 2298 400 2356 pensauit
428 2297 578 2341 officia.
638 2298 759 2342 Haec
786 2302 854 2343 est
880 2314 992 2357 quae
1022 2299 1228 2342 Astream
1248 2304 1294 2342 et
1321 2299 1586 2344 Pudicitiam
1613 2300 1661 2343 in

193 2368 630 2472 W
644 2380 735 2417 uoto
752 2379 792 2416 M
981 2381 1004 2417 8
1029 2380 1269 2417 subsanando
1287 2379 1313 2416 S
1503 2390 1526 2427 9
1551 2380 1618 2417 Hii
1635 2380 1661 2418 S

246 2497 267 2532 8
292 2497 413 2532 Publii
444 2497 581 2534 Clodii·
603 2496 629 2533 i.
644 2507 676 2533 e.
704 2495 860 2532 Publilii
888 2495 985 2543 Syri,
1012 2498 1057 2534 ut
1082 2509 1194 2544 supra
1218 2509 1248 2535 c.
1271 2507 1310 2534 11
1332 2498 1413 2545 (751
1429 2497 1467 2544 c)
1494 2500 1533 2536 et
1558 2498 1661 2536 infra

201 2555 234 2582 c.
256 2553 298 2587 14
318 2543 401 2589 (772
415 2543 475 2590 Α).
547 2552 555 2560 ·
641 2545 845 2590 fmyalitas
858 2546 951 2581 eta:
975 2544 1083 2582 Publ.
1102 2544 1126 2581 S
1154 2558 1184 2581 r.
1204 2547 1300 2583 Sent.
1318 2555 1352 2581 F.
1372 2547 1416 2582 28
1436 2546 1509 2592 (ed.
1530 2546 1661 2593 Meyer

199 2602 238 2638 p.
259 2589 332 2636 31).
575 2600 618 2628 12
643 2592 935 2638 lioetsruaalitas
950 2593 1043 2629 etc.:
1069 2604 1104 2629 v.
1149 2592 1196 2630 ic.
1218 2594 1319 2630 Tusc.
1338 2547 1447 2640 Disp(
1462 2593 1517 2630 iii.
1536 2595 1557 2629 8
1577 2559 1618 2640 §y
1619 2595 1662 2632 16

197 2639 356 2684 reliquas
370 2638 479 2674 etiam
493 2638 744 2686 uirtuteesmq
744 2639 853 2675 alitae
867 2641 1034 2676 continet.
1245 2650 1286 2685 17
1310 2642 1410 2676 Dum
1426 2643 1549 2677 uitam
1564 2643 1661 2678 etc.·

200 2685 292 2722 Hor.
308 2685 382 2720 Sat.
400 2684 426 2720 i.
444 2694 476 2721 2.
491 2693 548 2729 24.
708 2687 751 2722 18
776 2688 931 2722 amedio
946 2688 1045 2724 eta:
1069 2698 1103 2723 v.
1121 2686 1211 2724 Hor.
1228 2689 1298 2734 Ep.
1315 2687 1339 2725 i.
1365 2690 1416 2725 18.
1437 2699 1470 2734 9.
1615 2699 1658 2726 21

199 2733 396 2769 calcatius.
420 2731 501 2768 Hoc
515 2731 734 2769 vocabulum
754 2732 871 2770 habet
887 2713 1072 2771 Boethius
1095 2736 1138 2770 de
1158 2736 1289 2780 Sylloffl
1317 2737 1433 2781 Gatey.
1450 2735 1490 2772 ii.
1515 2735 1663 2782 (Migne

200 2780 243 2816 Ρ
255 2781 298 2815 L.
323 2777 411 2815 lxiv.
419 2778 536 2833 83o);
560 2791 593 2816 v.
611 2778 714 2816 Fore.
717 2778 776 2818 -de
792 2779 868 2817 Vit.
887 2792 915 2817 s.
929 2793 962 2818 v.
1103 2790 1161 2826 22,
1175 2792 1220 2827 23
1248 2783 1323 2826 Quo
1346 2785 1490 2829 quidem
1506 2786 1600 2820 etc:
1627 2795 1662 2818 v.

201 2825 292 2863 Hor.
308 2828 383 2862 Sat.
400 2826 442 2862 ii.
460 2837 493 2871 3.
512 2827 578 2864 168
590 2837 691 2874 seqq.
878 2829 925 2865 28
950 2828 1117 2865 Auream
1133 2834 1166 2866 et
1180 2795 1402 2866 Pudicitiam
1417 2830 1662 2868 etc.:v.1uv.

199 2875 274 2911 Sat.
292 2873 339 2910 vi.
359 2883 402 2920 14
413 2885 516 2920 seqq.

1487 2938 1552 2974 317
