1988 3250
267 200 348 241 720
368 201 394 232 c
739 192 999 237 IOANNIS
1039 191 1553 237 SARESBERIENSIS
1653 189 1764 251 [mn.
1779 201 1870 234 vm

408 312 625 356 commodi
655 314 917 371 appetitum.
976 313 1175 366 Quorum
1204 312 1319 355 alter
1347 311 1396 354 in
1422 311 1665 363 uoluntate,
1685 311 1798 355 alter
1822 310 1871 353 in

361 385 390 425 d
408 381 669 434 necessitate
712 383 941 435 consistit3
978 386 1023 426 et
1064 385 1232 439 quanto
1280 381 1506 438 appetitus
1549 381 1657 424 iusti
1703 380 1780 438 qui
1822 380 1871 422 in

408 450 640 494 uoluntate
671 454 738 495 est
773 452 964 509 amplius
997 451 1165 502 crescit,
1196 453 1324 493 tanto
1353 449 1509 493 melior
1539 453 1606 493 est
1635 453 1681 493 et
1710 450 1872 507 dignus

407 516 684 561 beatitudine
718 519 935 575 ampliori.
996 517 1114 560 Nam
1149 516 1282 559 nimis
1313 515 1427 559 uelle
1459 516 1577 573 quod
1606 516 1774 559 iustum
1803 517 1872 558 est

407 600 537 630 nemo
560 590 718 644 potest,
742 588 828 630 nisi
859 587 975 631 forte
1000 586 1099 644 quis
1126 589 1261 643 queat
1285 600 1378 628 esse
1408 585 1553 628 iustus
1579 585 1767 628 nimium
1791 587 1871 628 aut
1889 598 1908 631 5

406 655 576 700 beatus.
625 657 775 710 Porro,
787 657 824 699 si
844 657 1070 715 appetitus
1091 655 1307 699 commodi
1327 669 1578 698 mensuram
1598 654 1871 698 necessitatis

407 725 603 776 excedat,
643 727 791 783 uergit
829 727 886 769 ad
932 727 1107 783 culpam
1155 728 1200 768 et
1245 725 1505 782 cupiditatis
1549 724 1747 768 conscius
1785 723 1870 767 sibi

406 795 620 838 uitiorum
660 796 780 852 parit
818 796 1044 853 originem.
1117 795 1247 837 Alter
1285 809 1391 851 ergo
1429 794 1626 846 istorum,
1662 793 1871 851 quoniam

406 864 573 907 militat
602 865 792 917 caritati,
824 865 999 922 quaerit
1033 879 1146 921 quae
1178 864 1261 907 Dei
1296 867 1425 916 sunt;
1464 863 1579 906 alter
1609 863 1656 906 in
1691 863 1872 920 propria

406 933 603 976 utilitate
643 938 860 986 uersatur,
893 937 1161 991 postponens
1196 948 1308 990 quae
1344 932 1428 976 Dei
1463 936 1570 976 sunt
1608 935 1688 975 aut
1721 932 1870 989 proxi·
1891 949 1933 973 ιο

405 1017 589 1046 morum.
662 1003 734 1045 Ab
774 1004 854 1046 hoc
894 1003 1059 1060 duplici
1100 1003 1224 1046 fonte
1264 1017 1407 1046 mores
1446 1003 1664 1046 oriuntur.
1745 1001 1871 1045 Recti

405 1072 595 1128 quidem,
629 1072 667 1115 si
703 1071 840 1116 faciat
874 1073 974 1129 quis
1005 1073 1081 1115 alii
1117 1073 1235 1129 quod
1265 1073 1352 1116 sibi
1386 1073 1488 1115 uult
1518 1072 1614 1115 fieri
1649 1075 1694 1115 et
1728 1072 1786 1115 ab
1819 1086 1871 1115 eo

404 1142 628 1186 abstineat
657 1143 735 1185 alii
765 1142 997 1186 inferendo
1027 1143 1145 1199 quod
1173 1143 1257 1186 sibi
1285 1143 1423 1186 nollet
1452 1143 1510 1185 ab
1539 1143 1626 1185 alio
1658 1142 1871 1200 irrogari;

404 1211 583 1255 distorti
604 1227 722 1263 uero,
742 1212 779 1255 si
801 1212 900 1269 quis
921 1212 1057 1255 alium
1084 1213 1204 1255 ledat
1224 1213 1295 1256 uel
1316 1227 1405 1255 non
1426 1212 1577 1270 prosit,
1596 1227 1696 1255 cum
1717 1212 1870 1269 possit,

268 1300 339 1341 721
358 1301 388 1331 a
405 1296 518 1339 quae
534 1282 711 1339 quidem
726 1283 951 1339 utrimque
966 1282 1273 1339 multipliciter
1287 1283 1413 1325 fiunt.
1470 1282 1511 1324 A
1531 1282 1677 1339 priore
1693 1281 1871 1339 quidem
1891 1298 1930 1332 ¹⁵

405 1366 530 1394 amor
550 1352 782 1402 libertatis,
798 1366 923 1395 amor
941 1352 1124 1409 patriae,
1142 1354 1187 1394 et
1202 1352 1381 1394 tandem
1402 1355 1715 1395 extraneorum
1735 1366 1870 1398 amor.

406 1421 524 1463 Nam
557 1421 807 1464 libertatem
840 1436 929 1464 non
964 1435 1113 1464 amare
1144 1436 1233 1463 non
1266 1424 1412 1478 potest
1448 1421 1525 1478 qui
1559 1436 1606 1464 se
1645 1421 1790 1478 ipsum
1825 1424 1872 1464 et

404 1491 595 1548 patriam
616 1493 738 1533 amat
758 1494 803 1533 et
818 1490 864 1533 in
879 1491 1021 1548 gradu
1037 1505 1117 1533 suo
1134 1494 1395 1533 extraneum
1416 1491 1680 1547 quicumque
1701 1490 1872 1533 sincera

404 1560 590 1603 caritate
617 1559 767 1617 diligit
789 1560 1065 1617 proximum3
1095 1559 1312 1616 siquidem
1337 1559 1384 1602 in
1410 1574 1461 1603 eo
1486 1560 1688 1603 consistit
1707 1559 1870 1603 caritas

404 1628 621 1672 ordinata.
680 1628 751 1671 Ab
781 1628 920 1672 altero
947 1643 1052 1671 uero
1078 1628 1299 1685 cupiditas
1328 1628 1644 1671 dominationis
1670 1628 1869 1685 procedit
1889 1645 1934 1670 πο

404 1701 451 1741 et
489 1697 634 1740 laudis
673 1701 719 1740 et
756 1698 936 1755 gloriae,
966 1702 1012 1741 et
1050 1698 1160 1741 adeo
1197 1697 1430 1741 inualescit
1469 1700 1522 1740 ut
1564 1712 1620 1740 ex
1663 1697 1869 1755 opinione

403 1767 646 1810 multorum
685 1781 755 1810 res
794 1770 943 1810 tamen
978 1782 1135 1824 pamm
1174 1766 1475 1810 consideratae
1515 1766 1869 1811 examinantium

403 1836 649 1879 uirtutibus
682 1840 1032 1880 connumeretur.
1096 1835 1214 1879 Nam
1250 1836 1327 1893 qui
1363 1839 1530 1879 rectum
1564 1836 1756 1893 sapiunt,
1787 1837 1870 1881 hoe

403 1905 529 1949 uitiis
555 1905 799 1948 maioribus
818 1908 1075 1963 aggregant,
1096 1906 1199 1949 licet
1226 1905 1265 1948 ei
1291 1906 1348 1948 ab
1368 1905 1599 1963 imperitis,
1620 1905 1696 1962 qui
1717 1909 1868 1949 tamen

402 1975 654 2032 sapientum
689 1978 924 2018 censentur
954 1975 1143 2025 nomine,
1178 1974 1369 2018 uirtutes
1403 1974 1580 2017 subesse
1614 1974 1866 2019 uideantur.
1888 1990 1930 2026 ²⁵

403 2044 532 2087 Vnde
559 2046 605 2087 et
636 2047 808 2087 ueteres
840 2043 1058 2101 primique
1094 2044 1294 2094 Romani,
1322 2048 1455 2101 prout
1484 2058 1635 2087 eorum
1666 2044 1793 2088 docet
1822 2048 1870 2089 et

402 2113 682 2157 commendat
712 2113 909 2164 historia,
934 2113 1078 2156 laudis
1106 2113 1239 2164 auidi,
1260 2113 1470 2170 pecuniae
1497 2113 1699 2157 liberales
1729 2117 1870 2159 erant.

357 2180 386 2220 b
405 2180 638 2238 Ingentem
654 2180 840 2238 gloriam
860 2180 1139 2237 appetebant,
1152 2180 1326 2223 diuitiis
1346 2180 1516 2237 spretis,
1531 2183 1576 2223 et
1592 2180 1869 2225 honestatem

404 2249 592 2293 utilitati
620 2249 923 2306 quantaelibet
950 2249 1272 2307 praeferebant.
1333 2250 1461 2293 Hanc
1482 2249 1661 2306 quidem
1681 2249 1869 2307 gloriam

403 2319 712 2362 ardentissime
761 2318 1027 2371 dilexerunt,
1062 2333 1114 2362 eo
1162 2322 1303 2363 totam
1349 2318 1591 2362 referentes
1635 2319 1778 2363 uitam
1823 2322 1869 2364 et
1888 2338 1930 2373 3⁰

408 2451 420 2477 ι
449 2438 682 2523 αρῆιὶιιιιῗαὸ
841 2449 864 2486 9
888 2437 1046 2476 karitati
1065 2438 1104 2475 M
1263 2448 1306 2485 ¹9
1330 2437 1496 2475 karitate
1517 2439 1554 2475 M
1667 2437 1811 2476 karitas
1828 2439 1868 2476 M

403 2498 451 2525 20
474 2499 498 2523 a
531 2499 595 2525 era

457 2602 508 2675 ig,
523 2602 569 2627 20
592 2593 727 2653 car-fta:
742 2593 934 2627 ordinata:
959 2589 1165 2645 Caritatem
1183 2588 1400 2626 ordinatam
1419 2589 1471 2626 sic
1484 2589 1619 2647 delinit
1636 2589 1868 2647 Abaelardu·

402 2638 1452 2733 535:&tarazas&21321122220320533232‘5222‘
1464 2639 1868 2739 53323320015-22'352255

402 2734 484 2770 vide
511 2733 626 2770 ctiam
654 2733 782 2769 Abacl.
811 2736 851 2769 in
876 2734 946 2780 Ep.
972 2734 1021 2769 ad
1044 2733 1144 2769 Rom.
1170 2733 1252 2767 aeiii.
1273 2735 1293 2767 8
1313 2732 1386 2776 (cd.
1406 2732 1540 2768 Cousm
1558 2744 1597 2769 n.
1621 2744 1656 2779 p.
1682 2737 1786 2779 325):
1816 2732 1865 2770 cf.

401 2783 497 2826 Aug.
514 2783 556 2816 de
577 2782 693 2816 Docer.
715 2782 926 2817 Chr-imam
943 2779 966 2816 i.
987 2789 1031 2825 27
1051 2779 1196 2827 (Migne
1214 2781 1253 2816 1'.
1274 2781 1315 2815 L.
1335 2779 1456 2815 xxxiv.
1477 2781 1549 2825 29).
1693 2781 1739 2817 26
1770 2781 1868 2817 Vnde

400 2834 432 2867 ct
450 2834 584 2865 uetere·
601 2832 672 2865 etc.
691 2840 807 2876 usque
825 2828 873 2865 ad
891 2828 1112 2875 opulentiam
1132 2832 1213 2874 (72¹
1230 2826 1297 2875 n):
1324 2838 1356 2865 v.
1374 2828 1468 2875 Aug.
1489 2828 1532 2864 do
1552 2827 1591 2864 C.
1611 2827 1655 2865 D.
1673 2838 1707 2865 v.
1730 2836 1783 2865 υ.

544 2909 611 2944 ³⁴⁴
