1988 3250
265 249 342 296 614
360 257 391 287 a
733 245 997 290 IOANNIS
1037 244 1555 290 SARESBERIENSIS
1703 241 1815 305 [ΜΒ.
1829 254 1883 294 v1

406 381 520 425 quae
547 366 759 410 moderno
784 381 870 410 usu
896 370 942 410 et
967 367 1145 410 nomine
1169 367 1226 410 ab
1252 367 1408 410 incolis
1428 366 1655 410 Wiltesira
1684 369 1882 417 uocatur,

405 436 560 480 eodem
579 436 675 479 iure
694 436 779 479 sibi
800 436 1009 480 uendicat
1027 437 1253 480 cohortem
1272 436 1584 480 subsidiariam
1605 435 1777 479 adiecta
1796 435 1882 479 sibi

406 506 611 549 Deuonia
630 508 676 549 et
696 504 932 550 Cornubia.

465 575 538 618 Ad
557 578 759 632 tempora
777 577 931 619 nostra
949 575 1177 620 descendo.
1238 575 1336 618 Rex
1356 575 1605 632 Anglorum
1625 574 1703 631 qui
1724 574 1882 618 Ruffus

405 644 743 702 cognominatus
778 647 857 696 est,
888 645 1024 688 armis
1056 645 1235 702 quidem
1267 648 1476 688 strenuus
1507 644 1584 687 sed
1615 658 1774 701 parum
1813 657 1881 686 re·
1900 655 1920 692 5

405 713 590 772 ligiosus
616 716 663 756 et
689 714 766 771 qui
792 714 1096 771 persecutione
1122 716 1376 757 sanctorum
1405 717 1450 756 et
1476 713 1712 771 praecipue
1738 713 1882 756 sancti

405 783 607 826 Anselmi
627 783 963 828 Cantuariensis
989 784 1208 841 spiculum
1228 784 1425 826 inuidiae
1446 798 1534 840 quo
1554 783 1794 826 suffocatus
1814 785 1884 826 est

405 853 454 895 in
485 867 532 896 se
563 853 687 896 uisus
721 856 790 896 est
823 868 1096 911 prouocasse‚
1130 853 1179 904 is,
1210 853 1407 910 inquam,
1437 852 1773 897 Cenomannum
1805 867 1882 895 ex-

405 923 639 980 pugnauit,
677 924 883 967 comitem
924 924 1042 981 cepit
1086 937 1166 966 nec
1210 927 1362 966 tamen
1406 922 1618 980 dignatus
1662 925 1731 965 est
1779 937 1882 965 eum

359 1001 389 1040 b
407 992 616 1035 carcerali
643 993 869 1036 custodiae
895 993 1170 1050 mancipare3
1202 995 1416 1049 tantoque
1445 992 1568 1050 operi
1592 992 1883 1035 attestabitur
1902 1010 1945 1035 ιο

406 1062 455 1104 in
486 1064 751 1119 perpetuum
782 1076 909 1105 mons
939 1061 1161 1104 Barbatus
1190 1064 1282 1112 aut,
1311 1061 1349 1104 si
1379 1061 1467 1104 alio
1496 1061 1675 1104 nomine
1705 1075 1882 1105 censere

405 1131 627 1181 malueris,
643 1130 818 1173 dicatur
832 1145 958 1174 mons
974 1130 1199 1174 Barbarus
1218 1133 1299 1173 aut
1319 1130 1629 1174 Barbarorum.
1689 1130 1884 1174 Transeo

406 1200 465 1244 ad
503 1214 795 1243 successorem
834 1200 929 1243 eius
969 1200 1214 1243 Henricum
1253 1200 1457 1243 inclitum
1498 1215 1658 1257 regem,
1699 1200 1775 1258 qui
1814 1200 1884 1244 leo

406 1270 607 1313 iustitiae
634 1270 883 1327 appellatus
910 1272 988 1320 est,
1010 1284 1152 1327 quem,
1173 1270 1288 1313 sicut
1314 1270 1489 1327 publice
1515 1273 1672 1314 notum
1693 1273 1772 1321 est,
1792 1285 1883 1314 non

406 1339 537 1383 modo
557 1340 689 1382 urbes
716 1339 793 1383 sed
813 1343 859 1383 et
878 1342 1023 1383 turres
1044 1339 1238 1383 Gallicae
1258 1339 1518 1384 timuerunt.
1577 1340 1666 1383 Sed
1691 1340 1884 1398 qualiter
1902 1355 1942 1390 15

406 1423 556 1466 regem
587 1409 858 1452 Francorum
887 1409 1118 1453 commisso
1147 1409 1315 1465 praelio
1345 1408 1531 1467 fregerit
1563 1413 1609 1453 et
1642 1410 1884 1468 fugauerit‚

408 1478 514 1535 quia
534 1478 782 1535 percelebre
803 1482 871 1522 est
897 1481 943 1522 et
969 1478 1182 1522 uictoriae
1210 1478 1330 1521 illius
1350 1479 1398 1520 in
1426 1481 1615 1536 utroque
1643 1494 1780 1537 regno
1805 1480 1883 1537 qui

406 1547 585 1604 publico
631 1547 799 1605 praelio
851 1547 1156 1591 interfuerunt
1200 1547 1381 1604 plurimi
1429 1550 1564 1591 testes
1611 1551 1780 1599 extant,
1826 1564 1883 1593 ne

406 1617 620 1674 replicare
646 1617 878 1660 notissima
905 1617 1125 1660 tediosum
1155 1616 1226 1667 sit,
1252 1617 1442 1660 scienter
1467 1620 1707 1674 praetereo.
1766 1618 1812 1661 N
1813 1633 1882 1662 or-

405 1701 671 1729 mannorum
707 1686 875 1738 ducem,
895 1686 1044 1729 uirum
1078 1685 1346 1738 bellicosum,
1365 1687 1501 1730 armis
1530 1689 1773 1738 strenuum,
1804 1687 1882 1745 qui
1901 1702 1946 1728 πο

406 1789 429 1823 4
455 1779 562 1815 rufus
579 1779 619 1814 M
763 1781 784 1816 8
809 1779 856 1816 iis
872 1779 905 1815 A
1028 1789 1066 1816 11
1096 1789 1250 1815 consere
1268 1777 1292 1814 S
1424 1789 1467 1815 12
1492 1778 1660 1816 malieris
1677 1778 1715 1816 S¹
1839 1789 1879 1826 15

405 1826 523 1874 gallie
542 1826 589 1863 S:
616 1826 757 1874 galliae
776 1827 815 1863 M
948 1837 1003 1873 19,
1021 1837 1068 1863 20
1091 1826 1372 1863 Normanorum
1390 1826 1441 1863 C:
1468 1825 1820 1864 Northmannorum
1839 1827 1880 1864 M

458 1916 472 1942 1
508 1907 716 1941 Wiltesira:
743 1917 840 1951 quae
860 1903 1015 1941 Ioannis
1035 1903 1154 1941 nostri
1172 1904 1368 1950 provincia
1384 1904 1525 1941 natalis
1552 1907 1645 1942 erat.
1774 1915 1797 1952 9
1821 1918 1885 1943 nec

405 1958 527 1988 tamen
548 1955 721 1998 diqnatus
741 1959 813 1989 est:
856 1952 904 1989 ef.
927 1952 1014 1989 Orcl.
1031 1951 1110 1988 Vit.
1128 1953 1224 1988 Hist.
1242 1954 1376 1988 Eccles.
1402 1964 1436 1988 κ.
1463 1965 1494 1989 o.
1519 1962 1538 1998 7
1567 1953 1779 1991 (Duchesne
1801 1955 1883 1990 Rer.

404 2002 529 2036 Norm.
550 2002 681 2047 Script.
704 2013 741 2047 p.
767 2009 858 2046 773;
886 1999 1019 2047 Migne
1035 2001 1076 2036 P.
1096 2001 1138 2036 L.
1157 1999 1350 2036 clxxxviii.
1374 2001 1483 2046 736);
1509 2012 1542 2037 v.
1560 1999 1743 2038 Freeman
1767 2003 1884 2046 Reiyn

405 2051 450 2093 of
466 2050 630 2083 William
646 2049 770 2094 Rufus
786 2047 824 2084 ii.
844 2058 923 2092 244.
1105 2058 1141 2084 11
1171 2059 1273 2083 mons
1289 2049 1491 2084 Barbatus:
1518 2060 1549 2085 v.
1568 2048 1750 2085 Freeman
1769 2050 1884 2095 Reiyn

405 2098 451 2140 of
474 2097 636 2131 William
661 2097 783 2143 Rufus
807 2095 847 2131 ii.
872 2108 897 2142 p
929 2122 936 2130 .
959 2096 1026 2140 631
1047 2106 1123 2140 seq.
1187 2095 1267 2132 Hoc
1295 2095 1493 2132 castellum
1518 2107 1541 2131 a
1565 2095 1758 2132 Willelmo
1785 2095 1883 2133 Rufo

406 2143 611 2179 fundatum
638 2154 716 2179 esse
742 2143 876 2180 asserit
951 2154 1018 2179 ace
1038 2144 1193 2186 (Roman
1211 2144 1254 2178 de
1271 2144 1350 2178 Bou
1373 2142 1430 2180 ed.
1449 2142 1643 2180 Andre-en
1668 2143 1710 2178 ii.
1728 2155 1764 2189 p.
1782 2145 1881 2189 423).

406 2190 468 2227 cui
483 2190 681 2236 suffragari
693 2189 841 2227 videtur
856 2190 1016 2226 Ioannes
1034 2193 1179 2231 noster:
1206 2190 1269 2226 sed
1287 2189 1363 2226 iam
1378 2190 1605 2226 aWillelmo
1624 2191 1883 2236 Conquestors

406 2249 440 2274 a..
464 2240 553 2283 1063
577 2237 791 2274 stabilitum
816 2250 896 2274 esse
926 2239 1085 2273 narrant
1105 2237 1317 2273 Willelmus
1333 2236 1647 2275 Gemmeticensis
1664 2240 1760 2274 Hist.
1778 2240 1885 2275 Nort-

406 2298 531 2321 mann.
551 2285 613 2321 vii.
632 2296 676 2330 27
703 2284 919 2329 (Duchesne
936 2287 1016 2320 Rer.
1035 2286 1158 2321 Norm.
1175 2286 1257 2321 Scri
1282 2290 1306 2321 t.
1323 2297 1358 2331 p.
1378 2286 1445 2331 283
1461 2298 1469 2326 ς
1501 2285 1630 2332 Migne
1647 2287 1687 2322 P.
1706 2287 1749 2322 L.
1768 2286 1883 2323 cxlix.

407 2334 491 2376 867)
510 2346 518 2374 ;
545 2332 747 2369 Ordericus
765 2332 901 2369 Vitalis
919 2332 990 2386 loc.
1010 2344 1126 2386 supra
1145 2331 1208 2368 cit.
1226 2345 1234 2375 ς
1251 2298 1400 2370 Ιίῧεῐιοῐῒ,
1421 2333 1625 2379 Chrom‘que
1649 2335 1710 2368 des
1728 2335 1825 2370 Duos
1840 2336 1884 2370 de

406 2381 631 2416 Normandie
649 2391 668 2425 3
696 2389 763 2426 737
784 2380 855 2423 (ed.
874 2379 1085 2416 M1ehel1i1.
1103 2392 1139 2426 p.
1163 2380 1255 2423 138).
1405 2390 1457 2426 13,
1474 2391 1515 2424 14
1543 2382 1594 2417 leo
1613 2382 1772 2417 iustitiae
1790 2383 1881 2419 etc.:

406 2427 578 2471 Respicit
601 2427 648 2463 ad
668 2389 820 2463 {ierlini
839 2426 1063 2464 vaticinium
1081 2439 1142 2474 ap.
1161 2425 1259 2463 Galf.
1277 2427 1444 2463 Monum.
1465 2429 1561 2464 Hine.
1576 2429 1670 2463 Brit.
1686 2427 1746 2464 vii.
1763 2439 1783 2474 3
1801 2430 1884 2465 Suc-

405 2477 500 2511 cedet
513 2476 564 2510 leo
583 2477 743 2510 iustitiae
760 2477 808 2510 ad
818 2478 921 2511 cuius
938 2477 1098 2519 myitum
1118 2476 1330 2510 Gallicanae
1347 2481 1465 2510 turo-es
1483 2481 1514 2510 et
1531 2477 1697 2510 insulani
1713 2478 1885 2513 drocen-ee

408 2522 493 2565 (i.e.
518 2525 652 2569 gentes
676 2522 809 2559 ambae
837 2521 1074 2558 Britanniam
1103 2522 1265 2558 insulam
1296 2522 1528 2565 habitantes,
1559 2535 1608 2558 sc.
1640 2522 1813 2559 Britones
1842 2526 1884 2560 et

406 2569 539 2615 Angli)
558 2570 766 2605 tremebunt.
916 2571 958 2606 16
983 2581 1098 2614 reyem
1117 2570 1368 2606 Francorum:
1397 2569 1420 2605 i.
1435 2582 1466 2606 e.
1487 2569 1714 2606 Ludovicum
1732 2570 1808 2609 VI:
1835 2570 1882 2609 de

407 2617 479 2653 hoc
498 2616 652 2663 praelio,
676 2616 777 2663 quod
803 2628 835 2653 a.
864 2627 954 2662 1119
979 2616 1017 2652 in
1037 2628 1116 2653 cam
1149 2628 1170 2652 o
1198 2616 1489 2654 Brennivillensi
1516 2620 1729 2664 pugnatum
1755 2620 1825 2662 est,
1850 2631 1883 2655 v.

406 2664 573 2701 Orderic.
593 2664 666 2718 νῇ.
687 2665 784 2699 Hm.
804 2665 898 2699 Eccl.
918 2663 1031 2719 κῆρ..
1050 2674 1069 2709 7
1094 2666 1105 2702 (
1147 2663 1308 2701 uchesne
1328 2666 1408 2701 Rer.
1435 2667 1560 2701 Norm.
1579 2667 1710 2711 Script.
1734 2677 1798 2712 pp.
1814 2667 1883 2713 856

406 2724 497 2796 zfqzq
495 2769 506 2795 ι
526 2711 745 2804 ’(Ιέἒὲξιῗιῖᾎξ
755 2712 1308 2813 ιῆιελὲιῗειίἳΧιῖςξηϊίεῗένζεῗιῖᾳὲἰί).ν
1320 2711 1885 2807 4ῗιςιεε1ἰέἰςζέἆζῖαἶῗυὸ1ξέξεῗ

411 2809 540 2853 1310);
569 2806 686 2843 chr.
708 2806 898 2843 liuntend.
920 2818 982 2843 vn.
1003 2806 1079 2853 §31
1105 2806 1181 2850 (ed.
1200 2806 1341 2843 Arnold
1358 2819 1420 2854 pp.
1438 2817 1501 2853 241
1521 2808 1627 2853 seq.).
1770 2819 1780 2844 1
1813 2818 1884 2853 ‚20

406 2855 703 2938 Notmnannqmm
733 2856 876 2890 ducem:
913 2853 982 2892 i.e.
1014 2853 1227 2900 Robcrtum,
1259 2854 1446 2892 willelmi
1471 2854 1737 2902 Conquestoris
1761 2819 1883 2892 fliium

409 2913 459 2938 na
480 2913 502 2938 u
522 2913 741 2939 maximum.

516 2968 559 3010 48
