1988 3250
171 198 423 255 0212.an
693 195 1136 242 PoLIORATIcvs
1673 197 1760 240 σεε
1778 203 1807 239 e.

174 319 309 363 uenia
328 318 406 376 qui
425 332 506 376 pro
525 317 692 361 talibus
706 331 918 374 umquam
938 317 1058 374 apud
1073 331 1155 360 nos
1170 317 1442 360 interuenire
1460 320 1652 375 tempta-

0 370 11 443 ἓν
175 388 336 432 uerint.
409 387 482 430 Ad
521 387 636 430 filias
669 401 775 430 sane
810 401 975 439 eorum,
1007 386 1207 443 quolibet
1245 401 1431 429 numero
1470 386 1652 440 fuerint,

175 457 419 502 Falcidiam
435 459 614 501 tantum
630 471 685 500 ex
701 456 829 500 bonis
848 456 1021 507 matris,
1032 456 1127 498 siue
1141 457 1309 498 testata
1323 455 1418 498 siue
1437 456 1654 499 intestata

175 527 399 578 defecerit,
419 527 626 570 uolumus
651 526 896 584 peruenire,
915 529 969 569 ut
995 525 1191 568 habeant
1218 524 1367 582 potius
1388 525 1651 568 mediocrem

136 607 158 650 3
176 596 295 640 filiae
328 596 584 639 alimoniam
620 610 754 653 quam
783 595 1009 653 integrum
1039 594 1387 637 emolumentum
1417 597 1464 637 et
1492 609 1653 636 nomen

175 665 362 709 heredis.
423 665 577 708 Mitior
606 665 725 708 enim
754 665 871 709 circa
899 679 974 708 eas
1005 664 1137 707 debet
1167 677 1260 706 esse
1290 663 1514 706 sententia
1543 678 1654 720 quas

175 749 257 793 pro
277 734 538 778 infirmitate
557 749 690 778 sexus
710 734 858 777 minus
877 748 1064 777 ausuras
1084 747 1178 776 esse
1196 732 1471 776 confidimus.

236 804 407 848 onres
433 819 538 847 sane
565 804 905 862 praedictorum,
921 805 1181 861 recuperata
1207 802 1322 853 dote,
1342 802 1381 844 si
1401 802 1448 844 in
1474 817 1526 844 ea
1552 816 1654 844 con-

177 872 348 917 ditione
373 873 544 917 fuerint
563 877 616 916 ut
636 887 749 931 quae
774 888 802 916 a
827 873 938 916 uiris
958 873 1093 916 titulo
1113 871 1366 915 donationis
1389 874 1655 928 acceperunt

117 963 162 990 ιο
177 943 283 987 filiis
303 943 494 987 debeant
514 958 741 987 reseruare
760 945 959 1000 tempore
980 957 1068 999 quo
1088 941 1371 985 ususfructus
1391 940 1654 990 absumitur,

176 1012 328 1056 omnia
356 1027 409 1056 ea
441 1013 546 1056 fisco
579 1016 733 1056 nostro
764 1027 811 1055 se
842 1012 1075 1056 relicturas
1109 1026 1203 1055 esse
1237 1013 1505 1068 cognoscant
1540 1025 1654 1067 quae

177 1081 308 1125 iuxta
334 1082 476 1140 legem
504 1082 609 1126 filiis
634 1082 937 1133 debebantur3
969 1081 1167 1125 Falcidia
1194 1080 1329 1123 etiam
1358 1094 1413 1123 ex
1439 1079 1494 1122 iis
1522 1079 1654 1122 rebus
1670 1080 1700 1120 d

177 1150 356 1195 filiabus
385 1155 576 1203 tantum,
605 1166 695 1195 non
725 1151 861 1195 etiam
893 1151 998 1194 filiis
1032 1150 1284 1208 deputetur.
1356 1149 1411 1192 Id
1446 1149 1564 1206 quod
1599 1148 1655 1192 de

178 1220 418 1278 praedictis
456 1235 696 1278 eorumque
735 1221 840 1264 filiis
879 1221 1091 1271 cauimus,
1126 1219 1262 1263 etiam
1297 1218 1352 1262 de
1386 1218 1657 1262 satellitibus

120 1311 161 1347 ¹⁵
178 1290 363 1334 consciis
393 1305 445 1335 ac
473 1291 691 1334 ministris
719 1290 911 1348 filiisque
941 1305 1093 1334 eorum
1122 1289 1257 1332 simili
1287 1289 1526 1332 seueritate
1555 1303 1655 1331 cen-

178 1374 338 1405 semuS.
399 1360 528 1412 Sane,
562 1360 600 1404 si
633 1360 733 1418 quis
767 1375 824 1403 ex
860 1360 931 1403 his
965 1360 1013 1402 in
1052 1359 1235 1403 exordio
1268 1359 1408 1402 initae
1447 1357 1657 1402 factionis

178 1429 328 1473 studio
357 1444 490 1473 uerae
519 1430 665 1473 laudis
694 1444 902 1474 accensus
927 1430 1022 1487 ipse
1051 1429 1299 1487 prodiderit
1329 1428 1581 1478 factionem,
1610 1430 1658 1470 et

178 1499 377 1557 praemio
411 1514 439 1543 a
472 1500 601 1543 nobis
634 1502 680 1543 et
715 1500 881 1543 honore
916 1499 1170 1543 donabitur.
1228 1498 1277 1542 Is
1302 1513 1409 1541 uero
1439 1497 1516 1554 qui
1550 1511 1658 1540 usus

180 1569 320 1613 fuerit
335 1568 540 1620 factione,
551 1569 590 1612 si
602 1572 752 1613 tamen
768 1569 996 1626 incognita
1011 1569 1156 1612 adhuc
1167 1568 1451 1612 consiliorum
1464 1566 1660 1610 archana

120 1662 166 1688 ao
182 1638 455 1698 patefecerit,
474 1639 752 1684 absolutione
771 1643 950 1683 tantum
971 1643 1018 1683 et
1037 1639 1170 1683 uenia
1188 1639 1352 1697 dignus
1373 1637 1623 1681 habebitur.

179 1780 288 1840 Cap.
312 1783 380 1827 26.
409 1781 537 1836 Quod
551 1780 679 1825 uitia
690 1781 886 1838 ferenda
905 1783 1015 1824 sunt
1035 1784 1117 1824 aut
1133 1779 1331 1823 tollenda
1352 1783 1391 1823 et
1412 1795 1442 1823 a
1454 1778 1658 1836 flayitiie

295 1851 504 1902 dietavim-
544 1855 582 1895 εἰ
611 1850 846 1907 yeneralia
875 1850 1102 1907 quaedam
1132 1850 1185 1893 de
1219 1849 1361 1906 officio
1386 1849 1656 1905 pincipis,-

295 1925 335 1966 et
357 1920 508 1966 breuis
526 1920 728 1979 epilogus·
747 1924 927 1978 quanta
945 1920 1005 1964 sit
1025 1920 1068 1963 ei
1087 1919 1347 1963 reuerentia
1367 1918 1628 1963 exhibenda.

240 2025 364 2070 Haec
390 2025 569 2083 quidem
595 2039 738 2083 pauca
763 2024 818 2068 de
845 2023 1000 2067 multis
1026 2026 1237 2081 excerpta
1263 2022 1317 2066 de
1344 2022 1516 2066 sincera
1542 2037 1658 2065 uena
1675 2022 1764 2071 629
1784 2030 1815 2061 a

121 2117 164 2154 ²5
182 2095 294 2140 iuris
312 2095 535 2154 praesenti
559 2094 770 2152 opusculo
795 2094 950 2138 curaui
971 2094 1175 2144 inserere,
1195 2108 1284 2150 quo
1308 2096 1354 2136 et
1380 2093 1491 2136 iuris
1510 2092 1658 2150 ignari

183 2180 212 2210 a
225 2165 472 2209 maiestatis
486 2165 670 2209 crimine
685 2164 851 2222 seipsos
871 2163 1047 2222 longius
1067 2166 1327 2206 amouerent
1346 2163 1417 2205 his
1436 2162 1659 2220 inspectis,

183 2238 230 2280 et
255 2249 312 2279 ne
332 2234 567 2292 quisquam
590 2234 809 2291 meipsum
836 2233 1164 2291 calumpnietur
1190 2233 1238 2275 in
1265 2232 1416 2289 aliquo
1445 2232 1660 2275 aduersus

181 2304 494 2350 auctoritatem
517 2303 730 2361 principis
754 2303 983 2360 quippiam
1007 2302 1366 2360 praesumpsisse.
1426 2301 1526 2344 Dici
1546 2301 1660 2344 solet

15 2415 17 2418 Α
182 2373 288 2432 quia
322 2373 416 2416 sine
451 2372 616 2416 lesione
650 2372 869 2430 unguium
898 2387 988 2416 non
1019 2371 1149 2416 facile
1181 2374 1438 2415 remouetur
1466 2371 1602 2414 robur
1631 2386 1660 2414 a

0 2438 15 2491 is
119 2461 166 2500 30
182 2443 363 2496 subere3
391 2442 469 2486 sed
497 2441 640 2485 multo
663 2442 848 2499 aequius
875 2445 921 2485 et
947 2442 1080 2485 citius
1110 2441 1277 2484 leditur
1306 2441 1507 2498 quisquis
1536 2440 1660 2483 obse-

4 2512 12 2570 3
183 2512 338 2571 quium
383 2512 682 2555 membrorum
725 2511 922 2569 seiungit
966 2526 995 2554 a
1038 2511 1195 2568 capite.
1275 2510 1439 2568 Vigeat
1488 2524 1662 2566 semper

187 2644 230 2670 12
254 2632 316 2670 his
329 2632 404 2669 AM
583 2643 629 2670 22
653 2631 799 2670 distent
815 2631 849 2667 A
1031 2640 1076 2677 23
1101 2629 1318 2668 reuerentia
1334 2629 1370 2666 ei
1389 2629 1430 2665 M
1614 2638 1660 2673 29

3 2686 13 2714 ὶ
184 2679 300 2718 facile
316 2691 384 2717 om.
399 2679 447 2716 Δ,1

185 2801 255 2876 de7
281 2791 601 2876 Eostgoafidimm
617 2789 803 2837 quaedam
818 2787 1076 2837 praetermisit
1094 2787 1267 2825 Ioannes.
1382 2796 1425 2833 13
1450 2787 1661 2832 deputetur:

223 2851 280 2887 pu
335 2851 358 2875 a
403 2849 425 2875 o

1507 2909 1550 2947 77
