1988 3250
240 204 321 245 779
340 205 371 235 8

335 734 365 772 b

339 1646 364 1676 c

334 2397 364 2439 d

714 193 976 238 IOANNIS
1013 191 1528 238 SARESBERIENSIS
1629 189 1741 252 [Lm.
1758 203 1850 236 vm

383 312 644 357 muliercula
671 317 726 357 ut
753 327 834 371 pro
864 328 917 357 ea
941 313 1132 371 principi
1162 312 1454 356 intercederet
1483 315 1529 356 et
1557 315 1725 356 cartam
1755 312 1851 356 eius

383 382 602 440 accipiens
624 382 687 427 sic
706 383 883 440 scripsit
904 383 1121 441 principi:
1153 381 1426 440 Paupercula
1451 381 1559 426 haec
1584 382 1767 426 accessit
1792 381 1850 425 ad

382 465 454 494 me
487 451 638 495 dicens
670 466 798 509 posse
831 467 902 495 me
941 452 1060 510 apud
1098 455 1167 504 te3
1211 451 1250 495 si
1289 465 1394 508 ergo
1432 465 1623 508 possum,
1656 450 1849 495 ostende.

383 520 443 564 Et
462 520 586 564 dedit
604 521 780 564 mulieri
804 523 998 574 cartam3
1027 535 1140 578 quae
1160 520 1314 563 abiens
1333 519 1458 563 dedit
1477 520 1708 578 epistolam
1727 519 1850 578 prin·

380 589 492 647 cipi3
520 589 757 648 legemque
784 605 881 633 eam
911 590 1115 647 princeps
1141 589 1367 646 rescripsit
1391 589 1522 633 haec:
1553 589 1739 646 Propter
1757 603 1850 642 uos,
1867 605 1888 641 5

382 673 410 703 o
438 662 567 717 pater
595 662 758 710 sancte,
786 659 910 703 uolui
941 659 1138 702 misereri
1171 658 1467 709 mulierculae,
1495 658 1573 702 sed
1603 673 1693 702 non
1722 658 1850 716 potui

383 742 464 786 pro
490 743 542 772 eo
568 729 686 786 quod
714 728 896 772 tributis
926 728 1134 772 subiacet.
1194 727 1386 771 Sanctus
1408 742 1515 771 uero
1534 727 1760 785 rescripsit
1785 727 1850 771 ei:

383 797 612 855 Siquidem
640 797 794 841 uolens
820 812 910 841 non
929 797 1128 855 potuisti,
1147 797 1258 840 bene
1278 799 1518 854 utcumque
1537 811 1584 840 se
1603 811 1674 840 res
1692 796 1852 850 habet;

381 866 420 910 si
446 869 597 910 autem
623 870 781 924 potens
810 866 1005 919 noluisti,
1026 866 1158 910 ducet
1182 870 1227 908 te
1248 864 1455 909 Christus
1475 865 1532 909 ad
1552 865 1850 924 indigentium

381 935 564 980 chorum
585 939 637 979 ut
664 935 841 992 quando
867 935 989 978 uoles
1016 949 1106 978 non
1129 935 1280 992 possis.
1341 934 1430 978 Sed
1450 949 1616 993 organo
1635 949 1716 978 suo
1737 948 1849 992 quae
1869 954 1912 978 10

382 1019 555 1062 semper
583 1004 734 1049 electis
762 1004 889 1048 adest
918 1005 1095 1047 Veritas
1124 1019 1404 1061 nequaquam
1436 1003 1593 1048 defuit.
1653 1003 1773 1047 Nam
1802 1003 1851 1047 in

381 1074 508 1117 breui
549 1073 753 1132 princeps
796 1073 926 1127 idem,
971 1073 1191 1131 imperiali
1241 1073 1549 1132 indignatione
1593 1076 1851 1131 temptatus,

381 1143 542 1188 ductus
566 1145 634 1186 est
661 1144 840 1187 uinctus
866 1143 985 1186 inter
1010 1143 1212 1200 captiuos
1237 1143 1309 1186 uel
1333 1158 1448 1200 pena
1467 1157 1549 1186 sua
1573 1142 1852 1186 satisfaciens

381 1212 546 1256 iniuste
584 1213 815 1270 oppressis.
895 1212 1108 1256 Oratione
1147 1215 1299 1256 tamen
1338 1212 1494 1256 Basilii
1533 1215 1635 1270 post
1672 1215 1850 1256 sextum

381 1282 499 1326 diem
533 1281 589 1325 de
622 1282 888 1326 abductione
922 1282 1136 1326 liberatus
1171 1285 1249 1333 est,
1279 1282 1571 1326 descendente
1604 1282 1731 1340 signo
1765 1281 1848 1324 im·
1869 1299 1910 1336 ¹⁵

380 1351 549 1408 periali,
587 1350 702 1395 sicut
740 1351 814 1394 uir
855 1355 1035 1395 sanctus
1074 1354 1322 1409 optauerat.
1399 1351 1558 1408 Itaque
1597 1354 1644 1394 et
1682 1350 1850 1394 tiranni

380 1420 558 1464 nomine
604 1435 684 1464 rex
729 1423 775 1464 et
821 1435 845 1464 e
890 1435 1101 1465 conuerso
1145 1420 1371 1464 interdum
1417 1420 1630 1478 principis
1672 1420 1851 1465 nomine

382 1491 587 1534 tirannus
625 1490 877 1547 appellatur
916 1490 1045 1533 iuxta
1084 1489 1220 1533 illud:
1272 1489 1496 1547 Principes
1535 1490 1603 1532 tui
1638 1489 1851 1543 infideles,

380 1559 487 1603 socii
522 1558 685 1602 furum.
760 1558 819 1602 Et
857 1559 987 1603 alibi:
1038 1559 1262 1616 Principes
1301 1558 1579 1602 sacerdotum
1618 1558 1851 1603 consilium

382 1628 583 1673 fecerunt
608 1630 661 1671 ut
685 1627 833 1671 Iesum
860 1627 961 1672 dolo
984 1631 1188 1671 tenerent
1217 1631 1263 1671 et
1289 1627 1537 1671 occiderent
1549 1642 1560 1681 ;
1590 1628 1667 1685 qui
1693 1628 1849 1686 utique
1869 1643 1913 1668 20

380 1698 499 1742 iusto
519 1696 630 1755 legis
656 1696 819 1740 iudicio
846 1697 1060 1740 debuerat
1086 1697 1277 1741 liberari.
1335 1695 1454 1739 Nam
1474 1701 1520 1740 et
1539 1697 1587 1740 in
1606 1698 1851 1742 sacerdotio

380 1766 675 1810 inueniuntur
713 1780 847 1823 quam
886 1766 1047 1824 plures,
1078 1766 1125 1809 id
1165 1770 1262 1810 tota
1301 1769 1483 1825 agentes
1524 1767 1766 1811 ambitione
1805 1771 1852 1812 et

379 1835 585 1880 omnibus
605 1835 777 1879 artibus
796 1836 902 1888 eius,
923 1840 976 1879 ut
1002 1836 1085 1879 sub
1112 1839 1348 1894 praetextu
1375 1836 1506 1880 officii
1533 1851 1659 1880 suam
1679 1837 1852 1895 possint

379 1905 649 1949 tirannidem
670 1919 881 1949 exemere.
941 1905 1092 1949 Habet
1110 1905 1228 1949 enim
1249 1908 1295 1948 et
1321 1920 1391 1949 res
1414 1906 1592 1963 publica
1611 1906 1849 1964 impiorum

379 1978 515 2033 caput
534 1978 580 2018 et
599 1975 797 2018 membra
815 1990 908 2026 sua,
924 1979 970 2019 et
990 1975 1115 2033 quasi
1136 1975 1342 2019 ciuilibus
1362 1975 1583 2019 institutis
1602 1976 1848 2034 legittimae
1869 1991 1911 2027 ²⁵

380 2044 444 2088 rei
493 2044 694 2101 publicae
743 2044 906 2088 nititur
954 2059 1047 2088 esse
1096 2044 1345 2089 conformis.
1405 2044 1554 2103 Caput
1602 2061 1707 2104 ergo
1755 2047 1851 2092 eius

380 2113 586 2157 tirannus
610 2116 678 2157 est
696 2113 845 2172 imago
865 2113 1056 2165 diaboli;
1086 2114 1237 2157 anima
1256 2114 1439 2159 heretici
1459 2115 1697 2160 scismatici
1717 2117 1850 2162 sacri·

380 2182 468 2241 legi
516 2182 765 2226 sacerdotes
810 2187 868 2237 et,
914 2186 967 2227 ut
1015 2183 1152 2227 uerbo
1200 2183 1429 2228 Plutarchi
1478 2187 1593 2237 utar,
1636 2186 1850 2243 praefecti

381 2252 621 2311 religionis,
662 2252 976 2311 impugnantes
1025 2252 1166 2311 legem
1217 2253 1427 2307 Domini3
1485 2268 1562 2298 cor
1609 2255 1850 2300 consiliarii

381 2322 522 2380 impii,
541 2322 666 2380 quasi
683 2326 864 2366 senatus
880 2322 1132 2379 iniquitatis
1150 2340 1161 2375 ;
1199 2323 1328 2375 oculi,
1342 2338 1484 2376 aures,
1504 2324 1671 2383 lingua,
1690 2340 1851 2370 manus
1869 2341 1912 2377 30

382 2391 573 2442 inermis,
603 2391 768 2436 iudices
793 2395 839 2435 et
865 2391 995 2451 leges,
1018 2391 1225 2436 officiales
1252 2393 1437 2447 iniusti;
1478 2409 1637 2438 manus
1662 2397 1850 2447 armata,

383 2518 426 2554 16
450 2516 648 2554 obtauerat
665 2517 690 2554 S
860 2518 902 2556 18
927 2529 950 2555 a
979 2517 1119 2555 ellatur
1135 2517 1159 2555 S
1335 2527 1378 2566 25
1407 2517 1578 2567 legitime
1595 2519 1628 2556 A
1802 2531 1849 2569 29

379 2563 590 2612 religionis]
609 2565 809 2612 regionum
827 2564 948 2603 GBAS
1004 2578 1013 2602 ι
1044 2564 1240 2612 religionis
1257 2578 1302 2603 ea·
1318 2567 1380 2603 lib.
1398 2579 1429 2606 v.
1447 2579 1524 2614 cap.
1545 2577 1565 2604 2
1582 2568 1736 2605 restitui.

431 2683 472 2720 18
499 2684 687 2737 Prin-cipes
703 2685 761 2720 eun·
777 2686 874 2722 etc.:
902 2682 972 2721 Isa.
992 2683 1015 2721 i.
1035 2694 1091 2730 23.
1240 2695 1281 2731 19
1306 2686 1497 2740 Principes
1517 2688 1739 2723 sacerdotum
1755 2689 1850 2727 stoa

380 2728 491 2766 matt.
512 2741 608 2766 xxvi.
628 2741 660 2776 3,
677 2741 711 2775 4.
913 2733 957 2769 28
982 2733 1195 2768 Plutarchi:
1221 2744 1270 2769 sc.
1291 2732 1330 2768 in
1351 2732 1597 2770 Institutione
1614 2733 1790 2781 Traiani3
1814 2747 1846 2773 v.

378 2789 494 2824 supra
510 2789 540 2814 v.
560 2788 581 2814 2
601 2781 687 2824 (540
698 2778 751 2823 Β).
801 2777 881 2816 Hoc
899 2778 982 2816 loco
1005 2778 1147 2816 codicis
1169 2779 1369 2827 archetypi
1393 2780 1566 2827 scriptor,
1586 2780 1680 2819 Dan.
1698 2781 1754 2820 iii.
1772 2792 1805 2827 2,
1826 2793 1848 2831 3

378 2825 503 2862 forsan
522 2837 675 2870 memor,
694 2827 880 2872 reqionum
897 2837 967 2874 pro
984 2828 1172 2874 alcysonis
1187 2826 1381 2875 scripsisse
1400 2827 1560 2867 videtur.

489 2899 556 2942 ³⁴8
