1988 3250
222 220 303 268 637
324 215 354 257 d
705 215 968 261 IOANNIS
998 215 1514 260 SARESBERIENSIS
1644 214 1756 273 [12113.
1770 222 1844 258 vn

370 337 559 394 posteris
588 337 750 394 quibus
773 337 1018 394 gaudemus
1045 339 1092 379 et
1117 336 1334 379 miramur
1355 336 1564 380 inuentis.
1623 335 1843 379 Mundum

370 407 559 450 dimensi
579 410 696 457 sunt,
716 406 859 450 celum
879 406 972 449 suis
991 406 1158 463 regulis
1178 406 1472 456 subiecerunt,
1487 409 1674 449 naturae
1693 405 1843 448 uarias

370 476 558 519 scrutati
597 478 704 518 sunt
747 490 901 519 causas
941 478 987 518 et
1026 475 1334 518 uniuersitatis
1376 475 1589 532 Opificem
1629 474 1843 518 defecatis

370 545 563 602 quodam
591 545 723 588 modo
752 547 859 588 sunt
893 544 1031 587 oculis
1066 544 1363 601 contemplati.
1425 544 1563 598 Quasi
1593 559 1699 601 ergo
1727 543 1842 586 mole

370 614 582 672 gigantea
620 614 822 657 subuecti
863 616 908 656 et
943 613 1033 655 iam
1072 628 1162 656 non
1198 614 1405 657 humanis
1439 614 1612 657 uiribus
1647 612 1843 657 roborati
1861 622 1882 662 5

370 684 682 726 intumuerunt
697 683 1044 739 indixeruntque
1064 682 1231 725 bellum
1251 683 1423 740 gratiae
1439 683 1522 726 Dei
1538 683 1592 726 de
1605 683 1758 740 uigore
1773 697 1843 725 ra-

370 753 507 796 tionis
522 757 569 796 et
582 753 722 796 libero
736 753 889 796 confisi
910 752 1106 803 arbitrio,
1120 767 1171 795 ac
1191 752 1229 795 si
1250 753 1490 796 secundum
1506 753 1682 796 fabulas
1698 754 1845 795 essent

222 832 305 881 638
326 842 356 871 a
371 823 463 866 celo
483 822 661 880 captiuo
681 822 915 872 uirtutum,
932 822 1093 878 quibus
1109 822 1416 872 efferebantur,
1429 822 1610 865 brachia
1624 821 1844 865 iniecturi.

371 892 543 935 Deiecti
573 895 680 934 sunt
708 892 859 948 itaque
891 891 999 933 dum
1031 891 1342 942 alleuarentur,
1364 895 1410 934 et
1443 891 1638 934 dicentes
1669 906 1715 934 se
1749 905 1844 934 esse

370 962 593 1019 sapientes
623 961 751 1004 stulti
783 960 892 1003 facti
913 962 1031 1012 sunt,
1054 963 1099 1003 et
1125 960 1408 1004 obscuratum
1433 964 1501 1004 est
1528 960 1742 1017 insipiens
1767 975 1844 1003 cor
1862 973 1910 1002 ιο

371 1045 533 1081 eorum,
546 1033 600 1073 ut
620 1030 697 1087 qui
719 1029 869 1073 omnia
893 1028 987 1072 fere
1011 1033 1310 1086 pernouerant
1330 1029 1698 1087 perniciosissime
1725 1044 1843 1072 erra-

370 1103 473 1143 rent
511 1100 559 1142 in
598 1099 817 1151 maximis,
856 1102 902 1142 et
947 1099 1086 1142 uariis
1130 1099 1333 1142 distracti
1373 1099 1657 1156 opinionibus
1707 1098 1845 1142 etiam

370 1168 556 1211 minima
589 1168 858 1226 ignorarent.
931 1167 979 1210 Si
1014 1168 1086 1211 cui
1121 1182 1228 1210 uero
1260 1167 1515 1211 fabularum
1547 1168 1847 1211 instrumenta

367 1237 589 1281 uilescunt
625 1238 745 1293 (licet
779 1240 825 1280 et
857 1237 914 1280 ab
952 1237 1079 1280 hoste
1113 1237 1260 1280 doceri
1291 1238 1505 1295 sapientis
1539 1237 1714 1281 animus
1753 1251 1844 1280 non

369 1307 596 1358 detrectet,
616 1322 716 1350 cum
737 1307 971 1363 peculiaris
992 1307 1183 1364 populus
1203 1307 1287 1350 Dei
1307 1322 1417 1351 auro
1437 1310 1623 1365 argento
1643 1307 1843 1350 uestibus
1863 1323 1905 1360 15

371 1380 418 1420 et
465 1379 562 1420 toto
602 1376 883 1434 Egiptiorum
933 1380 1095 1419 ornatu
1145 1377 1464 1434 resplendeat);
1508 1377 1546 1420 si
1595 1375 1845 1434 gentilium,

371 1447 567 1503 inquam,
601 1447 815 1504 figmenta
849 1446 1070 1489 uilescunt
1083 1460 1093 1499 ;
1123 1446 1196 1499 sic,
1231 1447 1338 1489 dum
1370 1447 1419 1489 in
1452 1461 1608 1503 campo
1643 1445 1845 1489 Sennaar

372 1516 666 1559 fundamenta
691 1515 934 1572 Babylonis
961 1516 1067 1559 iacit
1097 1516 1314 1573 impietas,
1335 1516 1443 1559 dum
1470 1516 1609 1559 turris
1639 1514 1845 1559 elationis

371 1589 418 1628 et
441 1584 803 1628 contradictionis
827 1585 1032 1627 machina
1055 1585 1103 1627 in
1128 1585 1270 1628 celum
1299 1585 1499 1643 erigitur,
1523 1585 1579 1628 de
1604 1584 1697 1627 alto
1717 1598 1844 1642 prae-

323 1661 353 1699 b
371 1654 514 1712 cipitii
529 1669 557 1696 a
572 1654 666 1697 Deo
688 1654 808 1696 facta
823 1657 891 1697 est
911 1654 1166 1712 linguarum
1182 1655 1354 1706 diuisio,
1364 1655 1678 1711 subtractoque
1693 1653 1843 1711 impiis
1863 1664 1909 1696 20²

371 1724 497 1768 uerbi
518 1724 777 1767 commercio
807 1738 863 1766 ex
890 1725 1150 1768 necessitate
1178 1727 1329 1768 secuta
1359 1727 1428 1768 est
1454 1724 1638 1768 secessio
1661 1723 1845 1781 populo-

371 1809 485 1837 rum.
561 1793 634 1836 Sic
670 1797 716 1836 et
745 1793 996 1850 philosophi
1029 1794 1135 1836 dum
1176 1794 1345 1851 ingenii
1385 1794 1455 1837 sui
1495 1793 1723 1837 machinas
1762 1807 1852 1836 suov

372 1863 563 1920 quodam
603 1863 874 1906 teomachiae
908 1878 1068 1920 genere
1103 1863 1150 1905 in
1187 1864 1329 1906 altum
1363 1865 1613 1914 erexerunt,
1645 1863 1709 1906 eis
1739 1877 1845 1908 uere

371 1932 745 1976 incommutabilis
766 1935 811 1975 et
827 1932 1118 1975 indeficientis
1134 1933 1339 1977 ueritatis
1354 1933 1582 1976 subtracta
1597 1936 1664 1976 est
1678 1932 1843 1986 unitas,

371 2005 417 2045 et
438 2002 715 2059 ignorantiae
735 2001 908 2044 nebulis
932 2002 1133 2045 obuoluti
1159 2017 1311 2045 eorum
1336 2017 1449 2060 quae
1473 2003 1531 2046 ab
1558 2017 1649 2045 una
1676 2005 1722 2045 et
1748 2003 1840 2046 sin·
1861 2020 1903 2056 ²5

370 2071 515 2130 gulari
543 2071 733 2114 ueritate
754 2085 862 2114 uera
888 2074 1004 2122 sunt,
1027 2072 1269 2115 maximam
1299 2072 1507 2116 notitiam
1539 2072 1840 2130 perdiderunt,

373 2190 394 2227 7
420 2183 459 2219 et
478 2193 546 2217 om.
564 2180 716 2217 C²BAM
911 2181 953 2217 16
971 2180 1213 2227 egyptiorum
1226 2181 1300 2218 ΒΜ
1475 2183 1517 2219 18
1534 2182 1724 2220 babilonis
1740 2182 1843 2220 ΑΒΜ

373 2239 419 2266 22
445 2228 673 2276 phylosophi
692 2227 731 2263 M
876 2238 921 2273 23
946 2228 1188 2265 theomachie
1209 2229 1273 2265 BA
1369 2241 1459 2267 uere
1476 2230 1529 2266 eis
1548 2229 1588 2266 M

423 2349 444 2384 3
470 2340 724 2374 uniuenitatie
759 2340 930 2384 Optsscem
965 2340 1063 2375 etc:
1103 2338 1152 2375 cf.
1185 2338 1261 2376 Cic.
1288 2341 1331 2375 de
1363 2341 1409 2376 N.
1437 2341 1482 2376 D.
1516 2340 1541 2377 i.
1569 2342 1590 2378 8
1622 2340 1664 2389 §§
1699 2343 1752 2385 18,
1788 2352 1843 2389 19.

375 2388 397 2423 8
422 2388 493 2423 celo
510 2389 653 2432 captiuo
669 2388 743 2423 etc.
760 2397 769 2421 ε
797 2399 827 2422 v.
846 2385 912 2422 Ov.
930 2387 1011 2421 Met.
1030 2385 1053 2421 i.
1073 2387 1147 2429 ¹84·
1352 2397 1375 2433 9
1399 2389 1553 2424 dicentes
1569 2390 1640 2425 etc.
1657 2401 1666 2426 :
1694 2389 1799 2427 Rom.
1817 2388 1846 2427 i.

373 2445 432 2470 22.
621 2444 664 2470 10
687 2434 913 2470 obscuratum
930 2436 1000 2470 etc.
1017 2444 1026 2469 τ
1055 2432 1160 2469 Rom.
1180 2433 1204 2469 i.
1225 2444 1279 2470 21.
1466 2445 1507 2480 14
1532 2436 1577 2471 ab
1593 2438 1689 2472 hoste
1706 2440 1845 2475 docet-i:

374 2481 439 2518 Ov.
458 2482 543 2517 Met.
563 2480 609 2517 iv.
627 2483 706 2525 428.
922 2490 959 2528 15
983 2483 1184 2527 peculim-ia
1196 2483 1378 2527 populus:
1406 2481 1515 2519 Deut.
1535 2482 1593 2520 vii.
1614 2486 1648 2527 6,
1669 2484 1767 2522 xxvi.
1793 2487 1847 2523 18.

374 2540 464 2565 aum
482 2532 551 2564 etc.
569 2540 577 2564 ε
604 2541 634 2563 v.
656 2527 770 2565 Exod.
789 2527 853 2564 xii.
874 2538 931 2575 35,
950 2530 995 2573 36
1013 2541 1020 2570 ;
1047 2528 1095 2564 cf.
1117 2528 1202 2565 Isid.
1223 2531 1361 2573 Quaese.
1382 2531 1421 2565 in
1445 2532 1562 2566 Exod.
1581 2543 1612 2568 c.
1637 2533 1678 2568 16
1698 2532 1845 2579 (Migne

374 2578 415 2613 1².
435 2577 475 2612 L.
494 2575 638 2612 lxxxiii.
658 2575 743 2622 295)
762 2578 801 2612 in
818 2588 910 2612 auro
928 2582 959 2611 et
983 2581 1130 2621 amento
1154 2589 1196 2612 ac
1220 2582 1315 2613 ueste
1340 2579 1595 2624 Aeyyptsomun
1620 2581 1847 2624 siqmsscatae

375 2629 460 2660 nunt
476 2625 653 2671 quaedam
678 2626 870 2665 doctrinae,
889 2635 979 2670 quae
1001 2636 1046 2658 ex
1067 2625 1147 2669 ipsa
1173 2627 1428 2660 consuetudine
1451 2629 1610 2671 qentmm
1628 2639 1700 2663 non
1719 2630 1847 2664 inutili

375 2673 494 2706 studio
507 2672 708 2707 discuntur.
748 2671 848 2707 Haec
860 2683 903 2708 cx
922 2670 1061 2707 Isidoro
1073 2671 1194 2707 citant
1206 2671 1382 2708 Rabanus
1395 2672 1547 2708 Maurus
1561 2676 1599 2710 et
1612 2674 1845 2712 Walafridus

377 2718 514 2755 Strabo
531 2718 577 2754 tul
598 2718 720 2755 locum
738 2717 866 2755 Exodi.
888 2731 1003 2765 supra
1020 2718 1229 2755 laudatum.
1310 2730 1349 2763 17
1378 2722 1415 2756 r'n
1435 2733 1559 2767 campo
1572 2724 1742 2758 Sennaar
1751 2726 1844 2760 etc-z

377 2778 408 2801 v.
430 2766 522 2801 Gen.
544 2765 592 2801 xi.
618 2777 691 2811 ¹·9-
779 2776 822 2802 22
849 2768 908 2802 Sic
925 2772 956 2802 et
972 2767 1179 2812 philosophi
1193 2768 1284 2803 etc.:
1312 2766 1366 2803 De
1387 2767 1620 2815 philosophis
1638 2773 1677 2806 et
1695 2770 1845 2808 unitate

377 2813 547 2849 veritatis
570 2814 647 2850 scre
672 2813 801 2850 cadem
823 2813 919 2850 dicit
936 2826 1032 2860 quae
1057 2814 1103 2850 dc
1127 2814 1328 2850 haereticis
1350 2817 1390 2851 et
1409 2815 1558 2853 unitate
1576 2817 1663 2854 fidei
1682 2818 1846 2856 Isidorus

378 2864 518 2907 Qameaet.
539 2863 576 2897 in
599 2863 686 2897 Gen.
705 2873 735 2898 c.
755 2873 778 2908 9
797 2861 943 2909 (Mignc
961 2863 1001 2897 Ρ.
1022 2862 1062 2897 L.
1084 2861 1229 2898 lxxxiii.
1250 2871 1327 2908 237,
1346 2864 1443 2909 238).

485 2944 529 2979 9⁴
