1988 3250
239 194 327 241 645
344 201 371 232 c
713 189 915 234 IOANN
917 188 975 232 IS
1014 185 1528 232 SARESBERIENSIS
1653 183 1765 245 [ΜΒ.
1780 196 1853 230 vn

386 314 478 354 tres
503 312 653 368 partes
682 309 924 361 distribuit,
945 309 1146 360 ethicam,
1167 308 1393 366 phisicam,
1415 309 1460 350 et
1490 305 1689 364 logicam,
1709 306 1756 349 id
1785 308 1855 349 est

386 379 598 423 moralem
610 379 860 422 naturalem
880 382 926 422 et
945 378 1219 428 rationalem,
1233 392 1320 434 qua
1333 373 1855 431 'uerumbdisterminatur

388 465 416 492 a
443 449 557 492 falso
577 452 623 492 et
642 449 736 492 sine
757 463 846 506 qua
865 448 1020 491 disseri
1041 449 1268 504 nequeunt
1288 461 1401 504 quae
1424 446 1497 489 uel
1521 446 1569 488 in
1589 446 1760 489 actione
1780 444 1854 488 uel

388 519 438 562 in
457 518 828 575 contemplatione
847 520 1095 560 uersantur.
1156 517 1348 559 Putatur
1368 531 1396 558 a
1414 515 1640 558 nonnullis
1668 515 1786 572 quod
1805 515 1855 557 in

389 587 745 646 peregrinatione
763 601 845 630 sua
872 586 1144 629 Hieremiam
1171 586 1433 642 prophetam
1453 584 1618 627 uiderit
1644 584 1856 627 audierit·
1873 599 1895 636 5

391 672 477 715 que
515 658 564 699 in
603 654 766 714 Egipto
815 658 861 699 et
908 655 1067 713 legerit
1116 655 1359 712 scripturas
1397 653 1689 711 propheticas
1768 652 1858 696 Sed

390 728 634 784 subputata
664 726 780 769 ratio
818 729 1080 782 temporum,
1112 739 1224 781 quae
1263 724 1312 766 in
1351 724 1536 767 cronicis
1575 723 1860 766 continentur

392 796 602 847 historiis,
637 795 764 839 docet
798 809 871 838 eos
905 809 1185 851 nequaquam
1219 797 1608 850 contemporaneos
1647 791 1868 844 extitisse„

349 873 379 914 d
394 880 494 909 cum
533 869 659 908 ortus
708 864 905 907 Platonis
943 864 1024 906 uix
1063 866 1227 906 etatem
1271 862 1394 905 illam
1433 861 1776 919 apprehenderit
1814 862 1861 904 et
1914 865 1917 868 '

391 934 763 977 interlabentibus
810 935 988 976 centum
1036 932 1165 975 annis
1210 934 1398 988 tempus,
1438 945 1526 987 quo
1574 929 1862 987 prophetauit
1877 947 1921 973 ιο

391 1003 613 1054 Ieremias,
633 1003 862 1060 attigerit;
892 1005 938 1045 et
964 1002 1209 1058 scripturae
1235 1000 1518 1058 propheticae
1544 1002 1646 1057 post
1672 1002 1861 1043 mortem

393 1073 592 1116 Platonis
630 1073 759 1115 annis
799 1071 938 1115 ferme
977 1071 1211 1128 sexaginta
1250 1074 1464 1128 regnante
1504 1069 1753 1120 Tholomeo,
1785 1068 1863 1127 qui

395 1141 648 1185 litterarum
696 1141 921 1185 studiosus
969 1155 998 1183 a
1036 1140 1304 1183 Ierosolimis
1345 1139 1631 1197 septuaginta
1672 1138 1864 1182 adsciuit

394 1212 670 1269 interpretes,
700 1211 912 1269 Egiptum
942 1210 1223 1253 intrauerint.
1283 1209 1446 1267 Opinio
1474 1212 1626 1252 tamen
1654 1208 1732 1251 illa
1761 1222 1862 1251 con-

394 1281 540 1324 ualuit
579 1281 684 1338 quia
722 1281 770 1323 in
809 1281 935 1323 libris
976 1280 1174 1322 Platonis
1212 1279 1506 1322 inueniuntur
1544 1278 1687 1322 multa
1732 1277 1863 1321 dictis
1882 1293 1922 1328 15

394 1365 586 1394 consona
605 1351 935 1408 prophetarum.
983 1349 1102 1392 Nam
1122 1349 1170 1391 in
1190 1349 1385 1401 Thimeo,
1406 1349 1513 1391 dum
1533 1362 1687 1391 causas
1706 1347 1863 1390 mundi

396 1420 605 1464 subtilius
620 1420 874 1477 inuestigat‚
886 1419 1122 1462 manifeste
1140 1419 1322 1462 uidetur
1336 1418 1582 1476 exprimere
1598 1417 1865 1460 Trinitatem

398 1504 511 1547 quae
541 1489 662 1532 Deus
691 1492 770 1539 est,
790 1489 1048 1532 efficientem
1078 1503 1255 1532 causam
1284 1488 1558 1542 constituens
1586 1487 1634 1530 in
1663 1486 1866 1544 potentia

398 1559 495 1610 Dei,
524 1559 572 1601 in
602 1559 821 1616 sapientia
849 1558 1092 1608 formalem,
1115 1558 1293 1601 finalem
1323 1558 1370 1600 in
1400 1557 1600 1601 bonitate
1630 1571 1742 1614 quae
1773 1556 1867 1599 sola

399 1628 580 1671 induxit
598 1642 700 1671 eum
719 1630 773 1670 ut
791 1642 965 1671 omnem
985 1629 1234 1670 creaturam
1253 1627 1467 1671 bonitatis
1481 1641 1587 1670 suae
1605 1625 1866 1683 participem
1885 1642 1928 1667 πο

245 1703 333 1752 646
354 1711 384 1742 a
401 1696 579 1748 faceret,
612 1700 746 1754 prout
784 1699 947 1739 natura
984 1696 1196 1753 cuiusque
1244 1710 1385 1753 capax
1435 1695 1726 1739 beatitudinis
1775 1710 1869 1739 esse

400 1770 559 1825 potest.
638 1766 783 1808 Vnam
832 1768 983 1809 tamen
1030 1765 1078 1808 in
1127 1766 1197 1809 his
1236 1765 1361 1809 uisus
1400 1768 1468 1809 est
1513 1765 1784 1809 intellexisse
1823 1767 1871 1808 et

401 1836 599 1880 docuisse
618 1835 926 1885 substantiam,
946 1835 1053 1878 dum
1077 1835 1277 1892 opificem
1303 1835 1611 1879 uniuersitatis
1637 1837 1683 1878 et
1706 1834 1869 1878 forma-

402 1910 544 1950 torem
565 1904 709 1948 Deum
737 1919 877 1947 unum
901 1918 993 1947 esse
1013 1905 1215 1958 asseruit,
1236 1920 1367 1962 quem
1387 1905 1444 1949 ob
1464 1905 1637 1964 insigne
1657 1905 1872 1949 bonitatis

409 2049 424 2076 1
452 2038 647 2086 physicam
667 2038 707 2074 M
876 2038 900 2075 6
925 2039 1065 2085 egypto
1084 2036 1189 2073 ΒΑΜ
1361 2047 1381 2083 7
1408 2040 1618 2086 supputata
1634 2038 1674 2075 M
1828 2033 1872 2076 ’8

404 2086 543 2123 istor-iis
561 2085 609 2123 S:
634 2084 814 2131 hystoriis
832 2085 905 2121 ΒΜ
1047 2095 1070 2131 9
1094 2097 1117 2121 a
1146 2084 1361 2122 rehenderit
1379 2085 1403 2122 S
1560 2097 1599 2124 11
1627 2085 1831 2125 iheremias
1847 2085 1873 2124 S

404 2133 562 2181 atigerit
578 2133 679 2170 038¹
850 2143 893 2179 14
916 2133 1099 2180 egyptum
1162 2146 1170 2169 :
1194 2135 1402 2181 aegyptum
1419 2133 1459 2169 M

453 2266 475 2300 4
501 2256 661 2291 Putatur
674 2256 767 2291 etc.:
794 2266 825 2290 v.
844 2254 939 2300 Aug.
961 2255 1004 2289 de
1029 2253 1067 2290 C.
1095 2254 1140 2291 D.
1158 2252 1235 2289 viii.
1261 2264 1297 2291 11
1316 2266 1324 2297 ς
1350 2266 1462 2300 quem
1485 2253 1611 2290 locum
1635 2249 1732 2290 citat
1754 2253 1875 2291 etiam

407 2301 640 2339 Abaelardus
673 2303 788 2338 Tract.
819 2303 862 2336 de
891 2302 1032 2337 unitate
1058 2307 1090 2337 et
1119 2303 1283 2337 trinitate
1307 2303 1437 2337 diuina
1462 2301 1520 2339 ed.
1547 2301 1726 2338 Stroelzle
1780 2329 1788 2338 .
1818 2312 1876 2347 11,

410 2351 527 2387 Theoi.
549 2350 683 2386 Christ.
701 2348 725 2386 i.
746 2351 854 2395 (Opp.
871 2348 928 2385 ed.
947 2347 1084 2384 Cousin
1103 2347 1142 2385 ii.
1162 2360 1196 2395 p.
1217 2348 1314 2394 394).
1485 2350 1528 2386 16
1553 2350 1649 2384 Nam
1667 2351 1707 2384 in
1784 2350 1876 2386 {meo

408 2401 504 2435 ete.:
548 2395 717 2433 Platonis
754 2397 894 2432 Timaei
926 2404 1006 2441 270
1040 2407 1141 2442 seqq.
1170 2395 1379 2433 versionem
1409 2407 1432 2432 a
1463 2395 1658 2433 chalcidio
1693 2395 1876 2443 scriptam

407 2443 579 2491 sequitur
598 2443 758 2481 Ioannes
771 2446 915 2498 poster.
967 2441 1185 2497 Notandum
1201 2445 1261 2498 eat
1273 2443 1367 2479 alios
1383 2443 1584 2498 Ίῖτὶηἰιαῦἰρ
1600 2443 1810 2499 imaginem
1835 2442 1878 2498 in
1958 2460 1960 2463 ·

409 2491 914 2592 Ῑῖῗᾷἒῖοῗῖἒῖἒὲῑῗὲῖἷωῖω
932 2493 972 2527 ‘³‘
987 2490 1879 2592 5‘3133252322533·g¹,‘gf}⁰g}{⁰ggg,¹,},¹frs2¹2‚}{¹{ff¹¹i¹g

409 2586 604 2623 Timaeum
634 2598 657 2623 a
686 2585 729 2622 V.
761 2586 900 2622 Cousm
933 2587 1036 2647 typis
1069 2597 1307 2622 commlusum
1340 2587 1380 2622 et
1408 2586 1600 2622 Willelmo
1633 2586 1679 2623 de
1716 2585 1880 2623 Conohin

410 2633 638 2671 attributum
659 2634 781 2677 (Oumu
805 2634 898 2669 inid.
923 2634 948 2669 d
963 2633 1120 2669 Abdara
1140 2645 1176 2680 p.
1198 2634 1266 2680 655
1284 2645 1292 2678 ;
1328 2634 1475 2679 Γναρηι.
1499 2635 1632 2671 Philas.
1651 2634 1708 2670 ed.
1731 2635 1817 2680 1865
1839 2632 1880 2670 ii.

412 2693 447 2729 p.
467 2683 572 2727 366):
599 2682 664 2717 Eut
683 2694 700 2715 ι
741 2683 837 2716 clem
853 2693 962 2716 cauea
979 2682 1110 2716 diuina
1127 2682 1279 2717 essentia
1306 2680 1537 2728 [9poeentia]‚
1553 2683 1730 2727 formalis
1749 2682 1882 2717 diuina

410 2741 451 2765 aa
480 2730 602 2770 {entim
612 2732 697 2774 flua
716 2731 747 2764 in
763 2730 894 2763 diuina
912 2729 1061 2764 bonitas.
1219 2738 1267 2765 20
1290 2733 1330 2764 ut
1347 2740 1485 2764 omnem
1502 2734 1706 2765 conaturam
1722 2731 1795 2770 etc.
1811 2740 1820 2765 x
1844 2740 1881 2766 v.

458 2779 510 2813 at.
534 2777 625 2812 Tim.
644 2786 689 2821 ²9
704 2784 728 2811 n
754 2775 792 2812 in
817 2774 1003 2811 chalcidii
1021 2774 1198 2812 versione.
1351 2786 1395 2822 23
1421 2778 1584 2823 opificem
1601 2777 1880 2813 uniuersitatis:

415 2823 510 2862 Plat.
532 2825 623 2861 Tim.
642 2825 720 2861 280
738 2822 779 2860 in
797 2823 927 2860 cadem
945 2822 1127 2860 versione.
