1988 3250
172 226 271 260 oAP.
283 214 429 276 xnn]
689 217 1127 264 POLICRATICVS
1655 222 1747 270 699
1767 232 1792 261 e

171 339 220 379 at
264 335 341 379 isti
379 336 649 395 singularem
688 338 952 395 magistrum
991 338 1158 380 habent
1204 337 1447 381 Dominum
1485 338 1636 382 Iesum

170 403 410 449 Christum.
488 406 612 450 Licet
650 409 800 450 autem
844 406 955 449 duas
994 406 1104 450 istas
1142 406 1448 464 professiones,
1487 408 1635 450 minus

169 477 320 518 tamen
341 489 475 532 quam
494 476 749 526 meruerint,
769 475 1182 526 commendauerim,
1202 476 1340 519 nichil
1360 476 1474 534 (Deo
1501 479 1633 532 teste)

167 543 216 586 in
256 544 614 601 suggillationem
661 545 848 588 aliorum
893 545 941 587 in
987 543 1336 602 professionibus
1378 545 1470 587 suis
1517 548 1633 587 recte

132 631 151 666 5
168 612 466 656 incedentium
505 613 683 671 protuli.
761 613 915 657 Sancti
954 616 1061 656 sunt
1107 613 1263 670 utique
1310 612 1633 664 Cistercienses‚
1649 615 1678 655 d

168 681 478 726 Cluniacenses
507 683 673 736 sancti3
699 683 841 726 sancti
871 683 1075 726 monachi
1099 685 1146 726 et
1169 683 1369 726 canonici
1397 682 1634 740 regulareS,

163 753 213 795 et
241 751 289 794 in
319 752 400 803 his,
427 752 543 796 sicut
569 752 697 795 stella
725 767 753 796 a
782 752 910 796 stella
936 753 1086 796 differt
1113 752 1161 795 in
1184 752 1400 804 claritate,
1424 755 1530 795 sunt
1555 752 1633 794 alii

165 820 266 864 aliis
297 822 536 865 sanctiores
549 836 559 874 3
595 824 640 865 et
673 822 876 878 quamuis
910 822 1227 879 professionem
1261 821 1476 879 professio
1509 825 1631 864 ante-

32 934 45 940 ,
165 890 304 941 cedat,
325 891 373 933 in
394 891 552 948 quauis
572 906 723 934 earum
745 890 862 934 forte
882 892 1160 948 reperientur
1179 892 1255 948 qui
1277 892 1448 949 possint
1468 891 1633 934 sanctis

109 977 151 1006 ιο
165 960 465 1017 superioribus
491 960 740 1017 adaequari.
800 960 935 1003 Plane
962 960 1187 1018 uirginum
1208 961 1378 1018 primus
1397 960 1563 1018 gradus
1587 964 1633 1003 et

164 1028 403 1087 singularis
441 1030 608 1087 gloriae
642 1030 804 1073 titulus
838 1034 905 1073 est
918 1044 928 1083 3
963 1030 1010 1072 in
1045 1030 1375 1073 continentibus
1406 1033 1556 1073 tamen
1586 1034 1633 1072 et

164 1098 412 1156 coniugatis
441 1098 559 1142 forte
586 1102 692 1142 sunt
717 1099 855 1156 aliqui
880 1099 1035 1142 multis
1062 1099 1314 1156 uirginibus
1340 1098 1631 1156 praeferendi.

165 1167 502 1212 Confessoribus
535 1171 755 1226 martyres
794 1168 1107 1226 praeferendos
1145 1169 1362 1212 catholica
1396 1169 1634 1212 confitetur

165 1237 381 1290 Ecclesia3
411 1241 457 1281 et
471 1240 621 1281 tamen
637 1238 872 1282 nonnullos
888 1237 1158 1282 confessores
1179 1238 1402 1295 aliquibus
1422 1238 1632 1295 martyri-

20 1300 35 1334 ‘³
108 1315 148 1352 16
166 1306 248 1350 bus
277 1306 393 1350 forte
420 1307 537 1364 quod
567 1308 624 1350 ad
653 1307 822 1365 aliquid
850 1322 940 1350 non
972 1307 1199 1351 uerebitur
1225 1322 1477 1364 coaequare.
1537 1306 1632 1350 Nec

165 1378 232 1420 est
267 1376 384 1434 quod
417 1391 464 1420 se
495 1377 657 1434 aliquis
686 1377 949 1421 secularium
979 1377 1065 1420 mei
1100 1377 1267 1421 scilicet
1298 1377 1510 1420 similium
1540 1377 1630 1420 iam

163 1446 294 1491 dictis
326 1445 674 1504 professionibus
709 1447 921 1498 conferat,
953 1447 1058 1504 quia
1090 1447 1170 1490 uix
1210 1450 1278 1490 est
1317 1450 1370 1490 ut
1409 1447 1628 1504 quispiam
1646 1465 1730 1506 700
1751 1467 1781 1494 a

163 1514 268 1560 talis
298 1516 370 1559 uel
405 1516 571 1574 ignauo
605 1516 832 1561 cenobitae
867 1517 1007 1574 possit
1037 1517 1231 1574 aequari.
1291 1516 1340 1559 Si
1376 1517 1475 1574 quis
1510 1517 1627 1560 enim

4 1632 11 1655 ὃ
162 1585 211 1629 in
229 1585 356 1629 nobis
375 1601 403 1629 a
424 1585 697 1643 Septembris
718 1586 873 1630 Idibus
893 1601 1032 1643 usque
1053 1587 1110 1629 ad
1132 1586 1300 1630 Pascha
1320 1586 1488 1629 ieiunet
1507 1587 1628 1629 omni

7 1629 36 1690 l·
101 1663 149 1691 ³0
163 1655 248 1708 die,
261 1655 490 1700 nocturnis
504 1656 614 1699 assit
629 1656 808 1714 uigiliis,
824 1656 989 1714 iugiter
1010 1656 1233 1699 abstineat
1247 1656 1305 1699 ab
1320 1670 1398 1698 esu
1417 1656 1630 1707 carnium,

0 1723 37 1784 ἨΞ
163 1729 336 1770 omnem
355 1725 541 1768 Veneris
568 1725 897 1769 immunditiam
923 1725 1104 1775 nesciat,
1128 1725 1250 1768 horis
1275 1725 1628 1782 competentibus

161 1808 403 1852 numquam
430 1793 547 1837 desit
573 1798 653 1838 aut
679 1809 781 1838 raro
808 1798 853 1838 et
876 1795 958 1839 hoc
985 1809 1042 1838 ex
1067 1795 1186 1838 iusta
1209 1809 1353 1845 causa,
1373 1794 1628 1838 sobrietatis

161 1864 324 1909 limites
356 1879 446 1908 non
478 1864 674 1915 excedat,
702 1867 879 1907 cautam
911 1867 1050 1921 ponat
1080 1864 1247 1907 silentii
1282 1864 1529 1908 custodiam
1559 1864 1626 1908 ori

161 1947 251 1986 suo,
275 1936 321 1978 et
346 1933 529 1977 diurnos
563 1948 767 1977 excefflus
801 1934 947 1977 deleat
982 1933 1287 1977 satisfactione
1317 1934 1551 1984 cotidiana,
1581 1939 1628 1978 et

103 2013 148 2051 25
161 2003 278 2060 quod
296 2003 567 2065 praecipitur
586 2003 896 2047 incunctanter
916 2007 962 2046 et
982 2004 1076 2046 sine
1101 2018 1224 2046 mora
1252 2004 1443 2060 expleat,
1464 2006 1510 2046 et
1537 2018 1627 2046 non

160 2072 290 2117 modo
337 2071 574 2116 uerborum
623 2071 700 2115 sed
744 2076 790 2116 et
833 2073 1068 2116 uerberum
1112 2073 1399 2116 acrimoniam
1444 2073 1628 2116 sufferat

159 2141 380 2199 patienter
404 2144 457 2184 ut
483 2156 630 2185 coram
656 2141 869 2185 tondente
893 2157 940 2185 se
959 2142 1257 2194 obmutescat3
1288 2142 1388 2199 quis
1415 2157 1504 2185 non
1525 2157 1626 2185 eum

159 2237 183 2272 4
206 2226 472 2274 suggillatione
489 2228 528 2264 M
649 2229 670 2264 8
695 2227 984 2275 professionem]
1003 2227 1234 2274 professione
1253 2228 1291 2264 Μ
1405 2238 1428 2274 9
1453 2228 1626 2274 repperi-

160 2276 271 2312 entur
286 2275 319 2312 A
463 2286 504 2321 13
530 2275 706 2313 martires
722 2275 780 2311 AS
887 2275 1139 2323 praeferendo
1157 2276 1195 2312 Μ
1356 2286 1408 2321 14,
1433 2285 1471 2323 15
1499 2276 1627 2312 marti·

159 2321 259 2358 ribus
274 2321 334 2358 AS
475 2333 522 2359 20
545 2323 626 2370 esu]
646 2335 713 2359 usu
733 2322 773 2359 M

213 2407 221 2432 ι
255 2399 332 2433 “s-i:
355 2409 406 2434 sc.
432 2392 775 2435 Grandimontani(
926 2400 1147 2444 simularem
1172 2401 1266 2436 etc.:
1301 2397 1350 2436 cf.
1374 2410 1488 2444 supra
1512 2399 1582 2444 698
1598 2409 1624 2434 Β

157 2444 343 2482 Salvator-e
370 2446 535 2490 praeuio.
586 2445 631 2481 In
661 2444 754 2482 Vita
783 2445 818 2482 S.
848 2444 1043 2492 Stephani,
1071 2446 1183 2482 istius
1215 2445 1367 2482 Ordinis
1394 2445 1620 2489 fundatoris,

159 2490 306 2546 §Migne
321 2493 362 2528 P.
378 2493 421 2528 L.
440 2492 530 2529 cciv.
547 2503 632 2529 1021
642 2495 758 2539 seqq.)
777 2493 941 2540 legimus
958 2493 1067 2529 illum
1085 2505 1108 2529 a
1125 2493 1379 2530 cardinalibus
1396 2493 1622 2539 quibusdam

156 2540 299 2575 interro
349 2540 432 2575 tum
455 2550 494 2576 se
518 2551 588 2577 nec
614 2540 838 2577 canonicum
863 2552 934 2577 nec
961 2541 1191 2577 monachum
1220 2553 1290 2578 nec
1320 2540 1518 2578 eremitam
1543 2552 1622 2578 esse

156 2550 1100 2682 ἓέἓῖιὲωαέἓὲεἶῖῃῗῖἕᾟῗηέἓήῗὲῗὲἷῖ,ἓέἔαιῖἓ
1127 2587 1232 2673 ’ἒὲἒὲ
1259 2588 1623 2672 'afficitis‘

157 2687 178 2724 7
203 2681 307 2716 stella
322 2681 415 2716 etc.:
440 2692 470 2716 v.
494 2691 507 2717 1
527 2680 609 2718 Cor.
627 2694 685 2718 xv.
702 2693 759 2727 41.
858 2693 902 2719 12
917 2684 1020 2729 sorte
1035 2688 1122 2719 eunt
1138 2685 1255 2730 aliqui
1271 2686 1395 2721 multis
1416 2685 1622 2729 uir-pinibus

151 2728 409 2773 praeferendi:
436 2726 540 2766 Haec
556 2729 670 2766 verba
691 2729 837 2767 notavit
853 2730 1043 2767 Parkerus
1059 2730 1101 2766 in
1119 2730 1202 2767 cod.
1219 2730 1258 2767 C.
1384 2741 1436 2777 19,
1456 2741 1502 2766 20
1526 2743 1550 2766 a
1566 2732 1622 2766 Se-

150 2774 323 2827 ptemlmls
338 2775 463 2810 Idibus
477 2787 586 2822 usque
602 2778 650 2812 ad
666 2778 805 2813 Pascha
821 2779 957 2813 ieiunet
972 2780 1071 2813 omni
1087 2780 1146 2813 die
1161 2790 1170 2813 ε
1195 2790 1245 2815 sc.
1263 2789 1381 2824 usque
1398 2778 1449 2814 ad
1466 2789 1621 2819 nonam,

156 2831 198 2856 m
221 2821 506 2867 quadragesima
531 2834 616 2860 vero
639 2835 758 2870 usque
783 2824 832 2860 ad
855 2836 1074 2871 vesperam3
1100 2837 1132 2860 v.
1159 2824 1194 2861 S.
1222 2825 1366 2862 Bened.
1387 2827 1472 2870 Rey.
1502 2837 1533 2860 c.
1562 2835 1621 2869 41.

158 2877 203 2914 23
221 2873 337 2915 ponae
354 2870 448 2906 etc.:
472 2880 505 2906 v.
522 2869 578 2913 Ps,
596 2871 669 2907 cxl.
687 2882 720 2917 3.
867 2881 913 2917 27
940 2883 1059 2908 coram
1076 2874 1240 2909 tondente
1256 2875 1327 2909 etc.
1343 2883 1353 2908 ι
1379 2885 1413 2910 v.
1432 2872 1478 2908 Is.
1495 2871 1567 2908 liii.
1586 2882 1618 2917 7.

1449 2943 1514 2979 ²07
