1988 3250
176 208 276 246 mr.
288 202 358 258 VI]
681 198 1119 244 POLICRA'I'ICVS
1655 208 1738 250 730
1758 208 1790 238 a

173 320 308 364 batur
325 319 383 362 ab
402 318 651 376 hospitibus
669 318 813 375 excipi
833 318 1008 374 letoque
1027 317 1288 360 intuebatur
1306 318 1455 362 animo
1474 318 1635 362 Attha-

173 389 268 433 licis
288 388 427 432 auleis
447 388 494 430 in
517 387 715 430 aduentu
735 401 815 429 suo
835 390 1057 430 contectos
1076 386 1279 444 parietes,
1303 390 1349 429 et
1368 388 1636 430 immanibus
1653 390 1683 429 b

173 458 314 516 epulis
345 457 472 500 ludos
503 456 865 513 apparatissimos
898 455 1074 498 sinebat
1104 455 1340 512 interponi,
1360 458 1405 498 et
1435 456 1482 498 in
1512 459 1637 499 ueste

172 527 368 585 palmata
387 526 593 570 conuiuia
612 525 873 575 celebrabat,
885 524 1175 580 dimissasque
1199 524 1482 567 lacunaribus
1502 525 1638 567 uelud

135 611 156 650 3
173 596 322 640 celesti
356 595 500 653 capite
534 595 773 652 recipiebat
803 608 996 638 coronas.
1057 593 1116 636 Et
1150 593 1227 636 ubi
1262 593 1382 636 ista‘l
1452 594 1555 636 Non
1590 594 1638 635 in

172 665 330 708 Grecia
355 679 496 721 neque
521 664 568 706 in
589 664 709 714 Asia,
730 678 917 720 quarum
948 662 1129 705 luxuria
1158 662 1230 705 uel
1257 662 1398 719 ipsam
1426 662 1638 705 seuerita-

170 735 260 777 tem
281 748 558 791 corrumpere
582 733 704 784 solet,
724 733 801 776 sed
825 732 871 775 in
901 732 1082 775 horrida
1106 734 1152 774 et
1178 731 1384 774 bellicosa
1408 732 1639 788 prouincia

170 806 217 846 et
236 817 348 860 quae
368 804 667 846 Romanorum
688 802 961 846 exercituum
977 802 1126 845 oculos
1146 801 1372 844 Lusitanis
1392 801 1493 844 telis
1513 815 1637 858 prae-

170 872 388 930 stringere
422 872 662 916 consueuit.
733 872 893 914 Xerses
921 885 1055 927 opum
1086 870 1308 927 regiarum
1340 870 1638 913 ostentatione

113 961 156 989 10
171 941 335 984 eximia
364 956 416 985 eo
445 955 583 998 usque
613 940 792 986 luxuria
813 939 1038 997 gaudebat
1064 942 1116 984 ut
1146 939 1290 983 edicto
1319 939 1565 997 praemium
1597 940 1637 982 ei

171 1013 435 1068 proponeret
462 1010 538 1068 qui
565 1025 730 1056 nouum
757 1010 1004 1067 uoluptatis
1027 1023 1167 1067 genus
1188 1009 1463 1066 repperisset,
1484 1023 1572 1066 qua
1593 1014 1639 1052 et

171 1079 339 1122 deliciis
367 1079 474 1122 dum
503 1079 636 1122 nimis
665 1078 850 1136 capitur,
881 1093 981 1122 cum
1008 1078 1270 1135 amplissimi
1301 1078 1432 1120 ruina
1463 1078 1637 1134 imperii

171 1148 290 1206 apud
311 1148 581 1192 Salaminam
602 1148 682 1190 uix
712 1162 802 1190 una
831 1162 946 1193 naue
976 1147 1130 1190 euasit.
1191 1147 1291 1199 Sed,
1313 1148 1418 1204 quia
1438 1147 1637 1190 luxurio-

171 1232 269 1261 sum
299 1218 526 1261 muliebris
563 1217 932 1274 intemperantiae
964 1216 1220 1260 conuiuium
1256 1217 1375 1274 apud
1408 1217 1636 1259 Maronem

114 1304 154 1340 15
172 1286 390 1345 accepisti,
414 1286 669 1344 frugalioris
689 1301 865 1330 mensae
886 1287 1170 1330 sobrietatem
1198 1288 1244 1331 et
1267 1286 1635 1329 continentiorem
1655 1299 1681 1328 c

169 1358 316 1400 cetum
350 1355 471 1399 Enea
505 1355 623 1413 apud
657 1355 915 1398 Euandrum
950 1355 1092 1399 officio
1124 1355 1418 1398 humanitatis
1452 1359 1638 1412 excepto

169 1424 378 1468 inuenies.
438 1424 666 1482 Siquidem
687 1423 1031 1468 confederantur
1050 1424 1150 1475 uiri,
1166 1439 1245 1467 rex
1265 1424 1386 1481 pacis
1406 1425 1636 1467 dexteram

168 1494 259 1545 dat,
278 1493 570 1537 humanitatis
589 1494 727 1537 uerba
746 1494 1086 1538 officiosissimus
1107 1494 1264 1551 hospes
1285 1493 1604 1551 praeloquitur.

228 1595 350 1639 Haec
379 1595 456 1639 ubi
486 1595 616 1647 dicta,
646 1596 781 1654 dapes
809 1596 934 1640 iubet
962 1599 1008 1639 et
1037 1596 1214 1639 sublata
1244 1595 1397 1663 reponi

111 1672 156 1701 ²0
287 1654 397 1705 cula,
426 1654 740 1711 gramineoque
769 1655 890 1698 uiros
919 1655 1035 1698 locat
1065 1655 1158 1711 ipse
1188 1654 1327 1698 sedih.

229 1668 608 1779 ffiaecipuumque
638 1713 769 1780 thoro
799 1716 851 1780 et·
874 1713 1021 1780 uillosi
1051 1713 1165 1772 pelle
1196 1712 1335 1757 leonis

227 1770 1371 1886 ffifflfoeiff³12¹3032ss¹0333223¹‘ssssoeafffiffssaceffloe

226 1886 396 1929 uiscera
425 1890 543 1930 tosta
572 1886 726 1930 ferunt
754 1891 996 1939 taurorum,
1025 1891 1299 1944 onerantque
1328 1887 1535 1930 canistris

112 1957 152 1992 ²5
229 1943 345 1987 dona
373 1944 599 1988 laboratae
629 1944 818 1999 Cereris,
848 1946 1131 2002 Bachumque
1160 1946 1432 1989 ministrant.

228 2001 433 2045 Vescitur
463 2002 616 2055 Eneas‚
646 2003 777 2051 simul
808 2007 853 2048 et
883 2004 1074 2047 Troiana
1103 2004 1326 2059 iuuentus,

227 2060 430 2117 perpetui
460 2063 586 2119 tergo
614 2061 742 2105 bouis
771 2065 817 2105 et
846 2062 1107 2109 lustralibus
1136 2062 1264 2105 extis.

171 2161 243 2205 Ibi
273 2164 431 2205 cuncta
460 2165 566 2205 sunt
591 2177 726 2207 aurea
753 2167 798 2208 et
822 2164 1031 2207 uniuersa
1055 2179 1135 2207 suo
1159 2165 1303 2208 nitore
1327 2164 1635 2222 praefulgent;

170 2230 243 2274 hic
282 2230 416 2273 sedile
453 2231 741 2288 gramineum,
773 2248 981 2277 acernum
1021 2233 1193 2283 solium,
1228 2237 1274 2276 et
1313 2233 1445 2291 (quae
1486 2235 1635 2277 uirum

111 2315 155 2349 30
170 2299 333 2342 fortem
347 2299 514 2357 deceat)
530 2301 706 2357 spoliati
723 2303 862 2346 leonis
876 2303 1004 2360 pellis
1018 2303 1188 2346 uillosa.
1232 2303 1318 2346 Hic
1334 2303 1435 2346 lecti
1453 2304 1635 2347 iuuenes
1652 2308 1681 2349 d

171 2368 426 2419 necessaria,
455 2368 518 2412 ibi
544 2369 739 2414 famulae
765 2373 988 2429 superflua
1014 2376 1060 2415 et
1087 2373 1332 2430 perniciosa
1363 2373 1634 2416 ministrant.

171 2437 242 2479 Ibi
269 2437 347 2479 uix
379 2437 559 2484 tandem
588 2439 645 2482 ab
675 2441 816 2498 epulis
846 2442 970 2498 quies
999 2442 1283 2499 indulgetur;
1318 2442 1389 2486 hic
1422 2442 1638 2486 eximitur

175 2556 218 2583 12
243 2545 476 2592 amplissima
492 2546 532 2585 M
676 2550 718 2586 18
742 2549 1032 2588 officiosissimus
1048 2551 1164 2588 uerba
1180 2550 1236 2588 M¹

219 2659 242 2695 9
266 2650 398 2685 Xerses
412 2650 505 2686 etc.2
531 2662 564 2685 v.
580 2649 663 2686 val.
681 2651 781 2688 Max.
799 2651 849 2688 ix.
868 2663 898 2690 ι.
915 2653 990 2689 ext.
1006 2662 1038 2698 3.
1171 2663 1210 2690 11
1239 2666 1310 2700 qua
1326 2667 1334 2690 :
1361 2666 1411 2691 sc.
1429 2656 1635 2700 uoluptate:

170 2701 308 2744 quanta
326 2697 388 2741 (sc.
408 2699 535 2738 ruina)
552 2697 637 2735 Val.
655 2697 756 2734 Max.
912 2710 953 2745 13
978 2702 1080 2746 apud
1094 2701 1323 2737 Salaminam
1339 2704 1408 2737 uix
1423 2714 1500 2737 una
1518 2714 1634 2738 naue:

171 2755 247 2780 non
264 2743 379 2780 habet
395 2742 475 2779 Val.
492 2743 592 2781 Max.
619 2791 627 2798 .
700 2755 742 2791 ¹9
767 2747 866 2782 Haec
881 2748 945 2782 ubi
968 2749 1065 2783 dicta
1082 2750 1179 2785 etc-2
1205 2748 1316 2796 Verg.
1335 2751 1425 2785 Aen.
1444 2748 1523 2785 viii.
1546 2759 1636 2803 175-

174 2794 252 2837 183.
327 2837 335 2844 ·
442 2792 488 2844 218
511 2792 591 2828 lbi:
617 2792 746 2830 1.e.in
764 2792 923 2830 Didonis
939 2794 1120 2831 convivio.
1330 2806 1376 2842 29
1399 2798 1478 2832 hic:
1504 2795 1529 2832 i.
1541 2808 1573 2833 e.
1591 2809 1635 2833 m

172 2837 338 2875 Evandri
363 2838 539 2875 connvio.

1463 2913 1525 2947 261
