1988 3250
195 213 292 248 oar.
308 198 379 262 x1]
705 200 1108 248 POLICRATIOV
1109 202 1143 247 S
1676 212 1754 257 755
1771 215 1805 246 a

195 321 475 365 nominamus
494 334 574 364 nec
593 320 709 364 bona
727 334 808 364 nec
827 319 945 363 mala
960 322 1067 364 sunt
1081 321 1170 372 sed,
1189 321 1324 365 uelud
1344 322 1391 364 in
1411 323 1660 367 meditullio

194 390 350 448 posita,
369 404 454 433 usu
474 391 521 432 et
540 392 704 433 euentu
727 389 800 432 uel
821 389 937 432 bona
955 389 1028 432 uel
1047 389 1167 432 mala
1192 391 1320 442 fiunt,
1341 391 1407 434 ita
1433 395 1479 435 et
1498 407 1659 437 uxores
1673 391 1704 431 b

194 459 307 503 sitas
333 459 382 502 in
416 459 630 502 bonorum
669 457 943 501 malorumue
974 458 1178 502 confinio.
1250 459 1397 503 Graue
1427 475 1531 518 ergo
1566 477 1659 506 esse

195 529 294 572 uiro
322 527 513 585 sapienti
543 527 696 571 uenire
728 526 776 569 in
818 526 1004 570 dubium
1033 530 1187 570 utrum
1216 528 1378 571 bonam
1408 544 1467 572 an
1496 531 1662 573 malam

152 615 174 652 5
193 597 406 641 ducturus
436 596 508 640 sit.
568 596 618 639 Si
648 610 753 654 ergo
782 598 911 639 tanta
937 597 1005 639 est
1031 596 1234 640 molestia
1252 598 1524 654 nuptiarum,
1546 613 1661 655 quae

190 666 479 725 proculdubio
517 666 658 709 bonae
692 667 798 709 sunt
833 667 880 708 et
913 679 942 708 a
980 665 1172 708 Domino
1208 665 1454 717 institutae,
1493 669 1546 710 ut
1585 682 1660 711 eas

192 736 368 793 sapiens
387 735 658 786 reformidet,
678 735 778 792 quis
797 735 883 778 nisi
904 734 1085 778 demens
1104 734 1246 792 ipsam
1282 736 1498 792 approbet
1531 736 1658 780 uolu-

190 808 360 863 ptatem
381 819 494 862 quae
514 805 670 848 illicita
690 807 759 848 est
787 806 833 848 et
862 807 958 848 tota
988 807 1195 847 uersatur
1219 804 1267 846 in
1287 804 1502 855 sordibus,
1523 820 1658 862 quam

189 874 388 918 homines
406 874 590 931 culpant
609 876 656 917 et
674 874 796 917 Deus
815 873 1104 931 proculdubio
1119 874 1492 931 condempnabit‘i
1537 875 1658 918 Nam

131 962 173 988 10
188 957 288 988 cum
309 944 392 987 hae
411 943 524 986 duae
544 943 796 1000 uoluptates
822 942 989 986 scilicet
1016 942 1147 1000 gulas
1167 945 1213 986 et
1233 943 1418 986 Veneris
1443 944 1657 1000 quodam-

189 1013 320 1056 modo
350 1013 582 1056 brutorum
611 1013 713 1063 sint,
743 1013 884 1056 altera
912 1012 1033 1070 porci
1063 1012 1394 1056 immunditiam
1434 1014 1576 1057 altera
1610 1016 1657 1057 et

188 1083 300 1127 hirci
340 1083 521 1127 uidetur
558 1083 720 1126 habere
765 1082 965 1126 fetorem.
1023 1083 1087 1126 Vt
1126 1083 1244 1126 enim
1284 1083 1500 1142 pudicitia
1539 1084 1658 1126 inter

189 1152 380 1196 uirtutes
404 1153 579 1206 eminet,
598 1153 660 1196 sic
690 1152 939 1210 petulantia
959 1153 1006 1195 in
1026 1152 1151 1196 uitiis
1172 1153 1469 1196 abiectissima
1489 1156 1580 1205 est;
1610 1155 1657 1196 et

189 1236 290 1266 cum
315 1222 394 1266 illa
419 1225 657 1279 utrumque
681 1222 834 1265 deceat
863 1236 1031 1274 sexum,
1051 1222 1311 1266 muliebrem
1331 1224 1482 1266 tamen
1511 1222 1656 1279 magis

130 1306 172 1344 ¹5
190 1294 388 1335 exornat.
466 1291 694 1348 Siquidem
732 1290 975 1335 doctissimi
1019 1291 1107 1334 uiri
1147 1306 1237 1336 uox
1276 1295 1344 1336 est
1391 1292 1653 1349 pudicitiam

189 1361 407 1419 imprimis
438 1376 531 1405 esse
564 1360 854 1413 retinendam,
874 1375 963 1418 qua
993 1360 1156 1404 amissa
1190 1361 1334 1404 omnis
1367 1361 1516 1405 uirtus
1550 1361 1653 1405 ruit.
1671 1368 1697 1399 c

188 1429 244 1474 In
273 1431 356 1475 hac
383 1430 666 1474 muliebrium
692 1430 915 1473 uirtutum
945 1430 1222 1488 principatus
1251 1433 1332 1475 est.
1393 1431 1515 1474 Haec
1544 1445 1654 1488 pau-

186 1513 334 1558 perem
379 1499 667 1551 commendat,
706 1499 892 1543 diuitem
942 1500 1129 1551 extollit,
1169 1499 1412 1544 deformem
1462 1500 1654 1553 redimit,

187 1571 374 1613 exornat
407 1569 648 1627 pulchram.
709 1569 828 1612 Bene
859 1572 1055 1612 meretur
1089 1570 1143 1613 de
1183 1570 1425 1613 maioribus
1464 1584 1653 1627 quorum

126 1655 171 1682 ιο
187 1639 446 1697 sanguinem
461 1638 608 1682 sobole
628 1638 802 1682 furtiua
821 1653 910 1682 non
930 1638 1087 1692 uitiat;
1117 1639 1228 1683 bene
1249 1639 1303 1684 de
1324 1639 1474 1683 liberis
1491 1640 1654 1696 quibus

186 1722 266 1752 nec
286 1707 341 1751 de
360 1710 503 1751 matre
523 1707 867 1753 erubescendum
892 1723 972 1752 nec
1004 1708 1058 1752 de
1087 1712 1215 1768 patre
1245 1709 1542 1752 dubitandum
1562 1712 1654 1762 est3

185 1776 296 1820 bene
326 1777 544 1835 imprimis
582 1777 637 1821 de
671 1792 717 1821 se
749 1792 882 1835 quam
917 1793 944 1822 a
978 1779 1246 1823 contumelia
1284 1779 1418 1822 alieni
1458 1779 1653 1836 corporis

186 1846 403 1890 uendicat.
463 1846 754 1904 Captiuitatis
774 1847 899 1890 nulla
918 1848 1061 1891 maior
1079 1848 1309 1892 calamitas
1337 1851 1404 1891 est
1434 1863 1567 1905 quam
1595 1848 1654 1891 ad

188 1914 378 1960 alienam
411 1915 640 1959 libidinem
674 1916 806 1963 trahi.
882 1916 1013 1960 Viros
1047 1917 1298 1961 consulatos
1332 1917 1530 1961 illustrat
1564 1918 1651 1961 elo-

127 1997 170 2033 τε
190 1984 382 2041 quentia,
430 1985 478 2027 in
526 2000 686 2031 nomen
735 1989 937 2029 eternum
987 1986 1205 2030 transfert
1252 1987 1395 2045 gloria
1443 1987 1651 2030 militaris

189 2053 523 2114 triumphosque
556 2069 699 2098 nouae
736 2055 884 2115 gentis
922 2060 1172 2108 consecrat3
1213 2056 1357 2100 multa
1390 2060 1497 2100 sunt
1531 2072 1645 2114 quae

185 2135 266 2180 per
295 2137 341 2166 se
375 2122 493 2166 clara
520 2123 699 2181 ingenia
733 2124 993 2178 nobilitent3
1025 2125 1261 2168 mulierum
1292 2126 1468 2183 proprie
1502 2127 1649 2169 uirtus

185 2190 400 2248 pudicitia
419 2195 498 2236 est.
554 2193 803 2237 Ieronimus
823 2195 951 2238 testis
978 2198 1046 2238 est
1075 2195 1205 2252 quod,
1226 2198 1465 2252 antequam
1493 2195 1649 2253 religio
1665 2198 1695 2240 d

187 2258 442 2304 Christiana
470 2261 663 2320 fulgeret
692 2263 740 2306 in
768 2264 948 2317 mundo,
978 2264 1192 2308 unicubas
1231 2279 1405 2323 semper
1442 2265 1650 2309 habuisse

180 2393 209 2430 >7
234 2384 370 2432 ipsam]
389 2397 472 2426 eam
489 2387 529 2424 M
685 2399 708 2436 9
730 2389 999 2429 condemnabit
1016 2390 1045 2428 O
1211 2402 1253 2429 12
1278 2390 1386 2440 hyrci
1402 2391 1443 2428 M
1606 2403 1651 2440 19

187 2433 358 2479 pulcram
375 2432 434 2470 As
575 2444 621 2480 24
646 2437 838 2475 consultos
856 2438 902 2474 Βι

237 2559 276 2606 15
303 2553 498 2591 doctissimi
513 2557 584 2592 etc.
601 2567 718 2603 usque
735 2558 784 2595 ad
805 2560 989 2606 pudicitia
1014 2564 1087 2596 est:
1126 2558 1281 2597 Hieron.
1307 2562 1385 2596 adv.
1410 2562 1526 2598 Iovin.
1551 2560 1576 2598 i.
1601 2571 1648 2607 49

187 2598 334 2655 (Magne
351 2601 391 2635 P.
408 2602 452 2637 L.
470 2602 575 2639 xxiii.
591 2606 670 2648 281,
689 2606 789 2651 282).
962 2617 1007 2651 24
1039 2608 1143 2643 Viros
1157 2610 1230 2644 etc.
1248 2619 1365 2654 usquc
1383 2608 1431 2646 ad
1449 2615 1645 2645 consecrat:

191 2646 295 2703 Viros
306 2649 511 2703 consulatus
522 2652 681 2687 illustrat
689 2665 703 2697 ;
720 2654 917 2700 eloquentia
933 2655 974 2690 in
991 2665 1119 2690 nomen
1134 2660 1321 2691 aeternum
1333 2657 1433 2700 qffert
1444 2669 1458 2700 ,·
1474 2658 1649 2692 militaris

186 2694 304 2747 ylorigt
328 2697 596 2744 triumphusque
619 2710 734 2735 nouae
757 2702 872 2746 yemis
897 2706 1075 2737 consecrat
1100 2700 1254 2739 Hieron.
1315 2705 1537 2738 cumulatos:
1563 2703 1588 2740 i.
1602 2715 1647 2749 e.,

187 2742 233 2796 ut
250 2740 414 2794 ‚videtum
442 2746 601 2798 cqnsules
614 2747 757 2790 factos:
798 2747 862 2784 sed
890 2747 1118 2784 uocabulum
1152 2760 1199 2786 ex
1233 2760 1358 2786 errore
1395 2752 1462 2786 aut
1494 2750 1647 2788 Ioannis

186 2799 303 2834 ips1us
321 2790 388 2824 aut
409 2791 600 2836 scriptoris
616 2792 754 2829 codicis
770 2805 882 2839 quem
899 2797 1049 2831 secutus
1067 2798 1125 2832 est
1142 2795 1244 2832 haud
1261 2795 1395 2834 dubito
1413 2799 1537 2834 ortum
1554 2809 1647 2835 esse.

189 2837 233 2872 28
259 2840 450 2882 antequam
467 2839 540 2876 etc.
557 2850 673 2886 usque
691 2841 739 2877 ad
756 2843 935 2878 desinere:
962 2841 1118 2879 Hieron.
1135 2842 1162 2881 1.
1175 2853 1206 2879 c.

234 2905 315 2925 wnn
333 2906 354 2926 11
862 2911 890 2939 B
916 2911 939 2938 r
1469 2916 1536 2950 30⁵
