1988 3250
189 254 288 287 cAP.
306 240 407 302 xxt]
698 241 1137 286 POLICRATICVS
1668 263 1757 314 595
1776 270 1806 300 a

187 360 319 404 rebus
337 359 638 404 ecclesiasticis
663 359 828 416 legitur
846 359 1067 402 attributa
1086 359 1288 404 facultas.
1348 361 1476 405 Esset
1493 362 1650 418 utique

187 443 319 473 uerae
364 428 589 486 religionis
635 428 860 479 indicium,
899 429 939 472 si
985 429 1043 471 ab
1088 429 1209 472 illius
1251 430 1315 472 rei
1361 431 1650 487 dispositione

187 500 485 555 temperarent
515 511 648 554 quam
679 497 777 548 sibi,
806 497 997 540 Domino
1026 498 1299 555 prohibente,
1329 501 1522 542 tractare
1561 515 1650 543 non

188 568 302 612 licet.
360 566 448 610 Sed
482 581 562 610 nec
593 566 648 610 de
683 567 852 624 rapinis
883 569 989 621 (non
1019 567 1117 610 dico
1149 568 1428 611 eeclesiarum
1464 569 1541 612 sed
1573 584 1652 613 nec
1669 571 1699 610 b

151 655 171 689 ε
189 650 561 694 quorumcumque
590 636 805 692 fidelium)
836 651 998 679 munus
1027 636 1346 693 hospitalitatis
1379 636 1652 694 implendum

189 706 391 756 arbitror,
410 705 516 762 quia
548 720 708 763 panem
738 706 1000 763 sacrilegum
1032 706 1128 749 odit
1159 705 1280 749 Deus
1310 709 1356 749 et
1390 710 1655 763 aspernatur

189 775 432 820 oblationes
469 789 582 831 quae
618 775 869 818 offeruntur
908 790 965 818 ex
999 776 1215 833 sanguine
1250 779 1307 826 et,
1345 777 1551 833 quotiens
1587 777 1654 819 in-

190 846 375 888 uocatur
408 859 436 887 a
466 844 642 895 talibus,
672 844 842 888 claudit
874 859 1003 888 aures
1037 860 1140 888 suas
1172 847 1225 888 ut
1256 860 1345 888 non
1377 849 1563 903 pateant
1597 846 1654 888 ad

179 929 340 973 ¹preces
376 928 539 957 eorum.
617 913 685 958 De
723 914 808 967 his,
845 929 959 972 quae
998 915 1046 957 in
1086 914 1291 958 fraudem
1330 916 1530 959 iustitiae
1570 916 1653 959 Dei

136 1003 177 1028 ιο
190 984 531 1030 committuntur
556 998 584 1026 a
602 983 779 1035 talibus,
799 984 855 1027 ad
883 999 1089 1042 praesens
1115 999 1394 1042 nequaquam
1419 1000 1562 1028 sermo
1589 989 1657 1028 est

191 1053 448 1105 institutus;
478 1053 582 1096 licet
607 1054 786 1097 omnino
810 1053 1013 1110 iniquum
1039 1053 1100 1097 sit
1127 1054 1243 1111 quod
1272 1069 1420 1098 amore
1444 1054 1655 1112 pecuniae

191 1122 327 1166 illecti
346 1122 558 1173 ecelesias,
579 1137 688 1179 quas
708 1123 902 1180 episcopi
921 1123 1188 1173 clauserunt,
1208 1124 1426 1180 aperiunt.
1489 1123 1657 1167 Diuina

189 1191 414 1248 suspensis
438 1191 672 1242 celebrant,
692 1192 913 1248 sepeliunt
938 1196 1136 1235 mortuos
1165 1207 1275 1249 quos
1304 1193 1433 1237 reicit
1462 1193 1656 1237 Ecclesia

190 1263 240 1304 et
273 1260 406 1304 semel
437 1260 484 1303 in
515 1274 632 1304 anno
663 1260 836 1304 faciunt
866 1264 920 1305 ut
953 1265 1049 1305 toto
1079 1277 1196 1305 anno
1228 1277 1437 1306 erroneus
1467 1263 1657 1321 populus

138 1350 178 1386 ¹5
195 1330 252 1374 ad
264 1345 414 1374 uocem
431 1331 647 1374 Ecclesiae
662 1331 946 1375 obsurdescat
963 1346 972 1384 ;
1003 1334 1049 1375 et
1069 1332 1145 1389 qui
1165 1332 1385 1376 coherceri
1406 1348 1495 1376 non
1510 1337 1658 1391 potest
1677 1349 1702 1379 c

195 1400 418 1444 emendari
450 1400 734 1457 contempnit.
803 1400 1093 1445 Circumeunt
1131 1416 1236 1459 ergo
1275 1401 1489 1453 ecclesias,
1528 1402 1658 1446 colle-

194 1469 367 1527 giorum
387 1484 566 1512 suorum
592 1470 752 1513 merita
778 1474 1113 1528 praeconantur,
1138 1471 1399 1514 abolitiones
1422 1472 1658 1516 criminum

195 1541 387 1597 portant,
401 1541 448 1583 et
466 1539 690 1582 interdum
711 1540 968 1596 praedicant
988 1540 1268 1598 euangelium
1289 1555 1467 1592 nouum,
1487 1542 1659 1585 adulte-

196 1611 346 1653 rantes
378 1608 563 1652 uerbum
588 1608 683 1660 Dei,
707 1609 824 1666 quod
853 1610 1126 1653 annuntiant
1154 1624 1243 1653 non
1272 1610 1326 1653 ad
1359 1611 1551 1668 gratiam
1584 1612 1661 1655 sed

140 1695 181 1719 20
197 1678 254 1722 ad
285 1678 476 1736 pretium
500 1678 715 1729 uiuentes,
738 1678 795 1722 ad
822 1679 1098 1737 uoluptatem
1133 1694 1222 1723 non
1253 1680 1309 1723 ad
1338 1681 1587 1731 ueritatem,
1616 1685 1662 1725 et

198 1747 388 1799 tandem,
418 1762 518 1792 cum
553 1747 600 1790 in
634 1747 834 1791 latibulis
867 1763 966 1792 sero
995 1749 1277 1799 conueniunt,
1298 1750 1370 1794 die
1405 1750 1459 1793 de
1490 1750 1661 1794 uirtute

195 1817 331 1862 locuti
369 1817 542 1861 clunem
575 1818 751 1875 agitant
785 1833 931 1862 errore
965 1821 1011 1862 et
1042 1819 1191 1862 labore
1226 1823 1453 1863 nocturno.
1515 1821 1563 1864 Si
1599 1821 1662 1864 sic

196 1887 290 1931 itur
315 1886 372 1930 ad
398 1886 638 1939 Christum,
665 1887 806 1930 fallax
832 1891 878 1931 et
904 1903 1022 1931 uana
1042 1892 1110 1932 est
1124 1888 1326 1932 doctrina
1346 1893 1526 1947 patrum
1548 1905 1660 1948 quae

197 1960 341 2000 artam
379 1959 425 2000 et
462 1956 647 2000 arduam
686 1958 954 2001 monstrauit
992 1958 1112 2001 uiam
1153 1959 1323 2002 homini
1361 1959 1563 2002 tendenti
1604 1960 1662 2003 ad

143 2041 184 2076 ²5
198 2025 349 2069 uitam.
408 2023 520 2069 Cum
551 2040 658 2069 uero
685 2026 784 2069 istis
814 2026 1008 2070 Ecclesia
1036 2027 1308 2086 indignetur,
1339 2029 1450 2072 nulli
1481 2030 1661 2073 omnino

198 2094 380 2151 aequius
407 2098 740 2138 commonentur
764 2110 898 2152 quam
928 2096 1015 2139 uiri
1046 2112 1150 2140 uere
1177 2097 1371 2155 religiosi
1398 2098 1446 2140 in
1473 2114 1662 2155 quorum

199 2163 408 2206 iniuriam
435 2163 541 2208 haec
566 2165 715 2207 omnia
734 2164 1046 2208 refunduntur.
1107 2166 1345 2210 Succenset
1364 2168 1565 2225 populus,
1586 2169 1661 2211 sed

200 2231 427 2290 religiosae
442 2232 732 2290 professiones
747 2234 959 2278 aduersus
974 2235 1087 2278 hanc
1102 2236 1317 2293 ypocrisis
1337 2236 1480 2280 labem
1502 2238 1664 2281 iustius
1679 2245 1709 2285 d

202 2301 508 2345 amaricantur.
567 2302 671 2346 Non
691 2304 808 2346 enim
830 2305 911 2348 hoc
931 2304 1087 2348 fecisse
1106 2306 1318 2350 dicuntur
1336 2308 1566 2364 ypocritae
1586 2308 1662 2351 sed

146 2385 187 2418 30
205 2367 514 2413 Cistercienses
529 2373 608 2414 aut
623 2371 932 2417 Cluniacenses
947 2376 1028 2416 aut
1042 2374 1130 2427 alii,
1148 2389 1335 2432 quorum
1352 2376 1398 2418 hi
1415 2376 1662 2434 uentiloqui

209 2482 222 2508 1
250 2471 419 2508 atributa
435 2473 459 2509 S
540 2476 563 2510 6
587 2475 760 2513 dominus
777 2477 816 2513 M
905 2479 948 2515 16
972 2480 1219 2525 contempnat
1234 2478 1305 2516 0¹8
1385 2480 1588 2518 Circueunt
1603 2480 1664 2518 AS

208 2521 249 2556 18
275 2520 543 2566 euuangelium
561 2522 623 2558 cA
763 2526 809 2562 28
834 2524 1046 2572 hypocrisis
1063 2526 1159 2562 CBA

254 2619 271 2658 5
298 2613 574 2658 hospitalitatis:
600 2615 657 2651 Ad
673 2614 948 2663 Hospitalarios
965 2617 1132 2664 respicit.
1294 2620 1318 2656 6
1341 2632 1474 2666 panem
1492 2622 1589 2658 etc.:
1618 2616 1665 2658 cf.

206 2658 276 2713 [εει.
295 2658 321 2696 i.
341 2669 398 2713 34,
418 2668 481 2706 153
506 2661 663 2698 Malach.
683 2663 706 2700 i.
727 2672 748 2708 7
762 2675 864 2710 seqq.
978 2667 1032 2711 18,
1054 2676 1098 2710 19
1122 2668 1366 2703 adulterantes
1381 2670 1474 2705 etc.:
1499 2681 1530 2705 v.
1546 2679 1566 2704 2
1584 2669 1666 2705 Cor.

206 2717 247 2741 11.
267 2714 320 2751 17,
338 2718 384 2742 iv.
403 2717 435 2742 2.
565 2719 609 2747 21
636 2712 679 2746 de
695 2713 829 2747 uirtute
845 2714 936 2748 etc.:
963 2712 1041 2748 Iuv.
1059 2714 1134 2749 Sat.
1153 2713 1193 2750 ii.
1207 2724 1263 2757 20,
1283 2725 1339 2751 21.
1476 2726 1521 2760 24
1545 2722 1666 2751 artam

207 2755 279 2788 etc.
297 2765 307 2790 t
332 2765 366 2788 v.
385 2753 495 2792 Matt.
509 2754 570 2791 vii.
595 2766 651 2801 14.
789 2769 837 2803 30
859 2761 1057 2806 umiloqui
1068 2773 1077 2796 t
1103 2760 1183 2797 Hoc
1199 2761 1432 2807 vocabulum,
1451 2764 1549 2808 quod
1573 2763 1667 2799 alibi

207 2799 388 2846 scriptum
398 2811 475 2836 non
488 2803 649 2849 repperi,
661 2803 706 2840 de
716 2803 932 2842 hominibus
942 2810 1103 2843 uentosa
1115 2807 1356 2853 loquentibus
1366 2809 1667 2857 intellegendum

208 2847 603 2931 ξὲξὲῃὲὸξέἔικίεοηαω,
619 2852 847 2898 uaniloquum.
896 2853 1021 2890 Simili
1044 2866 1155 2891 sensu
1177 2857 1342 2902 windba9
1365 2858 1530 2894 utuntur
1549 2857 1667 2906 Angli

1497 2968 1560 3002 ¹99
