1988 3250
256 213 337 254 742
355 200 384 244 d
734 199 996 245 IOANNIS
1025 196 1541 244 SARESBERIENSIS
1647 197 1759 255 [Lm.
1774 205 1867 240 vnt

397 335 527 365 orum
546 320 717 379 legatos
736 319 853 365 forte
872 319 1102 378 peruenit3
1132 319 1209 377 qui
1229 319 1422 363 hominis
1441 321 1605 362 etatem
1620 332 1753 362 canos
1772 317 1868 360 eius

398 393 445 434 et
463 405 604 435 annos
624 390 884 448 assurgendi
903 390 1045 434 officio
1070 389 1272 432 uenerati
1299 392 1406 432 sunt
1434 388 1668 445 sedemque
1689 387 1729 430 ei
1749 387 1869 430 inter

398 460 518 518 ipsos
538 460 880 504 honoratissimo
905 459 1000 503 loco
1020 459 1254 503 dederunt.
1311 458 1440 511 Quod
1460 458 1538 500 ubi
1559 457 1655 500 fieri
1677 456 1869 514 populus

397 529 585 587 aspexit,
604 529 800 572 maximo
820 529 980 586 plausu
1000 528 1170 571 alienae
1190 527 1314 571 urbis
1337 527 1651 570 uerecundiam
1670 539 1868 582 compro-

398 598 538 643 bam’t.
597 598 767 642 Ferunt
797 601 905 641 tunc
939 612 1079 640 unum
1114 612 1139 641 e
1169 596 1498 640 Lacedemoniis
1532 596 1720 638 dixisse:
1751 594 1870 652 Ergo
1889 610 1907 644 5

397 668 693 712 Athenienses
713 667 822 725 quid
841 668 902 710 sit
921 670 1092 711 rectum
1112 666 1260 710 sciunt
1278 666 1355 709 sed
1385 665 1431 708 id
1457 665 1603 709 facere
1622 664 1870 723 negligunt.

399 798 507 857 Cap.
531 812 598 844 10.
641 798 819 856 Reyula
839 797 1135 842 conuiuandi
1154 812 1288 841 sensu
1307 801 1347 840 et
1357 797 1458 854 fere
1477 796 1627 841 uerbis
1646 795 1872 840 Macrobii

732 871 917 924 sumpta
935 867 990 910 de
1008 866 1124 910 libro
1145 866 1545 910 Satur-mierum.

252 973 332 1013 743
353 973 384 1003 a
457 959 679 1004 Videntur
706 959 822 1003 forte
849 974 1008 1017 pamm
1034 957 1185 1002 ciuilia
1208 960 1255 1001 et
1277 957 1586 1015 superstitiosa
1605 957 1738 1000 nimis
1758 971 1871 1014 quae

399 1030 455 1074 de
474 1030 611 1074 saeris
631 1030 831 1087 apicibus
850 1028 1165 1086 proferuntur3
1195 1029 1404 1079 ceterum,
1424 1029 1479 1070 ut
1497 1027 1653 1070 mitius
1687 1041 1872 1084 agamus
1892 1045 1934 1070 ιο

399 1099 641 1150 nobiscum,
670 1098 906 1156 gentilium
938 1097 1302 1155 philosophorum
1334 1096 1603 1140 conuiuandi
1635 1096 1791 1154 regula
1824 1096 1873 1140 in

400 1168 596 1212 medium
629 1168 899 1225 proferatur,
972 1167 1032 1210 Et
1067 1166 1246 1223 quidem
1278 1165 1428 1223 plures
1467 1166 1515 1208 in
1550 1166 1664 1209 hanc
1699 1168 1873 1223 partem

400 1237 642 1282 officiorum
672 1240 907 1295 praecepta
934 1236 1154 1280 dederunt
1180 1235 1256 1279 sed
1283 1235 1341 1278 ad
1368 1250 1576 1293 praesens
1599 1235 1729 1292 pauci
1754 1234 1873 1278 suffi-

399 1307 535 1351 ciunt.
595 1307 723 1350 Inter
737 1307 848 1350 alios
863 1306 1223 1350 Saturnaliorum
1238 1305 1351 1348 liber
1365 1305 1536 1362 primus
1551 1305 1744 1348 occurrit
1755 1304 1872 1355 talis,

400 1377 438 1420 si
474 1378 592 1420 recte
632 1376 909 1433 respiciatur,
945 1379 991 1419 et
1024 1377 1180 1418 tantus
1209 1377 1263 1418 ut
1291 1375 1429 1418 nichil
1459 1374 1639 1418 aliunde
1669 1376 1873 1432 oporteat
1891 1392 1933 1428 15

400 1445 611 1489 mutuari.
684 1445 799 1488 Eum
824 1460 929 1503 ergo
955 1445 1003 1487 in
1029 1444 1252 1502 praesenti
1276 1443 1472 1501 capitulo
1497 1458 1588 1487 non
1611 1447 1706 1487 tam
1737 1443 1873 1487 uesti-

400 1515 487 1574 giis
526 1530 660 1573 quam
700 1515 903 1573 passibus
941 1514 1217 1558 decreuimus
1255 1513 1423 1557 imitari
1464 1516 1510 1557 et
1548 1528 1606 1556 ex
1645 1513 1874 1571 opulentia

401 1583 696 1641 promptuarii
717 1584 787 1627 sui
807 1584 990 1627 cellulae
1010 1587 1188 1627 nostrae
1203 1583 1407 1641 supplere
1422 1582 1664 1640 angustias.
1725 1582 1875 1640 Siqui-

401 1653 502 1696 dem
522 1654 785 1711 conspicuus
804 1656 872 1697 est
891 1654 939 1696 in
959 1653 1203 1705 sententiis,
1224 1652 1272 1695 in
1295 1652 1444 1695 uerbis
1463 1652 1659 1702 floridus,
1679 1654 1726 1695 et
1745 1654 1875 1696 tanta

401 1736 575 1765 morum
600 1725 837 1766 uenustate
864 1722 1118 1765 redundans
1144 1725 1198 1765 ut
1223 1722 1271 1764 in
1298 1721 1581 1765 institutione
1604 1720 1800 1765 conuiuii
1828 1723 1875 1764 et
1893 1742 1937 1766 no

401 1791 731 1848 dispensatione
767 1791 1038 1835 Socraticam
1077 1791 1286 1835 uideatur
1315 1790 1593 1834 dulcedinem
1624 1789 1874 1848 propinare.

403 1860 484 1904 Ait
504 1875 635 1918 ergo:
666 1860 768 1904 Scio
787 1860 1125 1918 philosophiam,
1146 1875 1259 1918 quae
1283 1875 1432 1904 rerum
1456 1861 1655 1904 omnium
1675 1860 1874 1904 modera-

357 1940 387 1980 ι,
405 1930 498 1974 trix
518 1933 596 1980 est,
617 1930 699 1973 hoc
719 1930 912 1987 primum
940 1930 1276 1973 obseruaturam
1305 1932 1358 1973 ut
1384 1944 1531 1973 secum
1553 1930 1730 1973 estimet
1749 1943 1877 1987 prae-

403 1998 598 2043 sentium
619 1998 798 2059 ingenia
817 1999 1107 2042 conuiuarum
1129 2002 1186 2050 et,
1206 1999 1243 2042 si
1264 1998 1413 2056 plures
1438 1998 1604 2056 peritos
1623 1998 1696 2041 uel
1715 1998 1875 2042 saltem

403 2071 624 2111 amatores
648 2068 717 2110 sui
743 2067 790 2110 in
810 2068 1005 2111 conuiuii
1029 2068 1283 2112 societatem
1310 2068 1534 2125 repererit,
1554 2082 1798 2111 sermonem
1819 2067 1875 2111 de
1895 2087 1936 2123 ²⁵

404 2152 451 2181 se
491 2137 691 2194 patietur
730 2137 916 2195 agitari;
961 2138 1078 2195 quia,
1117 2138 1252 2181 uelud
1299 2152 1464 2195 paucae
1508 2137 1684 2180 litterae
1723 2139 1876 2180 mutae

405 2206 629 2264 dispersae
663 2206 781 2249 inter
812 2206 976 2250 multas
1014 2207 1188 2251 uocales
1222 2207 1268 2250 in
1304 2207 1558 2251 societatem
1590 2206 1711 2250 uocis
1746 2205 1877 2250 facile

407 2278 732 2326 mansuescunt,
748 2276 813 2319 ita
834 2276 1022 2320 rariores
1042 2276 1236 2334 imperiti
1257 2276 1502 2335 gaudentes
1522 2276 1742 2320 consortio
1761 2275 1878 2334 peri-

406 2398 429 2434 8
449 2402 531 2444 poet
546 2396 845 2434 Saturnaliomm
863 2398 946 2433 aad.
965 2398 1004 2433 et
1020 2396 1066 2435 de
1084 2396 1311 2435 scematibus
1329 2398 1368 2435 et
1386 2396 1432 2434 de
1450 2395 1620 2434 cauenda
1636 2395 1820 2433 ebrietate
1837 2397 1880 2434 et

407 2444 455 2481 de
472 2444 714 2481 obseruantia
730 2443 1014 2481 conuiuantium
1033 2447 1072 2480 et
1089 2445 1136 2482 de
1155 2444 1249 2481 Gaio
1272 2444 1421 2481 claudio
1446 2456 1572 2481 cesare
1598 2443 1750 2481 dicente
1804 2443 1880 2480 uod

405 2491 505 2529 sieut
522 2494 634 2528 naute
653 2491 844 2539 scopulum
863 2491 1017 2538 fugiunt
1034 2491 1085 2529 sic
1104 2492 1325 2539 fugiendum
1343 2494 1400 2528 est
1415 2492 1634 2539 infrequens
1654 2492 1694 2528 et
1715 2490 1797 2527 inso
1815 2502 1880 2527 ens

408 2538 566 2576 uerbum
587 2541 667 2584 Cyr.
812 2549 835 2585 9
859 2550 993 2586 parum
1013 2540 1108 2576 sorte
1125 2540 1158 2576 A
1316 2549 1355 2587 15
1384 2539 1608 2587 inspiciatur
1624 2538 1703 2575 c¹A
1720 2549 1835 2584 mam.
1854 2537 1879 2575 S

413 2588 455 2624 18
475 2584 702 2640 promtum-ii
719 2583 752 2621 A
895 2597 940 2622 20
964 2586 1090 2623 conuii
1110 2586 1135 2623 S
1278 2597 1323 2624 22
1348 2586 1640 2634 phylosophiam
1658 2585 1699 2622 M
1833 2595 1855 2622 2

407 2636 588 2671 societate
607 2631 646 2669 M
743 2633 952 2680 reppererit
968 2634 1000 2670 A
1016 2647 1024 2672 :
1053 2633 1223 2681 repperit
1239 2634 1278 2671 M
1423 2644 1468 2681 27
1494 2633 1646 2671 uocales
1663 2632 1803 2670 multas
1818 2633 1852 2670 A

435 2761 503 2806 “22
528 2752 608 2788 Seio
622 2751 891 2798 philosophiam
908 2753 978 2788 etc.
995 2763 1112 2798 usque
1129 2751 1178 2789 ad
1194 2753 1406 2788 conuiuium
1425 2751 1511 2798 (744
1524 2753 1592 2798 8):
1618 2748 1786 2788 Maerob.
1804 2751 1881 2788 Sat.

409 2810 481 2883 ΣΞ
495 2797 573 2883 ’3ῗέ
619 2808 771 2884 'delam
788 2809 866 2883 ἰξῷ.
874 2809 928 2884 ²0²}
940 2801 1644 2895 {ttzsslsstemtafflffla⁰'””·'“'”
1661 2799 1883 2836 mmm

522 2919 588 2962 284
