1988 3250
163 221 264 255 car.
276 208 379 270 xm]
664 207 1102 254 POLICRATIOVS
1635 210 1720 251 802
1738 220 1768 250 a

161 328 326 386 pietate
345 326 573 370 nudatum.
630 325 878 383 Imperator
902 328 1052 371 autem
1080 326 1213 370 silens
1236 327 1458 379 abscessit,
1477 327 1617 386 philo-

159 397 346 454 sophum
374 395 598 448 simulans,
627 397 681 438 ut
714 395 1009 438 ostentatione
1040 396 1282 451 patientiae
1315 397 1619 454 paganitatem

159 465 399 509 roboraret.
459 463 574 521 Lege
605 466 755 506 autem
787 462 984 507 inhibuit
1013 478 1069 506 ne
1104 463 1374 507 Galileorum
1405 465 1485 507 filii
1517 480 1617 522 poe-

158 535 306 576 tarum
345 533 571 576 rethorum
614 535 660 575 et
704 531 1063 590 philosophorum
1112 532 1310 589 legerent
1351 533 1617 590 disciplinas.

121 621 140 657 5
160 601 364 660 Propriis,
395 602 553 659 inquit,
583 601 685 645 telis
715 601 954 644 secundum
986 601 1270 660 prouerbium
1303 601 1616 654 uulneramur;

157 685 213 715 ex
241 671 403 715 nostris
432 672 549 714 enim
580 670 756 723 armati,
785 684 842 713 ex
872 669 1035 715 nostris
1063 670 1433 727 conscriptoribus
1462 674 1616 714 contra

155 753 236 783 nos
269 739 384 784 bella
417 739 674 798 suscipiunt.
733 739 885 782 Posuit
915 741 961 782 et
991 738 1124 783 aliam
1155 738 1310 796 legem,
1342 739 1616 796 praecipiens

156 808 346 857 Galileos
365 809 526 867 expelli
545 809 729 852 militiis.
789 808 965 852 Adiecit
990 811 1037 853 et
1063 808 1196 851 aliam
1217 811 1269 851 ut
1298 807 1480 851 Galileis
1499 808 1616 851 bona

155 878 450 932 auferrentur,
486 878 693 936 quoniam
728 877 933 922 Christus
972 892 1123 923 eorum
1154 892 1228 921 eos
1267 891 1483 935 pauperes
1520 892 1614 921 esse

97 961 140 988 ιο
155 950 447 1006 praeceperat.
505 948 693 1006 Scripsit
711 947 993 1006 Apollinaris,
1014 947 1087 991 uir
1106 947 1260 991 doctus
1280 950 1326 990 et
1345 947 1611 1004 ingeniosus,

154 1018 323 1075 eroycis
342 1017 542 1062 uersibus
560 1032 641 1075 pro
661 1017 843 1061 Homeri
863 1019 1063 1075 poemate
1084 1016 1348 1060 Hebraicam
1367 1017 1609 1074 antiquita·
1623 1014 1653 1054 b

153 1089 244 1130 tem
283 1089 329 1130 et
366 1087 414 1130 in
451 1087 539 1130 alio
577 1101 707 1144 opere
755 1086 956 1130 imitatus
994 1089 1063 1131 est
1109 1086 1327 1130 comedias
1377 1085 1611 1128 Menandri

153 1154 439 1199 fabulositate
459 1156 657 1200 deducta.
716 1155 940 1213 Euripidis
963 1170 1136 1213 quoque
1163 1155 1386 1212 tragedias
1409 1159 1456 1198 et
1482 1155 1611 1198 liram

154 1224 334 1268 Pindari
362 1227 537 1268 secutus
561 1227 652 1278 est;
680 1227 726 1268 et
754 1224 953 1268 absolute
974 1224 1208 1269 dicendum
1234 1225 1350 1281 quia,
1371 1239 1427 1267 ex
1446 1224 1612 1268 diuinis

96 1305 135 1341 ¹5
152 1293 381 1351 scripturis
428 1297 689 1352 argumenta
736 1308 924 1346 sumens,
963 1309 1115 1340 omnes
1158 1294 1360 1338 enciclias
1404 1294 1612 1337 lectiones

151 1365 347 1420 tempore
366 1377 505 1421 paruo
530 1364 783 1421 composuit,
806 1378 990 1407 numero
1012 1364 1182 1407 uirtute
1208 1364 1404 1407 moribus
1423 1364 1611 1407 conscri-

150 1432 301 1489 ptione
340 1432 566 1476 karactere
614 1436 660 1476 et
699 1433 984 1491 dispositione
1023 1433 1262 1476 Grecorum
1302 1433 1433 1476 ualde
1471 1447 1610 1490 pares.

150 1500 273 1544 Fecit
293 1504 338 1545 et
356 1501 518 1545 librum
537 1501 727 1545 nobilem
743 1502 814 1544 Ad
834 1502 978 1560 ipsum
999 1502 1316 1560 Imperatorem
1332 1502 1426 1545 siue
1442 1501 1611 1546 Contra

151 1567 448 1627 Philosophos,
480 1570 526 1613 in
561 1584 648 1627 quo
687 1571 835 1614 tacitis
869 1586 1017 1616 sacrae
1050 1572 1305 1629 Scripturae
1345 1572 1610 1616 testimoniis

93 1653 136 1680 ιο
150 1637 248 1681 illos
259 1638 553 1697 irrefragabili
569 1640 739 1683 ratione
754 1640 951 1698 desipere
966 1641 1174 1699 probauit
1194 1645 1239 1684 et
1254 1656 1299 1684 se
1319 1656 1426 1684 uera
1445 1642 1610 1685 sentire

150 1705 205 1750 de
219 1706 324 1751 Deo.
365 1707 487 1761 Quae
502 1707 650 1766 legens
662 1709 902 1766 imperator
913 1710 1043 1753 claris
1059 1714 1164 1754 tunc
1178 1711 1354 1768 scripsit
1369 1711 1581 1768 episcopis
1597 1727 1607 1754 ε

149 1774 256 1834 Legi
271 1779 316 1820 et
330 1777 600 1834 reprehendi.
657 1777 741 1822 Cui
754 1779 943 1836 episcopi
960 1780 1300 1837 rescripserunt:
1332 1780 1427 1823 Etsi
1448 1780 1607 1837 legisti,

147 1859 237 1888 non
267 1846 512 1903 agnouisti3
547 1847 584 1890 si
617 1847 734 1890 enim
765 1848 1031 1905 agnouisses,
1061 1863 1339 1906 nequaquam
1371 1850 1604 1906 reprehen-
1623 1862 1648 1892 c

149 1913 296 1958 disses.
327 1915 479 1958 Basilii
491 1918 638 1959 autem
646 1915 921 1974 Capadoceni
933 1917 1129 1962 creditur
1140 1918 1246 1961 haec
1260 1918 1396 1961 fuisse
1408 1918 1605 1976 epistola.

90 1996 132 2032 ιε
149 1982 340 2027 Veniens
359 1983 639 2028 Antiochiam
659 1986 898 2043 imperator
917 2001 968 2031 eo
988 1987 1104 2044 quod
1125 1988 1165 2030 ei
1186 1992 1300 2031 esset
1318 1988 1456 2032 barba
1475 1988 1606 2031 ualde

149 2053 363 2110 promissa
381 2053 550 2097 derisus
569 2058 647 2106 est,
662 2055 909 2100 dicentibus
924 2056 1239 2101 Antiochenis:
1269 2058 1535 2110 Tondeatur,
1552 2061 1607 2101 ut

148 2121 206 2164 ad
237 2121 366 2165 funes
398 2122 536 2167 barba
569 2124 662 2168 eius
702 2125 914 2182 proficiat.
972 2126 1042 2177 Et,
1077 2127 1182 2183 quia
1211 2130 1390 2170 taurum
1425 2143 1604 2171 consue-

148 2194 276 2234 uerat
304 2191 540 2245 immolare,
559 2195 737 2237 taurum
766 2197 811 2238 et
840 2210 962 2239 aram
983 2210 1063 2239 suo
1093 2195 1275 2239 formari
1305 2198 1526 2254 praecepit
1556 2197 1605 2240 in

149 2259 268 2302 solio.
327 2260 586 2305 Lacerantes
611 2277 715 2320 ergo
734 2264 960 2309 dicebant:
991 2265 1082 2308 Iste
1108 2269 1265 2309 taurus
1291 2267 1454 2310 euertit
1477 2281 1603 2309 mun-

92 2341 135 2376 30
150 2327 280 2381 dum3
309 2331 366 2380 et,
384 2329 470 2372 nisi
496 2344 596 2374 eum
623 2331 834 2395 Ijbanius
859 2339 1118 2386 reuocasset,
1147 2335 1347 2393 grauiter
1375 2336 1605 2379 afflixisset

150 2449 183 2494 3,
201 2450 224 2484 4
248 2440 473 2485 poetharum
490 2440 551 2477 CB
648 2453 686 2480 11
713 2443 844 2481 eroicis
861 2443 885 2481 S
957 2445 1145 2483 ebraicam
1164 2445 1229 2483 SM
1329 2457 1370 2484 12
1389 2446 1586 2484 Menandri

148 2498 192 2523 m
221 2487 379 2523 euandri
405 2487 537 2525 OBA¹1
574 2490 731 2527 euandri
757 2491 829 2528 A¹:
867 2493 1064 2529 menandri
1096 2493 1162 2529 SM
1329 2503 1369 2540 15
1406 2495 1585 2532 enciclias

149 2566 349 2622 encleticas
376 2535 646 2623 M:-i.gnrt1?1}«=iiffi
664 2570 725 2608 As
865 2584 923 2617 20,
954 2584 994 2610 21
1033 2574 1081 2611 de
1111 2575 1180 2612 deo
1206 2574 1342 2611 sentire
1367 2574 1413 2611 Αι
1554 2587 1573 2612 2
1579 2585 1598 2623 5

147 2617 356 2662 imperator
371 2616 601 2653 antiochiam
618 2617 658 2654 M
797 2619 843 2658 26
868 2620 1016 2667 prolixa
1029 2621 1119 2658 A²S¹
1212 2622 1424 2659 antiocenis
1441 2621 1480 2659 S¹

197 2723 217 2759 3
242 2715 333 2759 Leye
352 2715 446 2750 etc.:
475 2726 508 2750 v.
526 2714 687 2752 Cassiod.
703 2718 799 2754 Hist.
819 2719 917 2765 Tru'p.
935 2718 982 2756 vi.
1003 2729 1059 2765 17.
1246 2722 1270 2758 6
1295 2733 1341 2757 ex
1363 2724 1496 2758 nostris
1518 2734 1602 2759 con-

146 2762 400 2814 scriptoribus:
425 2765 743 2809 conscriptionibus
758 2765 918 2802 Cassiod.
1136 2769 1157 2804 8
1181 2769 1323 2805 Adiecit
1338 2771 1434 2806 etc.:
1459 2782 1491 2806 v.
1508 2769 1599 2806 ibid.

146 2818 290 2892 ζῖὲξξς.17
316 2810 610 2902 ὶῦἰᾶῖἳίδῗέρείι
625 2812 853 2858 Apollinaris
868 2815 960 2851 etc.:
987 2825 1020 2852 v.
1036 2813 1126 2852 ibid.
1142 2814 1192 2852 vi.
1209 2824 1265 2862 37.
1376 2825 1418 2863 25
1450 2818 1604 2854 Vem'em

1428 2919 1491 2961 387
