1988 3250
226 225 315 274 605
332 222 363 264 d
707 223 968 268 IOANNIS
1008 223 1524 268 SARESBERIENSIS
1674 223 1783 281 [ΜΒ.
1799 233 1854 268 vr

378 347 424 387 et
454 343 620 402 impius
653 344 792 390 miles.
857 344 976 398 Quid
1007 344 1126 388 enim
1159 344 1368 401 iniquius,
1402 343 1510 401 quid
1544 343 1850 388 detestabilius

378 428 514 470 quam
552 414 648 457 sine
685 414 791 458 fidei
829 415 1081 458 reuerentia
1126 413 1310 471 aggredi
1357 413 1568 470 quicquid
1611 413 1850 458 dictauerit

378 483 650 540 imperator'ss
708 483 870 526 Nonne
890 483 1009 541 apud
1029 498 1181 526 omnes
1201 498 1292 526 uox
1313 482 1493 527 funesta
1513 486 1580 527 est
1595 486 1641 527 et
1660 483 1852 528 crudelis

378 551 595 608 plenaque
623 552 857 609 perfidiae·

497 621 677 664 Pectore
707 621 745 664 si
775 621 931 664 fratris
959 621 1159 679 gladium
1189 621 1430 678 iuguloque
1459 621 1657 678 parentis
1870 634 1894 671 5

495 679 682 722 condere
711 694 782 722 me
812 680 965 722 iubeas
995 680 1237 736 plenaeque
1268 680 1316 722 in
1345 680 1516 722 uiscera
1543 682 1701 736 partus

494 737 707 795 coniugis,
735 738 882 780 inuita
910 752 1119 805 peragam
1149 742 1299 780 tamen
1329 738 1479 780 omnia
1508 737 1691 790 dextra3

494 799 641 838 castra
670 810 803 852 super
831 796 962 839 Tusci
992 797 1030 838 si
1059 811 1222 853 ponere
1251 795 1461 862 Tybridis
1490 795 1645 847 undas,

496 853 701 910 Esperios
731 853 879 896 audax
908 854 1086 896 ueniam
1116 857 1307 897 metator
1335 854 1383 896 in
1414 868 1556 911 agros.

494 911 563 954 Tu
593 926 890 969 quoscumque
919 912 1042 955 uoles
1072 913 1119 954 in
1149 913 1332 969 planum
1363 912 1588 955 effundere
1616 926 1778 963 muros,
1872 930 1914 957 ιο

494 970 566 1012 his
594 970 709 1013 aries
739 973 864 1013 actus
893 970 1119 1028 disperget
1148 986 1257 1013 saxa
1286 970 1474 1021 lacertis,

494 1028 573 1070 illa
602 1028 705 1071 licet
733 1029 912 1085 penitus
941 1029 1039 1071 tolli
1068 1043 1202 1086 quam
1231 1029 1412 1072 iusseris
1441 1028 1597 1071 urbem

495 1086 638 1129 Roma
666 1086 736 1129 sit.

380 1153 500 1207 Quid
529 1154 718 1211 nequius
741 1154 828 1198 dici
852 1155 1001 1212 potuit
1028 1158 1073 1199 et
1103 1155 1221 1198 unde
1251 1155 1394 1213 magis
1424 1156 1615 1207 deberet,
1641 1155 1679 1199 si
1709 1154 1854 1199 fidelis

380 1227 507 1274 esset,
526 1224 752 1266 Romanus
766 1224 1009 1281 imperator
1027 1225 1221 1269 offendi?
1270 1225 1326 1267 In
1342 1240 1392 1268 eo
1408 1239 1599 1282 namque
1614 1225 1853 1269 sceleratus
1873 1245 1914 1281 15

223 1299 315 1338 606
335 1308 365 1337 a
381 1293 508 1336 miles
526 1293 631 1336 fidei
651 1308 756 1336 suae
775 1293 909 1336 fidem
936 1293 1081 1337 facere
1105 1294 1280 1337 studuit
1303 1294 1421 1338 unde
1446 1295 1639 1352 seipsum
1659 1295 1854 1338 maxime

380 1362 604 1405 infidelem
637 1365 683 1405 et
717 1363 935 1419 perfidum
970 1378 1063 1406 esse
1097 1364 1302 1407 conuicit.
1363 1364 1528 1422 Magna
1567 1364 1746 1421 quidem
1785 1378 1854 1407 re-

380 1432 584 1475 uerentia
603 1431 791 1475 debetur
805 1432 917 1483 duci,
930 1433 1007 1475 sed
1027 1433 1130 1476 fidei
1151 1433 1364 1491 religione
1384 1437 1573 1477 seruata.
1625 1433 1856 1487 Quaedam

380 1502 446 1544 ita
476 1501 722 1544 necessaria
751 1505 857 1544 sunt
886 1505 939 1545 ut
967 1503 1228 1546 mandatum
1258 1518 1347 1546 non
1377 1506 1612 1560 expectent
1624 1516 1634 1556 ;
1673 1503 1762 1546 alia
1791 1502 1854 1546 sic

381 1571 663 1614 detestabilia
677 1574 730 1614 ut
744 1571 917 1613 nullum
932 1572 1112 1615 omnino
1127 1573 1388 1615 mandatum
1404 1572 1659 1617 admittant.
1705 1572 1855 1615 Media
1874 1589 1919 1614 ιο

382 1640 573 1697 quidem,
594 1654 706 1696 quae
736 1654 879 1696 neque
911 1644 1017 1684 sunt
1046 1642 1290 1684 necessaria
1321 1641 1435 1684 bona
1463 1656 1544 1685 nec
1573 1642 1856 1686 detestabilia

382 1709 511 1761 mala,
531 1710 780 1753 consistunt
799 1710 846 1752 in
871 1709 1057 1753 arbitrio
1082 1711 1387 1768 praesidentis.
1444 1711 1567 1754 Velit
1589 1711 1703 1754 nolit
1729 1726 1855 1768 prae·

383 1779 539 1830 fectus,
559 1795 616 1822 ex
635 1779 897 1823 necessitate
923 1779 1029 1823 boni
1049 1780 1301 1838 diligendus
1321 1783 1389 1823 est
1409 1780 1542 1824 Deus.
1601 1780 1723 1824 Velit
1742 1781 1857 1824 nolit

382 1848 645 1906 praefectus,
652 1863 709 1891 ex
721 1849 894 1892 malitia
906 1849 1158 1906 iniquitatis
1170 1852 1238 1892 est
1249 1849 1518 1892 adulterium
1531 1849 1855 1893 declinandum.

382 1918 447 1961 At
460 1919 654 1962 militare
669 1918 741 1962 uel
761 1933 851 1961 non
866 1918 1071 1969 militare,
1087 1918 1237 1977 egredi
1253 1918 1325 1962 uel
1340 1933 1429 1962 non
1444 1919 1606 1977 egredi,
1622 1922 1855 1976 ceteraque
1874 1939 1916 1975 25

383 2002 496 2044 quae
526 1987 778 2045 philosophi
810 1987 1110 2030 indifferentia
1144 1990 1367 2045 reputant,
1395 1988 1453 2031 ad
1483 1988 1723 2046 praepositi
1755 1989 1856 2031 dili-

382 2057 581 2113 gentiam
620 2060 666 2099 et
705 2057 1002 2100 reuerentiam
1042 2060 1255 2114 spectant.
1315 2057 1371 2100 In
1410 2057 1480 2101 his
1519 2058 1605 2101 nisi
1645 2058 1857 2102 mandato

335 2132 364 2171 b
384 2126 677 2183 praesidentis
716 2126 892 2169 oculum
932 2126 1104 2183 aperire
1143 2127 1286 2169 instar
1324 2127 1522 2170 criminis
1557 2131 1636 2178 est,
1675 2130 1756 2170 aut
1799 2142 1857 2171 ex

382 2195 569 2238 scientia
597 2210 679 2238 sua
707 2195 765 2239 ad
795 2195 1108 2252 cuiuscumque
1137 2196 1282 2253 operis
1311 2195 1507 2240 fructum
1537 2211 1719 2240 manum
1749 2196 1857 2240 irre-

384 2268 592 2307 uerenter
623 2264 872 2308 extendere.
933 2264 1004 2308 Sit
1038 2279 1164 2308 cecus
1197 2265 1244 2308 in
1279 2266 1361 2309 hac
1392 2268 1520 2323 parte
1549 2265 1773 2310 subiectus
1804 2268 1858 2310 ut
1873 2282 1917 2316 30

385 2333 529 2387 uiuat,
549 2333 655 2391 quia
676 2348 953 2391 quacumque
977 2334 1048 2377 die
1069 2335 1195 2391 quasi
1223 2350 1279 2378 ex
1306 2335 1487 2392 propria
1512 2334 1775 2379 discretione
1799 2336 1858 2380 ad

384 2403 586 2446 arborem
608 2403 830 2454 scientiae,
851 2418 983 2461 quam
1005 2404 1089 2447 sibi
1110 2408 1156 2447 et
1176 2404 1386 2461 praelatis
1407 2408 1606 2448 reseruat
1626 2404 1856 2457 Dominus,

384 2472 664 2515 temerariam
687 2487 866 2514 manum
884 2472 1066 2525 miserit,
1084 2473 1288 2530 laqueum
1311 2474 1465 2516 mortis
1486 2474 1684 2517 incurrit.
1737 2475 1856 2528 Quid

384 2541 502 2584 enim
536 2541 699 2583 bonum
733 2544 813 2583 aut
847 2541 1012 2584 malum
1048 2542 1094 2584 in
1126 2542 1291 2585 talibus
1321 2542 1381 2585 sit
1410 2557 1499 2586 non
1529 2543 1632 2586 licet
1662 2543 1857 2589 iudicare

384 2610 606 2660 subiectis,
635 2609 742 2652 dum
778 2609 910 2667 plena
943 2610 1193 2653 reuerentia
1225 2611 1488 2669 praepositis
1517 2612 1783 2657 exhibeatur
1812 2617 1858 2658 et
1875 2627 1918 2664 35

384 2679 528 2723 fidelis
556 2678 809 2722 obedientia
836 2679 1159 2724 mandatorum.

388 2773 432 2811 19
407 2750 589 2810 non]
570 2749 644 2800 nec
657 2763 695 2799 Μ

384 2817 960 2894 mmmm
975 2835 999 2872 i.
1017 2836 1381 2882 376-378‚381-386.
1436 2839 1687 2884 17,18M09na
1700 2851 1862 2878 nuento-

385 2885 439 2921 ua
452 2885 618 2923 debetur·
645 2896 678 2923 v.
687 2883 766 2921 luv.
773 2886 848 2921 Sat.
859 2883 929 2921 xiv.
937 2892 995 2929 ⁴7·
1098 2894 1139 2931 3¹
1161 2895 1380 2931 quacumque
1399 2886 1458 2922 dte
1476 2887 1548 2924 etc.
1569 2898 1578 2924 ε
1606 2898 1640 2925 v.
1647 2887 1756 2926 Gen?
1746 2887 1788 2927 1i.
1803 2897 1861 2936 17.

496 2949 536 2983 32
